Product ID,Product Name,Cat Website,Price,Price/Kg,Promotion,Innovation,Link,Image,Stock Status
311825614,Tesco Gonk Plastic Drinks Dispenser,https://www.tesco.com/groceries/en-GB/shop/home-and-ents/all?department=Christmas%20Gifts&viewAll=department&page=,£8.00,£8.00/each,,New,/groceries/en-GB/products/311825614,https://digitalcontent.api.tesco.com/v2/media/ghs/8456b0fe-8cf7-4c55-b456-2e8c0808d1aa/cde2c673-9241-435c-9af3-4925c6ccf302_2044446393.jpeg?h=225&w=225,
311825620,Tesco Disney Mickey & Minnie Drink Dispenser,https://www.tesco.com/groceries/en-GB/shop/home-and-ents/all?department=Christmas%20Gifts&viewAll=department&page=,£8.00,£8.00/each,,New,/groceries/en-GB/products/311825620,https://digitalcontent.api.tesco.com/v2/media/ghs/d22e961f-d02e-4895-af3d-888479058d43/95ef88b6-d27c-48bd-b589-c670fbd7d746_788718938.jpeg?h=225&w=225,
311722465,Tesco Disney Villains Mug,https://www.tesco.com/groceries/en-GB/shop/home-and-ents/all?department=Christmas%20Gifts&viewAll=department&page=,£4.50,£4.50/each,,New,/groceries/en-GB/products/311722465,https://digitalcontent.api.tesco.com/v2/media/ghs/07da77f7-e50b-4ba6-8d11-d1f6d212e959/30d2de7f-ae77-4ded-ad23-b3b46b64f51d_1704662902.jpeg?h=225&w=225,
311722471,Tesco Disney Belle Mug,https://www.tesco.com/groceries/en-GB/shop/home-and-ents/all?department=Christmas%20Gifts&viewAll=department&page=,£4.50,£4.50/each,,New,/groceries/en-GB/products/311722471,https://digitalcontent.api.tesco.com/v2/media/ghs/7df4c044-a46c-4fa2-a960-4ae36cbf74bf/1000f08a-ecf5-4c6f-8d98-1fe15d84a304_1364928767.jpeg?h=225&w=225,
311825643,Tesco Disney Mickey Lidded Plastic Cup,https://www.tesco.com/groceries/en-GB/shop/home-and-ents/all?department=Christmas%20Gifts&viewAll=department&page=,£4.00,£4.00/each,,New,/groceries/en-GB/products/311825643,https://digitalcontent.api.tesco.com/v2/media/ghs/b6583f78-2e45-4984-8a30-504f7614e606/648fa3fe-ef0a-406e-b509-9e1a3e3b5528_2122062172.jpeg?h=225&w=225,
311679130,Sprout Self Inflating Whoopee Cushion,https://www.tesco.com/groceries/en-GB/shop/home-and-ents/all?department=Christmas%20Gifts&viewAll=department&page=,£3.00,£3.00/each,,New,/groceries/en-GB/products/311679130,https://digitalcontent.api.tesco.com/v2/media/ghs/95f59eb7-8641-48b6-b347-c15b5a63ef85/c6917982-3d5f-4b14-ab8e-c4ec46ef9685_1667989832.jpeg?h=225&w=225,
312083395,Christmas Jokes Toilet Roll,https://www.tesco.com/groceries/en-GB/shop/home-and-ents/all?department=Christmas%20Gifts&viewAll=department&page=,£3.00,£3.00/each,,New,/groceries/en-GB/products/312083395,https://digitalcontent.api.tesco.com/v2/media/ghs/3d67fbd1-60ed-4ee5-877a-0b660e79a558/344f4808-1b5d-4742-824b-d246b348f9b4_1053774504.jpeg?h=225&w=225,
311722488,Tesco Disney Marvel Superhero Mug,https://www.tesco.com/groceries/en-GB/shop/home-and-ents/all?department=Christmas%20Gifts&viewAll=department&page=,£3.50,£3.50/each,,New,/groceries/en-GB/products/311722488,https://digitalcontent.api.tesco.com/v2/media/ghs/fc51a652-9eed-4fae-9704-52d36c2f416a/6c0ab7b8-3b99-48d5-8719-c8c7c8126d98_535495426.jpeg?h=225&w=225,
311722505,Tesco Disney Yoda Mug,https://www.tesco.com/groceries/en-GB/shop/home-and-ents/all?department=Christmas%20Gifts&viewAll=department&page=,£3.50,£3.50/each,,New,/groceries/en-GB/products/311722505,https://digitalcontent.api.tesco.com/v2/media/ghs/6b760fd1-b545-4254-87f3-04bf6b0cffcc/38742d1b-5b41-495e-8e52-bc96def63057_735256878.jpeg?h=225&w=225,
311722494,Tesco Disney I Need Space Buzz Mug,https://www.tesco.com/groceries/en-GB/shop/home-and-ents/all?department=Christmas%20Gifts&viewAll=department&page=,£3.50,£3.50/each,,New,/groceries/en-GB/products/311722494,https://digitalcontent.api.tesco.com/v2/media/ghs/f4c08431-2316-49c5-8a89-eb89f4704fe1/02ec19b4-afab-4c05-88ef-e24cd3baf3da_308774934.jpeg?h=225&w=225,
312091477,Hyggely & Friends Hot Chocolate Mug Melt,https://www.tesco.com/groceries/en-GB/shop/home-and-ents/all?department=Christmas%20Gifts&viewAll=department&page=,£2.00,£2.00/each,,New,/groceries/en-GB/products/312091477,https://digitalcontent.api.tesco.com/v2/media/ghs/db4a7540-0fa6-45a5-8c7e-d08b57634999/4dcfcfcb-ffb0-492e-93b5-56cdf7fefbb2_944314918.jpeg?h=225&w=225,
311825507,Tesco Gonk Swirly Straw,https://www.tesco.com/groceries/en-GB/shop/home-and-ents/all?department=Christmas%20Gifts&viewAll=department&page=,£2.50,£2.50/each,,New,/groceries/en-GB/products/311825507,https://digitalcontent.api.tesco.com/v2/media/ghs/ebbc4afb-0220-471d-a995-e12c2954d391/7676f705-a9d1-478c-ad6a-b6b52192c226_491455548.jpeg?h=225&w=225,
311825539,Tesco Gonk Christmas Drinking Jar,https://www.tesco.com/groceries/en-GB/shop/home-and-ents/all?department=Christmas%20Gifts&viewAll=department&page=,£2.50,£2.50/each,,New,/groceries/en-GB/products/311825539,https://digitalcontent.api.tesco.com/v2/media/ghs/bd7a388b-2165-4419-b961-467193965376/5d242f25-26ed-402b-a227-f7c9f4a56e23_379243571.jpeg?h=225&w=225,
311825608,Tesco Rudi Swirly Straw,https://www.tesco.com/groceries/en-GB/shop/home-and-ents/all?department=Christmas%20Gifts&viewAll=department&page=,£2.50,£2.50/each,,New,/groceries/en-GB/products/311825608,https://digitalcontent.api.tesco.com/v2/media/ghs/2b8b35aa-6398-40a4-90e9-ef61a064f660/f9ce5ab5-2cca-4c98-89e3-a3f611e69b33_1567283095.jpeg?h=225&w=225,
311825637,Tesco Disney Classic Minnie Swirly Straw,https://www.tesco.com/groceries/en-GB/shop/home-and-ents/all?department=Christmas%20Gifts&viewAll=department&page=,£2.50,£2.50/each,,New,/groceries/en-GB/products/311825637,https://digitalcontent.api.tesco.com/v2/media/ghs/34a61bb3-4f8b-4e75-8d62-a0c8d7a572b4/c6cf5eaf-51a2-4e5b-a154-7da31284cc16_1953159152.jpeg?h=225&w=225,
311825568,Tesco Disney Classic Mickey Swirly Straw,https://www.tesco.com/groceries/en-GB/shop/home-and-ents/all?department=Christmas%20Gifts&viewAll=department&page=,£2.50,£2.50/each,,New,/groceries/en-GB/products/311825568,https://digitalcontent.api.tesco.com/v2/media/ghs/f6b872d1-f9dd-4fb5-95c9-c80aa23cfb96/afdb95d4-6e9b-417b-bbbb-b8b8b0e3fcd7_154866981.jpeg?h=225&w=225,
312143411,Tesco Humble 2023 A6 Wtv Diary,https://www.tesco.com/groceries/en-GB/shop/home-and-ents/all?department=Christmas%20Gifts&viewAll=department&page=,£1.00,£1.00/each,,New,/groceries/en-GB/products/312143411,https://digitalcontent.api.tesco.com/v2/media/ghs/eab3be87-5056-44f0-8a3e-01edff950615/9f5bfb58-17e6-4602-bc76-beaa0576f705_970679637.jpeg?h=225&w=225,
312214647,Casebound Slim Wtv Diary 2023,https://www.tesco.com/groceries/en-GB/shop/home-and-ents/all?department=Christmas%20Gifts&viewAll=department&page=,£1.00,£1.00/each,,New,/groceries/en-GB/products/312214647,https://digitalcontent.api.tesco.com/v2/media/ghs/5a5d7886-04bd-4143-8bd2-9e8aa5ea106e/5666372e-a79f-4a90-a4ad-fd5717b3143c_988058341.jpeg?h=225&w=225,
311948707,Rpsb Birds 2023 Calendar Slim,https://www.tesco.com/groceries/en-GB/shop/home-and-ents/all?department=Christmas%20Gifts&viewAll=department&page=,£4.00,£4.00/each,,,/groceries/en-GB/products/311948707,https://digitalcontent.api.tesco.com/v2/media/ghs/cd8c3709-6f9d-4563-84b2-5a96045875e0/11a999ac-52b0-47f9-9eca-97610a7dc569_93953226.jpeg?h=225&w=225,
312215079,National Trust Coast & Countryside 2023,https://www.tesco.com/groceries/en-GB/shop/home-and-ents/all?department=Christmas%20Gifts&viewAll=department&page=,£4.00,£4.00/each,,,/groceries/en-GB/products/312215079,https://digitalcontent.api.tesco.com/v2/media/ghs/cd4c073d-a2db-4f27-888c-0723a14e5984/144000b8-53a8-4b6e-a162-0323567d463b_1300008640.jpeg?h=225&w=225,
306730382,Frog Book Light,https://www.tesco.com/groceries/en-GB/shop/home-and-ents/all?department=Christmas%20Gifts&viewAll=department&page=,£5.00,£5.00/each,,,/groceries/en-GB/products/306730382,https://digitalcontent.api.tesco.com/v2/media/ghs/8e073c8f-c48f-431c-90e5-6872788372ea/snapshotimagehandler_1696890193.jpeg?h=225&w=225,
310246742,Tesco Green Disney Winnie The Pooh Mug,https://www.tesco.com/groceries/en-GB/shop/home-and-ents/all?department=Christmas%20Gifts&viewAll=department&page=,£4.00,£4.00/each,,New,/groceries/en-GB/products/310246742,https://digitalcontent.api.tesco.com/v2/media/ghs/98eb58f4-e38c-4871-9831-7aa63ff36b23/029b1827-b3c0-4c06-ae19-61c4552303c5_1598014382.jpeg?h=225&w=225,
310669564,Alice Scott Soy Candle 195G,https://www.tesco.com/groceries/en-GB/shop/home-and-ents/all?department=Christmas%20Gifts&viewAll=department&page=,£5.00,£2.57/100g,,New,/groceries/en-GB/products/310669564,https://digitalcontent.api.tesco.com/v2/media/ghs/ccd7f399-5401-4a4c-b04c-1df1ed727ceb/077d92cf-6c73-4109-a685-7d73c4130044_1969479933.jpeg?h=225&w=225,
312232058,Penguins 2023 Calendar Slim,https://www.tesco.com/groceries/en-GB/shop/home-and-ents/all?department=Christmas%20Gifts&viewAll=department&page=,£4.00,£4.00/each,,New,/groceries/en-GB/products/312232058,https://digitalcontent.api.tesco.com/v2/media/ghs/9ca5de51-d1bd-4748-8466-6211f438a7fb/46ae3c8e-f886-490d-bab4-79bdf984c46e_1724868783.jpeg?h=225&w=225,
312232058,Penguins 2023 Calendar Slim,https://www.tesco.com/groceries/en-GB/shop/home-and-ents/all?department=Christmas%20Gifts&viewAll=department&page=,£4.00,£4.00/each,,New,/groceries/en-GB/products/312232058,https://digitalcontent.api.tesco.com/v2/media/ghs/9ca5de51-d1bd-4748-8466-6211f438a7fb/46ae3c8e-f886-490d-bab4-79bdf984c46e_1724868783.jpeg?h=225&w=225,
312210482,Winnie The Pooh Kindness Always 2023 Calendar,https://www.tesco.com/groceries/en-GB/shop/home-and-ents/all?department=Christmas%20Gifts&viewAll=department&page=,£4.00,£4.00/each,,New,/groceries/en-GB/products/312210482,https://digitalcontent.api.tesco.com/v2/media/ghs/b8b5afb5-30e6-4006-bd4b-3ac0135e5c42/3d44d81f-e985-46cd-86cd-0a8408b1a84b_12103725.jpeg?h=225&w=225,
311946972,Puppies 2023 Calendar Slim,https://www.tesco.com/groceries/en-GB/shop/home-and-ents/all?department=Christmas%20Gifts&viewAll=department&page=,£4.00,£4.00/each,,New,/groceries/en-GB/products/311946972,https://digitalcontent.api.tesco.com/v2/media/ghs/c9c92b29-0f86-4a99-810e-350a1a5381ea/95ba2cf9-98c0-4e86-b9c7-7ec216fbaded_745089529.jpeg?h=225&w=225,
311825317,Tesco Robin Glass Latte,https://www.tesco.com/groceries/en-GB/shop/home-and-ents/all?department=Christmas%20Gifts&viewAll=department&page=,£2.00,£2.00/each,,,/groceries/en-GB/products/311825317,https://digitalcontent.api.tesco.com/v2/media/ghs/c1e0279a-04d2-44f2-828f-b4ac54506041/04eed40e-2467-494a-a643-9d3902779f86_340095864.jpeg?h=225&w=225,
312162440,Go Create Christmas Activity Book,https://www.tesco.com/groceries/en-GB/shop/home-and-ents/all?department=Christmas%20Gifts&viewAll=department&page=,£1.50,£1.50/each,,New,/groceries/en-GB/products/312162440,https://digitalcontent.api.tesco.com/v2/media/ghs/fe00ac13-47bd-4d10-b393-e67900a6056a/4b76834c-c34a-4d07-9ff9-9054a1c9719a_1424851249.jpeg?h=225&w=225,
312162457,Go Create Christmas Colouring Book,https://www.tesco.com/groceries/en-GB/shop/home-and-ents/all?department=Christmas%20Gifts&viewAll=department&page=,£1.25,£1.25/each,,New,/groceries/en-GB/products/312162457,https://digitalcontent.api.tesco.com/v2/media/ghs/6a293f32-43f1-4102-acce-8efdc2689897/1c2c063d-fff5-4b9f-b4ad-dcf3f70dc4e0_1871270687.jpeg?h=225&w=225,
311683032,Super Mum Family Organiser 2023,https://www.tesco.com/groceries/en-GB/shop/home-and-ents/all?department=Christmas%20Gifts&viewAll=department&page=,£6.50,£6.50/each,,New,/groceries/en-GB/products/311683032,https://digitalcontent.api.tesco.com/v2/media/ghs/211e9923-ef4f-49f0-b6fa-084998426389/17d3e5f8-f6fa-4b26-8bd9-8e65f3e717fb_855020536.jpeg?h=225&w=225,
312143601,Tesco 2023 Busy Making Plan Dap Organiser,https://www.tesco.com/groceries/en-GB/shop/home-and-ents/all?department=Christmas%20Gifts&viewAll=department&page=,£6.00,£6.00/each,,New,/groceries/en-GB/products/312143601,https://digitalcontent.api.tesco.com/v2/media/ghs/d89eb914-874a-47dc-bbb1-026beaea0cfa/c548aadc-d179-43da-928a-e7cb81c108fa_762525241.jpeg?h=225&w=225,
311802590,Friends Again & Again 2023 Calendar,https://www.tesco.com/groceries/en-GB/shop/home-and-ents/all?department=Christmas%20Gifts&viewAll=department&page=,£6.00,£6.00/each,,,/groceries/en-GB/products/311802590,https://digitalcontent.api.tesco.com/v2/media/ghs/900ebd92-f188-4921-96f2-c4ca995f5e99/f3cf46c6-95f8-47a3-8e52-0edf6276dad0_406645376.jpeg?h=225&w=225,
312143584,Tesco Wreath 2023 Dap Organiser,https://www.tesco.com/groceries/en-GB/shop/home-and-ents/all?department=Christmas%20Gifts&viewAll=department&page=,£6.00,£6.00/each,,New,/groceries/en-GB/products/312143584,https://digitalcontent.api.tesco.com/v2/media/ghs/6c11d619-75a0-4909-8ded-c7487f00911d/78df0ba3-5521-4d55-a59c-b15cb495b1da_1913288821.jpeg?h=225&w=225,
312143590,Tesco Grey 2023 Dap Organiser,https://www.tesco.com/groceries/en-GB/shop/home-and-ents/all?department=Christmas%20Gifts&viewAll=department&page=,£6.00,£6.00/each,,New,/groceries/en-GB/products/312143590,https://digitalcontent.api.tesco.com/v2/media/ghs/9cc8d829-c4c5-4d48-880c-cc386f4c25a6/a517e771-f59a-4ddb-97c8-3c469b37c2b6_1990989581.jpeg?h=225&w=225,
312215442,Me To You 2023 Calendar Slim,https://www.tesco.com/groceries/en-GB/shop/home-and-ents/all?department=Christmas%20Gifts&viewAll=department&page=,£4.00,£4.00/each,,New,/groceries/en-GB/products/312215442,https://digitalcontent.api.tesco.com/v2/media/ghs/ca8503b9-c09b-4327-83ba-b2395d8de7cb/b20e4c80-9e54-4dee-a494-9e4a39a7c0f1_292545130.jpeg?h=225&w=225,
312091425,Scenic Britain 2023 Slim Calendar,https://www.tesco.com/groceries/en-GB/shop/home-and-ents/all?department=Christmas%20Gifts&viewAll=department&page=,£4.00,£4.00/each,,New,/groceries/en-GB/products/312091425,https://digitalcontent.api.tesco.com/v2/media/ghs/8639d102-8cfe-4c8b-8da6-5da2896dcff6/04cd38f7-7074-4737-b559-147774ee3982_1885852861.jpeg?h=225&w=225,
312227520,You Me & Us 2023 Calendar Slim,https://www.tesco.com/groceries/en-GB/shop/home-and-ents/all?department=Christmas%20Gifts&viewAll=department&page=,£4.00,£4.00/each,,New,/groceries/en-GB/products/312227520,https://digitalcontent.api.tesco.com/v2/media/ghs/1a6d1661-9dbf-457d-998b-f1d48849bb8d/f271f0da-b79a-4c48-b727-ed0077e22433_914466465.jpeg?h=225&w=225,
312083873,Wwf Amazing Wildlife Calendar 2023,https://www.tesco.com/groceries/en-GB/shop/home-and-ents/all?department=Christmas%20Gifts&viewAll=department&page=,£6.00,£6.00/each,,New,/groceries/en-GB/products/312083873,https://digitalcontent.api.tesco.com/v2/media/ghs/008cb193-68c2-4690-a204-8bcde21007c6/d7ba6493-c7dc-4a9b-be37-a1662122ae61_1555286603.jpeg?h=225&w=225,
312100897,Star Wars Mandalorian 2023 Square Calendar,https://www.tesco.com/groceries/en-GB/shop/home-and-ents/all?department=Christmas%20Gifts&viewAll=department&page=,£6.00,£6.00/each,,New,/groceries/en-GB/products/312100897,https://digitalcontent.api.tesco.com/v2/media/ghs/5ea2fed8-767a-43e2-903b-c99967dbbad7/13b7cc4b-54f7-4d91-a92c-571280c23387_1226164346.jpeg?h=225&w=225,
312090991,Rspb Garden Birds 2023 Calendar Square,https://www.tesco.com/groceries/en-GB/shop/home-and-ents/all?department=Christmas%20Gifts&viewAll=department&page=,£6.00,£6.00/each,,,/groceries/en-GB/products/312090991,https://digitalcontent.api.tesco.com/v2/media/ghs/c26780c4-b8da-4be1-88e0-fbe505a86622/e88a0ab8-24d0-492a-a7ae-853d91798e50_741391676.jpeg?h=225&w=225,
312097442,Harry Potter 2023 Calendar Square,https://www.tesco.com/groceries/en-GB/shop/home-and-ents/all?department=Christmas%20Gifts&viewAll=department&page=,£6.00,£6.00/each,,New,/groceries/en-GB/products/312097442,https://digitalcontent.api.tesco.com/v2/media/ghs/5f11595c-a859-441d-95d1-b842f4a02165/44fa372b-4fb0-4a29-8f0f-63fcae69e1eb_1214874300.jpeg?h=225&w=225,
312103874,Me To You 2023 Square Calendar,https://www.tesco.com/groceries/en-GB/shop/home-and-ents/all?department=Christmas%20Gifts&viewAll=department&page=,£6.00,£6.00/each,,New,/groceries/en-GB/products/312103874,https://digitalcontent.api.tesco.com/v2/media/ghs/1409da49-34e0-4eb4-84d9-f672dbe75c6f/e9e1a573-ee4f-48c2-8688-418226126bf4_1851577641.jpeg?h=225&w=225,
311675192,Bbc Landscapes 2023 Calendar Square,https://www.tesco.com/groceries/en-GB/shop/home-and-ents/all?department=Christmas%20Gifts&viewAll=department&page=,£6.00,£6.00/each,,,/groceries/en-GB/products/311675192,https://digitalcontent.api.tesco.com/v2/media/ghs/45cb105d-25d6-4561-a30c-905a7988f059/7383469e-8d34-43cf-b2e9-dd49499eab1f_1933415258.jpeg?h=225&w=225,
311940742,Puppies 2023 Calendar Square,https://www.tesco.com/groceries/en-GB/shop/home-and-ents/all?department=Christmas%20Gifts&viewAll=department&page=,£6.00,£6.00/each,,New,/groceries/en-GB/products/311940742,https://digitalcontent.api.tesco.com/v2/media/ghs/9689a583-06e0-49ad-b040-d62704d4f18e/9d3ccae7-6456-4a3a-8c21-a3a11c65cafe_464722296.jpeg?h=225&w=225,
312207354,Cut Cats 2023 Square Calendar,https://www.tesco.com/groceries/en-GB/shop/home-and-ents/all?department=Christmas%20Gifts&viewAll=department&page=,£6.00,£6.00/each,,New,/groceries/en-GB/products/312207354,https://digitalcontent.api.tesco.com/v2/media/ghs/b8db001a-0c9f-4269-aeda-4bdcdb84a332/355b10cf-beac-4bf2-a99e-1dabeb38e415_1955597555.jpeg?h=225&w=225,
311789466,Kew In Colour 2023 Wall Calendar,https://www.tesco.com/groceries/en-GB/shop/home-and-ents/all?department=Christmas%20Gifts&viewAll=department&page=,£6.00,£6.00/each,,New,/groceries/en-GB/products/311789466,https://digitalcontent.api.tesco.com/v2/media/ghs/d87eb432-e16d-4965-88c9-4cac5475b48a/8d19280c-0363-4598-b309-7e68a2662926_348450201.jpeg?h=225&w=225,
312111567,National Trust Season 2023 Square Calendar,https://www.tesco.com/groceries/en-GB/shop/home-and-ents/all?department=Christmas%20Gifts&viewAll=department&page=,£6.00,£6.00/each,,,/groceries/en-GB/products/312111567,https://digitalcontent.api.tesco.com/v2/media/ghs/24320821-c52d-4b30-b2e0-e38794d51d95/d7085a33-4855-4852-9746-390b868691f2_2081996555.jpeg?h=225&w=225,
311825286,Tesco Gonk 3D Mug,https://www.tesco.com/groceries/en-GB/shop/home-and-ents/all?department=Christmas%20Gifts&viewAll=department&page=,£4.50,£4.50/each,,New,/groceries/en-GB/products/311825286,https://digitalcontent.api.tesco.com/v2/media/ghs/d762b408-81a7-4706-90d6-ff1944ffc7da/4679a292-9d19-485c-8de9-83f4f0cce0cc_1801832043.jpeg?h=225&w=225,
306528242,Tesco Reindeer 3D Mug,https://www.tesco.com/groceries/en-GB/shop/home-and-ents/all?department=Christmas%20Gifts&viewAll=department&page=,£4.50,£4.50/each,,New,/groceries/en-GB/products/306528242,https://digitalcontent.api.tesco.com/v2/media/ghs/8a19a72e-9678-48b8-b65c-11f41337d0e6/snapshotimagehandler_2051882634.jpeg?h=225&w=225,
312224892,Wwf Baby Animals 2023 Calendar,https://www.tesco.com/groceries/en-GB/shop/home-and-ents/all?department=Christmas%20Gifts&viewAll=department&page=,£4.00,£4.00/each,,New,/groceries/en-GB/products/312224892,https://digitalcontent.api.tesco.com/v2/media/ghs/cf6f1b2a-d281-435f-8f4c-4b34930a8451/72d85e70-2dd6-4b96-a190-519b8ce9ee5f_1899418100.jpeg?h=225&w=225,
312110174,Ladies Who Lunch 2023 Slim Calendar,https://www.tesco.com/groceries/en-GB/shop/home-and-ents/all?department=Christmas%20Gifts&viewAll=department&page=,£4.00,£4.00/each,,New,/groceries/en-GB/products/312110174,https://digitalcontent.api.tesco.com/v2/media/ghs/dac79f37-3122-4fa0-8807-ddfe09afd785/c7b07fc5-4396-4125-9435-0e90a38244fd_1125797236.jpeg?h=225&w=225,
312097321,Global Gizmos Dinosaur Ball Blaster,https://www.tesco.com/groceries/en-GB/shop/home-and-ents/all?department=Christmas%20Gifts&viewAll=department&page=,£3.50,£3.50/each,,New,/groceries/en-GB/products/312097321,https://digitalcontent.api.tesco.com/v2/media/ghs/83189eae-4ca9-4762-8eea-14fa07a99b7c/276a1dfa-577a-467b-801f-990612738627_1058012492.jpeg?h=225&w=225,
312162463,Go Create Christmas Eve Kit,https://www.tesco.com/groceries/en-GB/shop/home-and-ents/all?department=Christmas%20Gifts&viewAll=department&page=,£3.00,£3.00/each,,New,/groceries/en-GB/products/312162463,https://digitalcontent.api.tesco.com/v2/media/ghs/1079cd9d-9db8-4252-9606-1a00c5efcd03/f5f89e77-5602-48bc-ae1a-529dcf770c8a_1899057421.jpeg?h=225&w=225,
312697377,Fizz Glow In The Dark Galaxy Stickers,https://www.tesco.com/groceries/en-GB/shop/home-and-ents/all?department=Christmas%20Gifts&viewAll=department&page=,£2.00,£2.00/each,,New,/groceries/en-GB/products/312697377,https://digitalcontent.api.tesco.com/v2/media/ghs/ed6def21-251f-4a14-afa5-4a06995e1bd9/a2461683-ad2a-4a23-b801-b8590215887e_887450909.jpeg?h=225&w=225,
311825277,Tesco Candy Cane Glass Mug,https://www.tesco.com/groceries/en-GB/shop/home-and-ents/all?department=Christmas%20Gifts&viewAll=department&page=,£2.50,£2.50/each,,New,/groceries/en-GB/products/311825277,https://digitalcontent.api.tesco.com/v2/media/ghs/1d175798-b9e5-4d3d-a8cc-ca36e7d591fc/d3597e6b-c53a-4454-a6c6-3aaf62ac2f84_1702636549.jpeg?h=225&w=225,
309110921,Tesco Drinking Bauble Red,https://www.tesco.com/groceries/en-GB/shop/home-and-ents/all?department=Christmas%20Gifts&viewAll=department&page=,£2.50,£2.50/each,,,/groceries/en-GB/products/309110921,https://digitalcontent.api.tesco.com/v2/media/ghs/8877f621-4fd7-44b4-84c5-97adde2886cb/cf67d377-6f02-4e8a-b0d4-27189f4ebb80_567792424.jpeg?h=225&w=225,
311825326,Tesco Rudi Mug,https://www.tesco.com/groceries/en-GB/shop/home-and-ents/all?department=Christmas%20Gifts&viewAll=department&page=,£2.50,£2.50/each,,New,/groceries/en-GB/products/311825326,https://digitalcontent.api.tesco.com/v2/media/ghs/8c75cdfc-16df-412f-82d2-90563ba65045/ec8d1476-03c8-4738-a87b-d77dd3db4581_1736294213.jpeg?h=225&w=225,
312162486,Go Create Christmas Blank Cards & Envelopes,https://www.tesco.com/groceries/en-GB/shop/home-and-ents/all?department=Christmas%20Gifts&viewAll=department&page=,£1.00,£1.00/each,,New,/groceries/en-GB/products/312162486,https://digitalcontent.api.tesco.com/v2/media/ghs/edb2ff1a-ee25-491d-90cf-dffb63cc6f08/4aee3286-de87-426a-bcba-879cee1d1c7d_979402317.jpeg?h=225&w=225,
312694017,Pokemon Sword & Shield Elite Trainer,https://www.tesco.com/groceries/en-GB/shop/home-and-ents/all?department=Christmas%20Gifts&viewAll=department&page=,£42.50,£42.50/each,,,/groceries/en-GB/products/312694017,https://digitalcontent.api.tesco.com/v2/media/ghs/f57b859e-1aef-4f60-9f31-f09dd27b2d39/c25af644-b752-4dbc-83b3-6bdad13bfe4a_368910285.jpeg?h=225&w=225,
312105244,Make Your Own Hot Chocolate Bombs Kit,https://www.tesco.com/groceries/en-GB/shop/home-and-ents/all?department=Christmas%20Gifts&viewAll=department&page=,£8.00,£8.00/each,,New,/groceries/en-GB/products/312105244,https://digitalcontent.api.tesco.com/v2/media/ghs/7816aa37-2b73-463e-b232-974726583bbe/e02190f3-af00-4727-9430-72e416f9d4c7_1990888267.jpeg?h=225&w=225,
312104971,Rural Britain Square Calendar 2023,https://www.tesco.com/groceries/en-GB/shop/home-and-ents/all?department=Christmas%20Gifts&viewAll=department&page=,£6.00,£6.00/each,,,/groceries/en-GB/products/312104971,https://digitalcontent.api.tesco.com/v2/media/ghs/e90dfa94-b316-493a-a712-b2f7f42654cd/7c7f7805-ec1f-4c1d-b59c-17a4d42feba1_1110606244.jpeg?h=225&w=225,
309429458,Xbox Stress Controller,https://www.tesco.com/groceries/en-GB/shop/home-and-ents/all?department=Christmas%20Gifts&viewAll=department&page=,£5.00,£5.00/each,,,/groceries/en-GB/products/309429458,https://digitalcontent.api.tesco.com/v2/media/ghs/1d025614-65ec-408b-b77e-5571f0962d12/750add95-b2d7-407b-aca2-ef3ba0367e05_83072550.jpeg?h=225&w=225,
312084175,LED Bike Lights,https://www.tesco.com/groceries/en-GB/shop/home-and-ents/all?department=Christmas%20Gifts&viewAll=department&page=,£4.50,£2.25/each,,New,/groceries/en-GB/products/312084175,https://digitalcontent.api.tesco.com/v2/media/ghs/1fef8fda-55ed-4f7c-9680-1b615c3ce3c0/3ac709d8-93af-4aa7-bdd4-784e24402dba_1348135980.jpeg?h=225&w=225,
312111432,Professor Puzzle Quiz Card Games Assortment,https://www.tesco.com/groceries/en-GB/shop/home-and-ents/all?department=Christmas%20Gifts&viewAll=department&page=,£2.50,£2.50/each,,New,/groceries/en-GB/products/312111432,https://digitalcontent.api.tesco.com/v2/media/ghs/c296cc32-54a4-49b9-aa1b-5ad5ef1c72ef/dc0e66bf-bb91-4179-aa44-3c01ca9b16d3_550249861.jpeg?h=225&w=225,
311956194,Kelloggs Coco Pops Breakfast Set,https://www.tesco.com/groceries/en-GB/shop/home-and-ents/all?department=Christmas%20Gifts&viewAll=department&page=,£7.50,£7.50/each,,New,/groceries/en-GB/products/311956194,https://digitalcontent.api.tesco.com/v2/media/ghs/af31c4f7-f835-4a55-9596-9b231c301e36/f03b496c-165e-4e2d-b67e-33540ff65f07_1374342309.jpeg?h=225&w=225,
311429527,Hyggely & Friends Hot Chocolate Spoon Duo,https://www.tesco.com/groceries/en-GB/shop/home-and-ents/all?department=Christmas%20Gifts&viewAll=department&page=,£3.50,£1.75/each,,New,/groceries/en-GB/products/311429527,https://digitalcontent.api.tesco.com/v2/media/ghs/048d7976-7be1-4436-9257-8dd30ae57ec1/58652b9f-5833-46e7-a644-59ee528b5a52_84009750.jpeg?h=225&w=225,
311677117,Ace of Spades Bottle Opener & Deck of Cards,https://www.tesco.com/groceries/en-GB/shop/home-and-ents/all?department=Christmas%20Gifts&viewAll=department&page=,£4.00,£4.00/each,,,/groceries/en-GB/products/311677117,https://digitalcontent.api.tesco.com/v2/media/ghs/993dfb7f-8385-4024-800f-e4a93bd9ccd8/c623622c-caa6-4a19-ab43-eb961f2b94d7_674087190.jpeg?h=225&w=225,
306758770,Naughty Elf Drinking Markers,https://www.tesco.com/groceries/en-GB/shop/home-and-ents/all?department=Christmas%20Gifts&viewAll=department&page=,£4.00,£4.00/each,,New,/groceries/en-GB/products/306758770,https://digitalcontent.api.tesco.com/v2/media/ghs/c52a9131-6d06-4193-bf35-47d3578bad33/snapshotimagehandler_862681601.jpeg?h=225&w=225,
309429487,Rainbow Cloud Bath Bomb,https://www.tesco.com/groceries/en-GB/shop/home-and-ents/all?department=Christmas%20Gifts&viewAll=department&page=,£4.00,£4.00/each,,,/groceries/en-GB/products/309429487,https://digitalcontent.api.tesco.com/v2/media/ghs/a953fa3b-2c07-4c14-88b2-4c5b76cab254/f35c6998-56a0-4298-aec1-a6e6e40a1b8a_680413635.jpeg?h=225&w=225,
309718979,Christmas Sound Pets,https://www.tesco.com/groceries/en-GB/shop/home-and-ents/all?department=Christmas%20Gifts&viewAll=department&page=,£3.00,£3.00/each,,,/groceries/en-GB/products/309718979,https://digitalcontent.api.tesco.com/v2/media/ghs/ee5bdde2-2e46-480f-9bbb-629c7a418b09/62bf1d0d-7d6d-4487-b301-77ab9f102bcf_1087080456.jpeg?h=225&w=225,
312050630,Tesco Belonging Christmas Orange & Cinnamon Candle 300G,https://www.tesco.com/groceries/en-GB/shop/home-and-ents/all?department=Christmas%20Gifts&viewAll=department&page=,£4.00,£13.34/kg,,New,/groceries/en-GB/products/312050630,https://digitalcontent.api.tesco.com/v2/media/ghs/be8e06aa-1d9a-4ec8-a396-927bc76a8a6a/5312652c-4aa6-4775-9990-d03c3d9a4e2a_735227463.jpeg?h=225&w=225,
312050647,Tesco Belonging Christmas Vanilla Spice Candle 300G,https://www.tesco.com/groceries/en-GB/shop/home-and-ents/all?department=Christmas%20Gifts&viewAll=department&page=,£4.00,£13.34/kg,,New,/groceries/en-GB/products/312050647,https://digitalcontent.api.tesco.com/v2/media/ghs/7811e00f-8422-480c-aa54-f02847331512/6b878f79-b07d-4eeb-ba08-0a313379599d_1013446889.jpeg?h=225&w=225,
311956205,Yappy Christmas Pooch Treats Cracker,https://www.tesco.com/groceries/en-GB/shop/home-and-ents/all?department=Christmas%20Gifts&viewAll=department&page=,£3.50,£3.50/each,,New,/groceries/en-GB/products/311956205,https://digitalcontent.api.tesco.com/v2/media/ghs/f77e8230-3a89-4bd4-9d94-8bf5e9ee4aa5/66a99336-943a-412d-84c0-dd87ccf3cdd4_287049908.jpeg?h=225&w=225,
312169899,Tesco Polar Bear Candle 70G,https://www.tesco.com/groceries/en-GB/shop/home-and-ents/all?department=Christmas%20Gifts&viewAll=department&page=,£2.50,£35.72/kg,,New,/groceries/en-GB/products/312169899,https://digitalcontent.api.tesco.com/v2/media/ghs/2f8b965a-ff12-42c9-9686-391c130a1809/439a0bcd-40d0-403c-98dd-4b4fd3de55b5_1942018295.jpeg?h=225&w=225,
312347625,Gruffalo Family Organiser 2023,https://www.tesco.com/groceries/en-GB/shop/home-and-ents/all?department=Christmas%20Gifts&viewAll=department&page=,£6.50,£6.50/each,,New,/groceries/en-GB/products/312347625,https://digitalcontent.api.tesco.com/v2/media/ghs/583353dd-e325-4893-8964-73c879f82ec6/11576171-085e-4481-af76-eed8f1481396_31200457.jpeg?h=225&w=225,
311666107,Deli At Home Make Your Own Cheese,https://www.tesco.com/groceries/en-GB/shop/home-and-ents/all?department=Christmas%20Gifts&viewAll=department&page=,£8.50,£8.50/each,,New,/groceries/en-GB/products/311666107,https://digitalcontent.api.tesco.com/v2/media/ghs/1700ac8a-aab5-4c68-b5c5-f1743a89d869/7e03712f-c095-4b67-a4e5-e4142285c318_1768991290.jpeg?h=225&w=225,
312096610,Professor Puzzle Mini Microphone Gadget,https://www.tesco.com/groceries/en-GB/shop/home-and-ents/all?department=Christmas%20Gifts&viewAll=department&page=,£5.00,£5.00/each,,New,/groceries/en-GB/products/312096610,https://digitalcontent.api.tesco.com/v2/media/ghs/34063b77-d5ac-4758-9c24-0b095f771fca/f05831cc-1362-43c7-9a87-de8238140ee3_156610277.jpeg?h=225&w=225,
312085623,Costa Coffee Babyccino Cup Gift Set,https://www.tesco.com/groceries/en-GB/shop/home-and-ents/all?department=Christmas%20Gifts&viewAll=department&page=,£7.00,£7.00/each,,New,/groceries/en-GB/products/312085623,https://digitalcontent.api.tesco.com/v2/media/ghs/bd83a84a-12ab-407c-997e-2918f9c7abee/eabe0919-c076-445e-ad1d-ab152b7c2102_948158238.jpeg?h=225&w=225,
312102307,Mulled Wine Set,https://www.tesco.com/groceries/en-GB/shop/home-and-ents/all?department=Christmas%20Gifts&viewAll=department&page=,£7.00,£7.00/each,,New,/groceries/en-GB/products/312102307,https://digitalcontent.api.tesco.com/v2/media/ghs/fb39c21a-4b23-42c5-960a-afd9768e41fe/01068511-7c85-4c39-a2b7-12006638bcb1_2029640793.jpeg?h=225&w=225,
312123654,Warmies Baby Hedgehog,https://www.tesco.com/groceries/en-GB/shop/home-and-ents/all?department=Christmas%20Gifts&viewAll=department&page=,£7.00,£7.00/each,,New,/groceries/en-GB/products/312123654,https://digitalcontent.api.tesco.com/v2/media/ghs/281754b0-9046-4179-b5f2-93911940074e/9184efea-52fa-4dbb-a526-ee5f379aeef8_1957380786.jpeg?h=225&w=225,
311950160,Kelloggs Frosties Breakfast Set,https://www.tesco.com/groceries/en-GB/shop/home-and-ents/all?department=Christmas%20Gifts&viewAll=department&page=,£7.50,£7.50/each,,,/groceries/en-GB/products/311950160,https://digitalcontent.api.tesco.com/v2/media/ghs/cbfbb944-c649-4221-bfb4-b74a782163e8/358d06f4-d447-4ac6-8ef1-7a6d0ed9e875_1246569098.jpeg?h=225&w=225,
311683648,Astrolight USB Powered LED Light,https://www.tesco.com/groceries/en-GB/shop/home-and-ents/all?department=Christmas%20Gifts&viewAll=department&page=,£5.00,£5.00/each,£4.00 Clubcard Price,,/groceries/en-GB/products/311683648,https://digitalcontent.api.tesco.com/v2/media/ghs/08f910f4-cb38-4e1c-bd18-7f9681228995/fa08fffe-dd2a-4271-b99f-55236b86a56f_1891873559.jpeg?h=225&w=225,
311680012,Kids Hot Chocolate Mug Melts 3 x 45g,https://www.tesco.com/groceries/en-GB/shop/home-and-ents/all?department=Christmas%20Gifts&viewAll=department&page=,£4.50,£3.34/100g,,New,/groceries/en-GB/products/311680012,https://digitalcontent.api.tesco.com/v2/media/ghs/0cec726a-6628-414d-a2c9-557026b437d2/b4f7474e-a402-4ed9-8f6f-198f2de9d76f_1925447791.jpeg?h=225&w=225,
312092666,Tobar Squishy Snowball,https://www.tesco.com/groceries/en-GB/shop/home-and-ents/all?department=Christmas%20Gifts&viewAll=department&page=,£4.50,£4.50/each,,New,/groceries/en-GB/products/312092666,https://digitalcontent.api.tesco.com/v2/media/ghs/f75f504e-c0dd-4985-9f6e-48db4b428c4f/54b3e3d2-3e8d-4cf0-a635-797d7ac1263e_1308994109.jpeg?h=225&w=225,
312082436,Baileys Salted Caramel Mug Cake,https://www.tesco.com/groceries/en-GB/shop/home-and-ents/all?department=Christmas%20Gifts&viewAll=department&page=,£7.00,£7.00/each,£5.00 Clubcard Price,,/groceries/en-GB/products/312082436,https://digitalcontent.api.tesco.com/v2/media/ghs/19faefc6-9ef6-4b72-b718-04be9bc115cd/10117aaf-dc8d-4310-b320-b6172c57e45d_927252464.jpeg?h=225&w=225,
311788297,Global Gizmos Boss Man Red Stress Ball,https://www.tesco.com/groceries/en-GB/shop/home-and-ents/all?department=Christmas%20Gifts&viewAll=department&page=,£5.00,£5.00/each,,New,/groceries/en-GB/products/311788297,https://digitalcontent.api.tesco.com/v2/media/ghs/12b0bf24-eb69-47ba-bb1e-d25030fff9c5/971b4afa-054d-4f5b-bfe9-53f0acc429d2_1417706499.jpeg?h=225&w=225,
312087264,Hot Chocolate Mug Melts Trio 3 X 45G,https://www.tesco.com/groceries/en-GB/shop/home-and-ents/all?department=Christmas%20Gifts&viewAll=department&page=,£4.50,£3.34/100g,,New,/groceries/en-GB/products/312087264,https://digitalcontent.api.tesco.com/v2/media/ghs/b39757c1-ab9a-4936-8ca3-6b63dd4246ec/f77f8044-18e3-43a9-a681-e1d3cb3f93ff_804660274.jpeg?h=225&w=225,
312083965,Chocolate Chip Cookie Skillet Baking Kit,https://www.tesco.com/groceries/en-GB/shop/home-and-ents/all?department=Christmas%20Gifts&viewAll=department&page=,£6.00,£6.00/each,,New,/groceries/en-GB/products/312083965,https://digitalcontent.api.tesco.com/v2/media/ghs/5237ab34-7219-4176-a4c9-8aae5fa5d1f6/ff69b996-1c8a-45f2-a0a0-ac9c401caf26_1366681832.jpeg?h=225&w=225,
311951314,Global Gizmos USB Mini Vacuum,https://www.tesco.com/groceries/en-GB/shop/home-and-ents/all?department=Christmas%20Gifts&viewAll=department&page=,£5.00,£5.00/each,,,/groceries/en-GB/products/311951314,https://digitalcontent.api.tesco.com/v2/media/ghs/b3ee20b6-e5d0-4576-bccc-d85c652e7916/ac08cc54-14a7-4059-88f5-7778324106ee_2113797069.jpeg?h=225&w=225,
312093659,Professor Puzzle Key Finder Gadget,https://www.tesco.com/groceries/en-GB/shop/home-and-ents/all?department=Christmas%20Gifts&viewAll=department&page=,£5.00,£5.00/each,,New,/groceries/en-GB/products/312093659,https://digitalcontent.api.tesco.com/v2/media/ghs/17b63baf-3bf1-4b90-9839-19ff857cef3d/4fafc5b0-51a2-47ad-b20c-736210b41565_1851005856.jpeg?h=225&w=225,
312105428,10 LED Peg String Lights,https://www.tesco.com/groceries/en-GB/shop/home-and-ents/all?department=Christmas%20Gifts&viewAll=department&page=,£5.00,£0.50/each,,New,/groceries/en-GB/products/312105428,https://digitalcontent.api.tesco.com/v2/media/ghs/5a6cf8ae-3159-4276-9525-d91509f30d73/96c5f886-a97d-4677-8449-e717fdfbad96_1035782689.jpeg?h=225&w=225,
311807319,Windup Racing Roasties,https://www.tesco.com/groceries/en-GB/shop/home-and-ents/all?department=Christmas%20Gifts&viewAll=department&page=,£5.00,£5.00/each,,New,/groceries/en-GB/products/311807319,https://digitalcontent.api.tesco.com/v2/media/ghs/384e8966-0afd-4aa5-b60c-1f197ec16f07/a7f58db4-c7e7-4c0c-b3aa-4fe005d3fe7b_945779187.jpeg?h=225&w=225,
312089918,Christmas Jumper Decorating Kit,https://www.tesco.com/groceries/en-GB/shop/home-and-ents/all?department=Christmas%20Gifts&viewAll=department&page=,£4.00,£4.00/each,,New,/groceries/en-GB/products/312089918,https://digitalcontent.api.tesco.com/v2/media/ghs/e228da61-fe72-40b5-9c49-fc922665b3cb/71a71136-cf96-4bc9-8ff7-25053c47fb78_164028722.jpeg?h=225&w=225,
311441405,Paladone Kettlebell Stressball,https://www.tesco.com/groceries/en-GB/shop/home-and-ents/all?department=Christmas%20Gifts&viewAll=department&page=,£4.00,£4.00/each,,New,/groceries/en-GB/products/311441405,https://digitalcontent.api.tesco.com/v2/media/ghs/193d2c47-876c-4dfe-9655-d44db426647a/e5b54f8f-98bf-4239-abaf-952df634c664_296497347.jpeg?h=225&w=225,
312110721,Paladone Hey Day Insta Camera Earbud Case,https://www.tesco.com/groceries/en-GB/shop/home-and-ents/all?department=Christmas%20Gifts&viewAll=department&page=,£4.00,£4.00/each,£3.00 Clubcard Price,,/groceries/en-GB/products/312110721,https://digitalcontent.api.tesco.com/v2/media/ghs/0fa78aba-4fae-4ca2-85b4-0e5b9ed289b4/7b1ce55e-01a0-4b32-8280-03a56ef0d977_1028717650.jpeg?h=225&w=225,
311940771,Paladone Lump Of Coal Bath Bomb,https://www.tesco.com/groceries/en-GB/shop/home-and-ents/all?department=Christmas%20Gifts&viewAll=department&page=,£4.00,£4.00/each,,New,/groceries/en-GB/products/311940771,https://digitalcontent.api.tesco.com/v2/media/ghs/90fdf6de-f37a-41a9-9f72-1250cf2090cb/2f6058fc-3848-48ef-b73c-ba30a6fc28a1_431843054.jpeg?h=225&w=225,
311935403,Xbox Gadget Decals 4 Sheets,https://www.tesco.com/groceries/en-GB/shop/home-and-ents/all?department=Christmas%20Gifts&viewAll=department&page=,£4.00,£100.00/100sht,£3.00 Clubcard Price,,/groceries/en-GB/products/311935403,https://digitalcontent.api.tesco.com/v2/media/ghs/26235e54-59e7-4ecb-8fbe-bb91d77f1680/e6063e27-e006-4fc7-a8a9-466e518d3627_1973044439.jpeg?h=225&w=225,
312087523,Hyggely & Friends Flavoured Syrups 3x45ml,https://www.tesco.com/groceries/en-GB/shop/home-and-ents/all?department=Christmas%20Gifts&viewAll=department&page=,£4.00,£2.97/100ml,,New,/groceries/en-GB/products/312087523,https://digitalcontent.api.tesco.com/v2/media/ghs/bcf54518-4420-496b-9bfe-d4573952204c/0faf6ae3-f1de-442a-b553-69e7e8a558a7_919774976.jpeg?h=225&w=225,
312103897,Star Wars The Mandalorian The Child Stress Ball,https://www.tesco.com/groceries/en-GB/shop/home-and-ents/all?department=Christmas%20Gifts&viewAll=department&page=,£4.00,£4.00/each,,New,/groceries/en-GB/products/312103897,https://digitalcontent.api.tesco.com/v2/media/ghs/63a4b54b-f488-45af-aa39-c4608ccef67c/a3993c83-37e4-4efc-a48b-86a322ec87fa_2135160444.jpeg?h=225&w=225,
312098533,Clip On Phone Lens,https://www.tesco.com/groceries/en-GB/shop/home-and-ents/all?department=Christmas%20Gifts&viewAll=department&page=,£3.50,£3.50/each,,New,/groceries/en-GB/products/312098533,https://digitalcontent.api.tesco.com/v2/media/ghs/aa12c5d0-5cf4-4db3-aacf-7f9ad6669225/16b720a7-39f6-416d-858f-6f4123d46863_1762005068.jpeg?h=225&w=225,
312102719,Paladone Geode Lavender Bath Both,https://www.tesco.com/groceries/en-GB/shop/home-and-ents/all?department=Christmas%20Gifts&viewAll=department&page=,£4.00,£4.00/each,,New,/groceries/en-GB/products/312102719,https://digitalcontent.api.tesco.com/v2/media/ghs/b1e59bdc-e8bb-4d32-995e-66a0a62c1b7d/f7e19115-6a12-43e3-9e89-6135b31c4fbc_663708891.jpeg?h=225&w=225,
312105287,Ray Gun Nose Trimmer,https://www.tesco.com/groceries/en-GB/shop/home-and-ents/all?department=Christmas%20Gifts&viewAll=department&page=,£5.00,£5.00/each,,New,/groceries/en-GB/products/312105287,https://digitalcontent.api.tesco.com/v2/media/ghs/6b4ea047-d1be-4ec1-95ab-38bfe9845467/20f6dfb5-f183-45c5-b603-06976d9b23fd_2044849074.jpeg?h=225&w=225,
312085335,Professor Puzzle Mould Your Own Snowman,https://www.tesco.com/groceries/en-GB/shop/home-and-ents/all?department=Christmas%20Gifts&viewAll=department&page=,£3.00,£3.00/each,,New,/groceries/en-GB/products/312085335,https://digitalcontent.api.tesco.com/v2/media/ghs/df8c2539-95f0-4007-b4c7-2518e1310ed0/7be515ae-abd5-4fa5-8e3c-d6ec580f93db_1106554886.jpeg?h=225&w=225,
310177126,Hyggely & Festive Card Bauble Assortment,https://www.tesco.com/groceries/en-GB/shop/home-and-ents/all?department=Christmas%20Gifts&viewAll=department&page=,£3.00,£3.00/each,,New,/groceries/en-GB/products/310177126,https://digitalcontent.api.tesco.com/v2/media/ghs/a72c16f2-8c36-4513-90e5-bcae8e36fda6/5c660b73-1220-4458-9eda-7100f7d2bb1e_1944708110.jpeg?h=225&w=225,
312091984,Global Gizmos Unicorn Ball Blaster,https://www.tesco.com/groceries/en-GB/shop/home-and-ents/all?department=Christmas%20Gifts&viewAll=department&page=,£3.50,£3.50/each,,New,/groceries/en-GB/products/312091984,https://digitalcontent.api.tesco.com/v2/media/ghs/9e62298d-58f6-46e2-b739-dc6d874163a1/4d06e823-990f-4ca1-90db-be08ead136aa_1257606909.jpeg?h=225&w=225,
312093498,Goldfish Soap & Pen Topper,https://www.tesco.com/groceries/en-GB/shop/home-and-ents/all?department=Christmas%20Gifts&viewAll=department&page=,£3.50,£3.50/each,,New,/groceries/en-GB/products/312093498,https://digitalcontent.api.tesco.com/v2/media/ghs/f71d3f1d-0bc7-40a1-b346-6e484a86ef1a/8a1ad4d1-8322-49cf-9535-4adec2d19a19_514372450.jpeg?h=225&w=225,
312143359,Tesco Insect 2023 Wtv Slim Diary,https://www.tesco.com/groceries/en-GB/shop/home-and-ents/all?department=Christmas%20Gifts&viewAll=department&page=,£2.00,£2.00/each,,New,/groceries/en-GB/products/312143359,https://digitalcontent.api.tesco.com/v2/media/ghs/f2bd6dd6-e104-4e19-9884-cb7a6bf0cba3/b2fda24e-cb0e-4a84-98dc-0383e5a1a50b_1532261104.jpeg?h=225&w=225,
312143342,Tesco 2023 Kraft Floral Wtv Slim Diary,https://www.tesco.com/groceries/en-GB/shop/home-and-ents/all?department=Christmas%20Gifts&viewAll=department&page=,£2.00,£2.00/each,,New,/groceries/en-GB/products/312143342,https://digitalcontent.api.tesco.com/v2/media/ghs/0cb5f375-d94c-4637-8476-cae19ea01ca7/7c46f770-1440-4f2c-aab0-28b7d26d66aa_201586922.jpeg?h=225&w=225,
312143365,Tesco 2023 Wtv Slim Diary Navy,https://www.tesco.com/groceries/en-GB/shop/home-and-ents/all?department=Christmas%20Gifts&viewAll=department&page=,£2.00,£2.00/each,,New,/groceries/en-GB/products/312143365,https://digitalcontent.api.tesco.com/v2/media/ghs/f8ecfb31-1e0a-4af3-bad2-739ba89f3044/cb153d7b-c7ac-4e23-ac69-3e362f52d6a0_1196107834.jpeg?h=225&w=225,
312105486,Paladone Shark Bath Bomb,https://www.tesco.com/groceries/en-GB/shop/home-and-ents/all?department=Christmas%20Gifts&viewAll=department&page=,£4.00,£4.00/each,,New,/groceries/en-GB/products/312105486,https://digitalcontent.api.tesco.com/v2/media/ghs/bea81225-b9af-4f66-ae5a-241b4d650616/1b2138df-d191-4def-b6a2-683b772d74b0_319692206.jpeg?h=225&w=225,
311825257,Tesco Belonging Robin Mug,https://www.tesco.com/groceries/en-GB/shop/home-and-ents/all?department=Christmas%20Gifts&viewAll=department&page=,£2.50,£2.50/each,,,/groceries/en-GB/products/311825257,https://digitalcontent.api.tesco.com/v2/media/ghs/3df12c78-292d-4277-ac14-a1a86953a684/2ce9f1c9-b12e-4a56-af4e-ce729b44e217_329661216.jpeg?h=225&w=225,
312226227,Casebound Pocket Week To View Diary,https://www.tesco.com/groceries/en-GB/shop/home-and-ents/all?department=Christmas%20Gifts&viewAll=department&page=,£2.00,£2.00/each,,New,/groceries/en-GB/products/312226227,https://digitalcontent.api.tesco.com/v2/media/ghs/0c101bfd-d272-4703-ad33-004c54275a1f/aa42e953-8dc1-470d-9cee-db984a8dbb6e_1746909153.jpeg?h=225&w=225,
312145829,Tesco Belonging Gold Christmas Dinner Candles 6X50g,https://www.tesco.com/groceries/en-GB/shop/home-and-ents/all?department=Christmas%20Gifts&viewAll=department&page=,£3.00,£0.50/each,,New,/groceries/en-GB/products/312145829,https://digitalcontent.api.tesco.com/v2/media/ghs/b6a7c319-d1e0-41c2-a16d-9c8fb37b7c04/d06402aa-b309-4eb0-9e13-fe7193544804_1594628607.jpeg?h=225&w=225,
312701108,Fizz Glow In The Dark Enchanted Stickers,https://www.tesco.com/groceries/en-GB/shop/home-and-ents/all?department=Christmas%20Gifts&viewAll=department&page=,£2.00,£2.00/each,,New,/groceries/en-GB/products/312701108,https://digitalcontent.api.tesco.com/v2/media/ghs/efcb570a-f886-4b40-9bcf-df635f6ca006/8657822c-aa7c-4751-8557-65aea9a89ed5_1370192427.jpeg?h=225&w=225,
312143624,Tesco A5 Premium 2023 Dap Diary Grey,https://www.tesco.com/groceries/en-GB/shop/home-and-ents/all?department=Christmas%20Gifts&viewAll=department&page=,£6.00,£6.00/each,,New,/groceries/en-GB/products/312143624,https://digitalcontent.api.tesco.com/v2/media/ghs/babbda3d-fa6f-47ae-b825-e0bdb1bd92de/a9e0c48a-4e75-43c0-a68a-b1647d953356_358614323.jpeg?h=225&w=225,
312096034,The Grill House Dirty Burgers Cook Book & Seasonings,https://www.tesco.com/groceries/en-GB/shop/home-and-ents/all?department=Christmas%20Gifts&viewAll=department&page=,£8.00,£8.00/each,,New,/groceries/en-GB/products/312096034,https://digitalcontent.api.tesco.com/v2/media/ghs/4685fb92-52f3-48c5-9529-fbfc8041e242/cef7f1bf-2521-4bf5-922e-653f83ff3d67_1874473809.jpeg?h=225&w=225,
311673712,The Cocktail Bar Recipe Book Set,https://www.tesco.com/groceries/en-GB/shop/home-and-ents/all?department=Christmas%20Gifts&viewAll=department&page=,£8.00,£8.00/each,,New,/groceries/en-GB/products/311673712,https://digitalcontent.api.tesco.com/v2/media/ghs/5751d1c7-ca1b-4a31-8faa-1a221e49a671/cdda8475-c5fb-4559-a22e-bcddd0c36de9_180409232.jpeg?h=225&w=225,
311957665,Harry Potter Trivia Quiz,https://www.tesco.com/groceries/en-GB/shop/home-and-ents/all?department=Christmas%20Gifts&viewAll=department&page=,£5.00,£5.00/each,,New,/groceries/en-GB/products/311957665,https://digitalcontent.api.tesco.com/v2/media/ghs/bd25423e-66be-46b7-b313-526a841d8ed4/9833da94-3b6c-4dd0-a374-b9c54e2268f7_1157724221.jpeg?h=225&w=225,
312094756,Vegan Street Food Cook Book with Seasonings,https://www.tesco.com/groceries/en-GB/shop/home-and-ents/all?department=Christmas%20Gifts&viewAll=department&page=,£8.00,£8.00/each,,New,/groceries/en-GB/products/312094756,https://digitalcontent.api.tesco.com/v2/media/ghs/8c22e024-2a97-429f-b1f7-f1df2d50222e/d43b74b6-943e-477d-9588-ecc14325ea2e_204875197.jpeg?h=225&w=225,
311670554,Turn Up The Heat Chilli Oil & Salt Bottle,https://www.tesco.com/groceries/en-GB/shop/home-and-ents/all?department=Christmas%20Gifts&viewAll=department&page=,£8.00,£8.00/each,,New,/groceries/en-GB/products/311670554,https://digitalcontent.api.tesco.com/v2/media/ghs/443e500d-8cca-4786-8380-d9b63c5d76a1/9627f77a-f7d3-491e-a0f2-7cbc8aad0eb8_353913229.jpeg?h=225&w=225,
304150512,Baileys Candle And Chocolate,https://www.tesco.com/groceries/en-GB/shop/home-and-ents/all?department=Christmas%20Gifts&viewAll=department&page=,£8.00,£8.00/each,,,/groceries/en-GB/products/304150512,https://digitalcontent.api.tesco.com/v2/media/ghs/fef8c59c-e092-4526-bbfb-729e947aff97/67e23e85-c5e7-457c-a9d6-e66e7a6bd072_1722761246.jpeg?h=225&w=225,
311801907,Friends Coffee Syrups Gift Set,https://www.tesco.com/groceries/en-GB/shop/home-and-ents/all?department=Christmas%20Gifts&viewAll=department&page=,£8.00,£8.00/each,£6.00 Clubcard Price,,/groceries/en-GB/products/311801907,https://digitalcontent.api.tesco.com/v2/media/ghs/0f3ff01f-ba6f-414d-9930-56805a6cc38e/20703f9e-c3d0-4f6b-b32f-0a18045fea42_1407916581.jpeg?h=225&w=225,
311803744,Deli At Home Sharing Board With Chutney,https://www.tesco.com/groceries/en-GB/shop/home-and-ents/all?department=Christmas%20Gifts&viewAll=department&page=,£8.50,£8.50/each,,New,/groceries/en-GB/products/311803744,https://digitalcontent.api.tesco.com/v2/media/ghs/82535d7e-7531-4477-8556-2246b2af1a9f/6ea5e86a-12b5-4057-801e-f63739d432a0_1255492264.jpeg?h=225&w=225,
312090490,Costa Coffee Iced Coffee Cup Gift Set,https://www.tesco.com/groceries/en-GB/shop/home-and-ents/all?department=Christmas%20Gifts&viewAll=department&page=,£8.00,£8.00/each,,New,/groceries/en-GB/products/312090490,https://digitalcontent.api.tesco.com/v2/media/ghs/5cc2a07e-8f18-4f26-ab8e-e635b4bdebf2/8e9866de-5430-4861-a5fc-430abac6880b_1152883700.jpeg?h=225&w=225,
311941087,Deli At Home Oil & Vinegar Drizzler,https://www.tesco.com/groceries/en-GB/shop/home-and-ents/all?department=Christmas%20Gifts&viewAll=department&page=,£8.00,£8.00/each,,,/groceries/en-GB/products/311941087,https://digitalcontent.api.tesco.com/v2/media/ghs/e8c29e20-a4b9-4cf1-8937-8aa8dcf89745/856c76b1-8151-4e51-a8cb-cb3cabba1f1b_1502223868.jpeg?h=225&w=225,
311952313,Costa Coffee Ceramic Cup Gift Set,https://www.tesco.com/groceries/en-GB/shop/home-and-ents/all?department=Christmas%20Gifts&viewAll=department&page=,£8.00,£8.00/each,,New,/groceries/en-GB/products/311952313,https://digitalcontent.api.tesco.com/v2/media/ghs/bdb3ba61-5efd-4214-9723-9dd827c63cd8/eb808d0d-2f2a-4a17-90fe-64d471335bd5_1996709662.jpeg?h=225&w=225,
311787278,Make Your Own Cookie Cups Baking Set,https://www.tesco.com/groceries/en-GB/shop/home-and-ents/all?department=Christmas%20Gifts&viewAll=department&page=,£8.00,£8.00/each,£6.00 Clubcard Price,,/groceries/en-GB/products/311787278,https://digitalcontent.api.tesco.com/v2/media/ghs/83ae52b9-6af4-4f4e-bf72-75f3a2858b45/66502016-499a-47af-822a-a40eefc69f13_783414780.jpeg?h=225&w=225,
311954098,Only Fools And Horses Tankard And Pork Scratchings,https://www.tesco.com/groceries/en-GB/shop/home-and-ents/all?department=Christmas%20Gifts&viewAll=department&page=,£8.00,£8.00/each,,New,/groceries/en-GB/products/311954098,https://digitalcontent.api.tesco.com/v2/media/ghs/b405f643-479a-421c-94a1-405ed4581719/9ea2ec89-0939-4538-a176-5fdddce1fdc2_933738597.jpeg?h=225&w=225,
311959663,Rhs Tea Infuser With Loose Tea,https://www.tesco.com/groceries/en-GB/shop/home-and-ents/all?department=Christmas%20Gifts&viewAll=department&page=,£8.00,£8.00/each,,New,/groceries/en-GB/products/311959663,https://digitalcontent.api.tesco.com/v2/media/ghs/386908b5-0152-4a35-9b5b-364eea289284/93857252-72cf-441e-ba23-2ba2edfd9687_198204797.jpeg?h=225&w=225,
312098429,Rhs Glass Tea Cup With Tea Bags,https://www.tesco.com/groceries/en-GB/shop/home-and-ents/all?department=Christmas%20Gifts&viewAll=department&page=,£8.00,£8.00/each,,New,/groceries/en-GB/products/312098429,https://digitalcontent.api.tesco.com/v2/media/ghs/b7c0bb81-38d9-474d-9f9c-05a684944d2f/e23d8c28-1fb8-48b4-8197-27d0123b955b_923659234.jpeg?h=225&w=225,
311939612,Make Your Own Donut Baking Kit with M&Ms,https://www.tesco.com/groceries/en-GB/shop/home-and-ents/all?department=Christmas%20Gifts&viewAll=department&page=,£8.00,£8.00/each,,New,/groceries/en-GB/products/311939612,https://digitalcontent.api.tesco.com/v2/media/ghs/1d836fba-ea4e-4558-93fa-e63cba617798/d8877904-21da-4770-a8c3-d1de2b50086a_1098413509.jpeg?h=225&w=225,
311942826,Hot Chocolate Selection 6 X 20G,https://www.tesco.com/groceries/en-GB/shop/home-and-ents/all?department=Christmas%20Gifts&viewAll=department&page=,£5.00,£4.17/100g,,New,/groceries/en-GB/products/311942826,https://digitalcontent.api.tesco.com/v2/media/ghs/03a73700-fbf1-4f35-b0fc-da03d868e646/2dddbfc1-18e4-47fe-b9cf-7f69f3f9f7a2_23018953.jpeg?h=225&w=225,
312105739,The Cocktail Bar Make Your Own Pink Gin Carafe,https://www.tesco.com/groceries/en-GB/shop/home-and-ents/all?department=Christmas%20Gifts&viewAll=department&page=,£7.00,£7.00/each,,,/groceries/en-GB/products/312105739,https://digitalcontent.api.tesco.com/v2/media/ghs/5fed25d6-9456-453f-91ec-61ce2ad38fb6/84b799a4-a699-4658-85da-7d213966896b_767256568.jpeg?h=225&w=225,
310844529,Global Gizmos Rainbow Pin Art,https://www.tesco.com/groceries/en-GB/shop/home-and-ents/all?department=Christmas%20Gifts&viewAll=department&page=,£5.00,£5.00/each,,New,/groceries/en-GB/products/310844529,https://digitalcontent.api.tesco.com/v2/media/ghs/66090969-aa64-46d5-aec0-0a140b2c689e/6b3cb290-f32e-4e21-b042-fc30d61a7fcc_1774369159.jpeg?h=225&w=225,
311935109,The Cocktail Bar Make Your Own Gin,https://www.tesco.com/groceries/en-GB/shop/home-and-ents/all?department=Christmas%20Gifts&viewAll=department&page=,£7.00,£7.00/each,,New,/groceries/en-GB/products/311935109,https://digitalcontent.api.tesco.com/v2/media/ghs/ce9b3af4-1f96-4610-a41f-8e4a33057e45/d0e75bc3-30ae-4000-995d-8467de0e40fa_1307411173.jpeg?h=225&w=225,
311801959,Hyggely & Friend Chocolate Cake In A Mug,https://www.tesco.com/groceries/en-GB/shop/home-and-ents/all?department=Christmas%20Gifts&viewAll=department&page=,£6.00,£6.00/each,,New,/groceries/en-GB/products/311801959,https://digitalcontent.api.tesco.com/v2/media/ghs/b0587531-6ed6-4136-a3b0-500744344ea0/f310a69e-7d27-480e-88f9-f0a2f33a0429_1529642674.jpeg?h=225&w=225,
311779377,Joe & Sephs Popcorn Selection Tin 4x7g,https://www.tesco.com/groceries/en-GB/shop/home-and-ents/all?department=Christmas%20Gifts&viewAll=department&page=,£7.00,£25.00/100g,£5.00 Clubcard Price,,/groceries/en-GB/products/311779377,https://digitalcontent.api.tesco.com/v2/media/ghs/ad5adcdb-2cdf-43a8-bccc-e5af3e6bbbab/3c1cdca4-3a43-48d4-8cc2-54776408fdcd_1422297196.jpeg?h=225&w=225,
311673228,Global Gizmos Usb Metal Desk Fan,https://www.tesco.com/groceries/en-GB/shop/home-and-ents/all?department=Christmas%20Gifts&viewAll=department&page=,£5.00,£5.00/each,,New,/groceries/en-GB/products/311673228,https://digitalcontent.api.tesco.com/v2/media/ghs/2116850e-cb2a-4a6d-b10b-2d54763bac46/04f57cf7-f993-4901-88f4-1bb99a37244c_540114196.jpeg?h=225&w=225,
311934214,Dog Pet Puzzle Game,https://www.tesco.com/groceries/en-GB/shop/home-and-ents/all?department=Christmas%20Gifts&viewAll=department&page=,£8.00,£8.00/each,,New,/groceries/en-GB/products/311934214,https://digitalcontent.api.tesco.com/v2/media/ghs/bb0060da-24ec-4141-89ed-63d70ce369f5/d06100e3-2ef7-4d41-9ee3-781ab1abcb24_1307701395.jpeg?h=225&w=225,
311941539,Hyggely & Friend Mug With Plush,https://www.tesco.com/groceries/en-GB/shop/home-and-ents/all?department=Christmas%20Gifts&viewAll=department&page=,£7.00,£7.00/each,,New,/groceries/en-GB/products/311941539,https://digitalcontent.api.tesco.com/v2/media/ghs/c23fe36f-3956-4e8e-bca6-70b98ee76c0f/027496be-d026-494c-b9e8-c15abac07a07_1795986568.jpeg?h=225&w=225,
312088194,Love Raw Vegan Treats Tower,https://www.tesco.com/groceries/en-GB/shop/home-and-ents/all?department=Christmas%20Gifts&viewAll=department&page=,£7.00,£7.00/each,,New,/groceries/en-GB/products/312088194,https://digitalcontent.api.tesco.com/v2/media/ghs/115ae99b-bc90-4b56-a3f4-a8aafe7c8fc1/57144981-0aa3-4e09-8bad-9c7e17cdd9da_738805791.jpeg?h=225&w=225,
312211141,Coca Cola Embossed Ceramic Mug,https://www.tesco.com/groceries/en-GB/shop/home-and-ents/all?department=Christmas%20Gifts&viewAll=department&page=,£7.00,£7.00/each,,New,/groceries/en-GB/products/312211141,https://digitalcontent.api.tesco.com/v2/media/ghs/d11dbb32-0c81-4c58-9020-e6a29778577d/0f1d1f24-7c11-441a-8170-f57ef3420745_496763756.jpeg?h=225&w=225,
312210764,Casebound A5 Wtv Diary 2023,https://www.tesco.com/groceries/en-GB/shop/home-and-ents/all?department=Christmas%20Gifts&viewAll=department&page=,£3.00,£3.00/each,,New,/groceries/en-GB/products/312210764,https://digitalcontent.api.tesco.com/v2/media/ghs/d21f3a9c-9126-45b0-a551-5a6c112aa5dd/201c2c4b-2b5e-432e-ad95-8327089544c1_970974523.jpeg?h=225&w=225,
312143394,Tesco Definition 2023 A6 Wtv Diary,https://www.tesco.com/groceries/en-GB/shop/home-and-ents/all?department=Christmas%20Gifts&viewAll=department&page=,£3.00,£3.00/each,,New,/groceries/en-GB/products/312143394,https://digitalcontent.api.tesco.com/v2/media/ghs/ed6011bd-fdde-4d33-92a5-070c4297b6b0/4914de02-ea2c-426d-b78f-a1f89bc7894e_149010266.jpeg?h=225&w=225,
311271750,Global Gizmos Dinosaur String Lights,https://www.tesco.com/groceries/en-GB/shop/home-and-ents/all?department=Christmas%20Gifts&viewAll=department&page=,£5.00,£5.00/each,,New,/groceries/en-GB/products/311271750,https://digitalcontent.api.tesco.com/v2/media/ghs/d3d77aa8-8b17-4fd7-a341-8307e39c8986/ea8e568c-b6f3-4137-93cb-a455a3e1b4b6_462935690.jpeg?h=225&w=225,
312085168,Professor Puzzle Reindeer Ring Toss Game,https://www.tesco.com/groceries/en-GB/shop/home-and-ents/all?department=Christmas%20Gifts&viewAll=department&page=,£4.00,£4.00/each,,New,/groceries/en-GB/products/312085168,https://digitalcontent.api.tesco.com/v2/media/ghs/35d3383c-b3e1-4bd0-b308-0559c848276e/2439e258-4d85-4517-b523-e47985c97f37_754440384.jpeg?h=225&w=225,
311677950,Coffee Syrup Selection 3 X 50Ml,https://www.tesco.com/groceries/en-GB/shop/home-and-ents/all?department=Christmas%20Gifts&viewAll=department&page=,£4.00,£26.67/litre,,New,/groceries/en-GB/products/311677950,https://digitalcontent.api.tesco.com/v2/media/ghs/4b683af9-1a71-4d7b-b88b-ce07dba3ad39/de8526c0-9a3b-4aea-91a8-d97973dbb81a_1132317362.jpeg?h=225&w=225,
311678047,Hyggely & Friend Hot Chocolate Crackers 4 X 20G,https://www.tesco.com/groceries/en-GB/shop/home-and-ents/all?department=Christmas%20Gifts&viewAll=department&page=,£4.00,£5.00/100g,,New,/groceries/en-GB/products/311678047,https://digitalcontent.api.tesco.com/v2/media/ghs/05384284-6cc3-4d16-a105-1752419bbff6/ca7986f3-308c-4aa7-b32d-8ea6a837804a_1459899562.jpeg?h=225&w=225,
312123660,Warmies Dusty Pups Screen Cleaner,https://www.tesco.com/groceries/en-GB/shop/home-and-ents/all?department=Christmas%20Gifts&viewAll=department&page=,£5.00,£5.00/each,,New,/groceries/en-GB/products/312123660,https://digitalcontent.api.tesco.com/v2/media/ghs/1bc077ac-7857-4be7-8f37-306bb56f610f/a4b30f44-e952-422d-ba09-a121cfdd96b9_1382716133.jpeg?h=225&w=225,
312143371,Tesco Bee 2023 A6 Wtv Diary,https://www.tesco.com/groceries/en-GB/shop/home-and-ents/all?department=Christmas%20Gifts&viewAll=department&page=,£2.50,£2.50/each,,New,/groceries/en-GB/products/312143371,https://digitalcontent.api.tesco.com/v2/media/ghs/87ec9c4f-8b96-4a60-947b-3205457c351b/560a4b2a-6be0-4e8f-b9bd-996c582404ce_1146508086.jpeg?h=225&w=225,
312235873,Executive Pocket Diary 2023,https://www.tesco.com/groceries/en-GB/shop/home-and-ents/all?department=Christmas%20Gifts&viewAll=department&page=,£3.00,£3.00/each,,New,/groceries/en-GB/products/312235873,https://digitalcontent.api.tesco.com/v2/media/ghs/e7bb2237-3551-47ed-90ea-84eb5e9c80fe/55ad74cb-4945-49a7-a5e1-58110600c679_1807537921.jpeg?h=225&w=225,
312143647,Fox & Ivy 2023 Slim Wtv Diary,https://www.tesco.com/groceries/en-GB/shop/home-and-ents/all?department=Christmas%20Gifts&viewAll=department&page=,£3.00,£3.00/each,,New,/groceries/en-GB/products/312143647,https://digitalcontent.api.tesco.com/v2/media/ghs/e25f769b-3aa6-4f2e-bc4e-dc7a2a9eb672/67d79f49-7aa1-48d7-949e-4900256ef3d4_1274787288.jpeg?h=225&w=225,
311942688,Professor Puzzle Festive Charades Game,https://www.tesco.com/groceries/en-GB/shop/home-and-ents/all?department=Christmas%20Gifts&viewAll=department&page=,£3.00,£3.00/each,,New,/groceries/en-GB/products/311942688,https://digitalcontent.api.tesco.com/v2/media/ghs/7524a71c-0bd8-48a3-b182-6dd8cbb31fa6/94f397cc-0e9e-4a7c-8854-88bf8094f28b_35364359.jpeg?h=225&w=225,
312162434,Go Create Make Your Own Christmas Stocking,https://www.tesco.com/groceries/en-GB/shop/home-and-ents/all?department=Christmas%20Gifts&viewAll=department&page=,£3.00,£3.00/each,,,/groceries/en-GB/products/312162434,https://digitalcontent.api.tesco.com/v2/media/ghs/c76372fe-97f3-4b19-95da-27f401612d90/12e3656e-d4c8-4541-94f1-edd72a546f3a_399608171.jpeg?h=225&w=225,
312086645,Tobar Snowflake Putty,https://www.tesco.com/groceries/en-GB/shop/home-and-ents/all?department=Christmas%20Gifts&viewAll=department&page=,£2.00,£2.00/each,,,/groceries/en-GB/products/312086645,https://digitalcontent.api.tesco.com/v2/media/ghs/66a9519c-6dab-4fda-8294-69e0b2d4b64c/49ca26f5-f63b-4283-98a8-1901eebbf47d_134957273.jpeg?h=225&w=225,
312050601,Tesco Belonging Christmas Orange & Cinnamon Wax Melts 4X18g,https://www.tesco.com/groceries/en-GB/shop/home-and-ents/all?department=Christmas%20Gifts&viewAll=department&page=,£3.00,£41.67/kg,,New,/groceries/en-GB/products/312050601,https://digitalcontent.api.tesco.com/v2/media/ghs/3d2998ac-1cfe-459e-af95-eca0b551ec9c/2983e2c6-5578-4728-b899-aaa7fc8ec446_223283299.jpeg?h=225&w=225,
312855375,Lego The Batmobile 42127,https://www.tesco.com/groceries/en-GB/shop/home-and-ents/all?department=Christmas%20Gifts&viewAll=department&page=,£90.00,£90.00/each,£72.00 Clubcard Price,,/groceries/en-GB/products/312855375,https://digitalcontent.api.tesco.com/v2/media/ghs/fa62ae81-3193-49a5-9a96-48ea00b73f05/9d4ab032-268d-426f-a6d0-c7d00e1c2af1_320947130.jpeg?h=225&w=225,
296717039,Tresemme Keratin Smooth With Marula Oil Straightener,https://www.tesco.com/groceries/en-GB/shop/home-and-ents/all?department=Christmas%20Gifts&viewAll=department&page=,£55.00,£55.00/each,£37.00 Clubcard Price,,/groceries/en-GB/products/296717039,https://digitalcontent.api.tesco.com/v2/media/ghs/cea62917-324c-412f-8c9b-678f31721d8e/9167c080-d93e-461f-ae9c-b39007ca79b5_431357370.jpeg?h=225&w=225,
307179939,Babyliss 7755Bgu Clipper Gift Set,https://www.tesco.com/groceries/en-GB/shop/home-and-ents/all?department=Christmas%20Gifts&viewAll=department&page=,£60.00,£60.00/each,£30.00 Clubcard Price,,/groceries/en-GB/products/307179939,https://digitalcontent.api.tesco.com/v2/media/ghs/fa646aaf-1a64-4455-b4ff-a0454313a89c/437cac86-83df-474d-a948-71342fc9fef4_938747713.jpeg?h=225&w=225,
307037769,Remington 4 In 1 Adjustable Waver,https://www.tesco.com/groceries/en-GB/shop/home-and-ents/all?department=Christmas%20Gifts&viewAll=department&page=,£55.00,£55.00/each,£43.00 Clubcard Price,,/groceries/en-GB/products/307037769,https://digitalcontent.api.tesco.com/v2/media/ghs/2241768d-6e93-4305-a077-6a5417ca3c8d/c5b2a664-7a5b-4e2d-8216-b0b4508ba001_9979696.jpeg?h=225&w=225,
309112314,Braun Mgk3245 Multi Grooming Kit,https://www.tesco.com/groceries/en-GB/shop/home-and-ents/all?department=Christmas%20Gifts&viewAll=department&page=,£45.00,£45.00/each,£30.00 Clubcard Price,,/groceries/en-GB/products/309112314,https://digitalcontent.api.tesco.com/v2/media/ghs/83665e13-f07e-42a8-bd0f-489ef8dcf3be/508add38-79f0-4f15-98c3-9263f8972f25_1832974139.jpeg?h=225&w=225,
311669735,Cocomelon Boo Boo Jj Doll,https://www.tesco.com/groceries/en-GB/shop/home-and-ents/all?department=Christmas%20Gifts&viewAll=department&page=,£43.00,£43.00/each,,New,/groceries/en-GB/products/311669735,https://digitalcontent.api.tesco.com/v2/media/ghs/e5c7d8b5-7683-47d4-91ab-7232a3a1312d/3ccb6c28-8dc2-46cd-9f84-49fe01741fd6_1606439407.jpeg?h=225&w=225,
312104003,Slush Puppie Making Cup & Blue Raspberry Syrup,https://www.tesco.com/groceries/en-GB/shop/home-and-ents/all?department=Christmas%20Gifts&viewAll=department&page=,£10.00,£0.06/each,,New,/groceries/en-GB/products/312104003,https://digitalcontent.api.tesco.com/v2/media/ghs/2c0864a4-b51c-4d64-8987-b0f74a025954/bf331c94-1234-43e6-aac6-b368160a8768_22899966.jpeg?h=225&w=225,
312353986,Grinch Christmas Eve Hamper,https://www.tesco.com/groceries/en-GB/shop/home-and-ents/all?department=Christmas%20Gifts&viewAll=department&page=,£10.00,£10.00/each,,New,/groceries/en-GB/products/312353986,https://digitalcontent.api.tesco.com/v2/media/ghs/33f758c8-5847-45d0-a759-1c0dd5b517b4/2368aaec-5c23-49f7-a571-0bd56f9108fc_1127192909.jpeg?h=225&w=225,
311757579,Tesco Disney Pluto Treat Jar,https://www.tesco.com/groceries/en-GB/shop/home-and-ents/all?department=Christmas%20Gifts&viewAll=department&page=,£8.00,£8.00/each,,New,/groceries/en-GB/products/311757579,https://digitalcontent.api.tesco.com/v2/media/ghs/c22a55ca-fe6f-4905-b6f2-994d556481a0/b7327b23-722e-43ec-bd0f-9a5001129e75_729831887.jpeg?h=225&w=225,
312084929,Global Gizmos Smartphone Screen Magnifier,https://www.tesco.com/groceries/en-GB/shop/home-and-ents/all?department=Christmas%20Gifts&viewAll=department&page=,£8.00,£8.00/each,,New,/groceries/en-GB/products/312084929,https://digitalcontent.api.tesco.com/v2/media/ghs/8d3ec6d1-3a99-466c-a2a2-83b0ddad5a2f/df77db64-f05c-4531-8dd9-ba38255ecf4c_866112509.jpeg?h=225&w=225,
311797393,LED Light Up Dream Catcher,https://www.tesco.com/groceries/en-GB/shop/home-and-ents/all?department=Christmas%20Gifts&viewAll=department&page=,£8.00,£8.00/each,,New,/groceries/en-GB/products/311797393,https://digitalcontent.api.tesco.com/v2/media/ghs/f80f2c86-35bc-4075-b59f-3df58fdf3a8e/bb1294bd-73b3-4318-b2e3-996116cbf1ec_1305303626.jpeg?h=225&w=225,
312212217,The Grinch Hot Chocolate Mug Set,https://www.tesco.com/groceries/en-GB/shop/home-and-ents/all?department=Christmas%20Gifts&viewAll=department&page=,£6.00,£6.00/each,,New,/groceries/en-GB/products/312212217,https://digitalcontent.api.tesco.com/v2/media/ghs/2218b934-4cb1-4f1e-ae0f-0c0cf8eb978e/f99c4790-d853-40e6-ae88-016feefa32ba_614812551.jpeg?h=225&w=225,
312349807,The Snowman Hot Chocolate Mug Set,https://www.tesco.com/groceries/en-GB/shop/home-and-ents/all?department=Christmas%20Gifts&viewAll=department&page=,£6.00,£6.00/each,,New,/groceries/en-GB/products/312349807,https://digitalcontent.api.tesco.com/v2/media/ghs/b0c67aa2-d911-4745-890f-68c68366feb7/cdf6273a-66fb-4c5d-a3c5-fdec8a5fee15_1736593307.jpeg?h=225&w=225,
312107403,Professor Puzzle Brussels Sprouts Festive Jigsaw,https://www.tesco.com/groceries/en-GB/shop/home-and-ents/all?department=Christmas%20Gifts&viewAll=department&page=,£4.00,£4.00/each,,New,/groceries/en-GB/products/312107403,https://digitalcontent.api.tesco.com/v2/media/ghs/d02a32ed-877d-4674-8311-1b043a641593/d8886410-d40a-4bd7-b608-b2fe4f61ed71_824037580.jpeg?h=225&w=225,
312099221,Fizz Creations Tetris Arcade Keyring Game,https://www.tesco.com/groceries/en-GB/shop/home-and-ents/all?department=Christmas%20Gifts&viewAll=department&page=,£8.00,£8.00/each,,New,/groceries/en-GB/products/312099221,https://digitalcontent.api.tesco.com/v2/media/ghs/40240897-982b-4cfb-89ae-b7e8fee489a0/7b065a7e-62ee-491e-8a64-2ff1c08873de_1329844334.jpeg?h=225&w=225,
311960136,Turn Up The Heat Chilli Challenge Game,https://www.tesco.com/groceries/en-GB/shop/home-and-ents/all?department=Christmas%20Gifts&viewAll=department&page=,£6.00,£6.00/each,,New,/groceries/en-GB/products/311960136,https://digitalcontent.api.tesco.com/v2/media/ghs/49151526-a31a-4f03-9e90-dab5a2d47982/ee04ca08-5bde-4f06-b21b-af66dbcba679_462631520.jpeg?h=225&w=225,
309931813,Mystic 8 Ball,https://www.tesco.com/groceries/en-GB/shop/home-and-ents/all?department=Christmas%20Gifts&viewAll=department&page=,£5.00,£5.00/each,,,/groceries/en-GB/products/309931813,https://digitalcontent.api.tesco.com/v2/media/ghs/20505332-2da4-47d4-80e1-a9b9d7979904/8cea42d1-a60e-40e2-a1d4-31f5043995e2_296553351.jpeg?h=225&w=225,
312099371,Gingerbread Man Cookie Skillet Baking Set,https://www.tesco.com/groceries/en-GB/shop/home-and-ents/all?department=Christmas%20Gifts&viewAll=department&page=,£6.00,£6.00/each,,New,/groceries/en-GB/products/312099371,https://digitalcontent.api.tesco.com/v2/media/ghs/e7df80b0-77e2-4fc9-9c42-5dff16220588/a48e6b28-eed6-478b-8067-f00734f7c130_1556390939.jpeg?h=225&w=225,
312226740,Executive Black A5 Wtv Diary 2023,https://www.tesco.com/groceries/en-GB/shop/home-and-ents/all?department=Christmas%20Gifts&viewAll=department&page=,£3.50,£3.50/each,,New,/groceries/en-GB/products/312226740,https://digitalcontent.api.tesco.com/v2/media/ghs/919a1a3b-a65e-4b95-b823-19e48b19f6f6/2b719b1c-cc01-4397-9582-cfb84e9d12e3_188471638.jpeg?h=225&w=225,
310844656,Half & Half Brookie Skillet Baking Kit,https://www.tesco.com/groceries/en-GB/shop/home-and-ents/all?department=Christmas%20Gifts&viewAll=department&page=,£6.00,£6.00/each,,New,/groceries/en-GB/products/310844656,https://digitalcontent.api.tesco.com/v2/media/ghs/2586a3b0-593e-415d-b6bb-b8dd34024e67/0f1cf885-57a5-4911-8f08-b20560f3a641_305268061.jpeg?h=225&w=225,
311791042,Playstation PS5 Stress Controller,https://www.tesco.com/groceries/en-GB/shop/home-and-ents/all?department=Christmas%20Gifts&viewAll=department&page=,£5.00,£5.00/each,,,/groceries/en-GB/products/311791042,https://digitalcontent.api.tesco.com/v2/media/ghs/a1487459-1b84-48ba-a400-c6eb7d8837ab/221379a1-d6b6-4f4a-91bc-66abf04d3501_758550241.jpeg?h=225&w=225,
312123625,Warmies Grey Neck Wrap,https://www.tesco.com/groceries/en-GB/shop/home-and-ents/all?department=Christmas%20Gifts&viewAll=department&page=,£8.00,£8.00/each,,New,/groceries/en-GB/products/312123625,https://digitalcontent.api.tesco.com/v2/media/ghs/c2dd8263-96ad-478d-a674-65f84aa6a734/f6321d3a-dfb5-46f2-9f54-925dc8252fc7_1923119597.jpeg?h=225&w=225,
311441434,Melted Snowman Cookie Decorating Kit,https://www.tesco.com/groceries/en-GB/shop/home-and-ents/all?department=Christmas%20Gifts&viewAll=department&page=,£6.00,£6.00/each,,New,/groceries/en-GB/products/311441434,https://digitalcontent.api.tesco.com/v2/media/ghs/3b55f291-6cb8-415f-bd9e-f83bdf426ba9/e2e75f54-7f7f-4965-9a16-25c9aac4b67c_1502224532.jpeg?h=225&w=225,
309731969,Baileys Indulgent Milkshake Set,https://www.tesco.com/groceries/en-GB/shop/home-and-ents/all?department=Christmas%20Gifts&viewAll=department&page=,£6.00,£6.00/each,,,/groceries/en-GB/products/309731969,https://digitalcontent.api.tesco.com/v2/media/ghs/bcd3e366-1ca0-43ed-b1f7-3d1d341e5718/62bca9cb-9604-4e9c-ab41-bffdd1eadb92_727786383.jpeg?h=225&w=225,
311940917,Love Raw Vegan Make Your Own Milkshake,https://www.tesco.com/groceries/en-GB/shop/home-and-ents/all?department=Christmas%20Gifts&viewAll=department&page=,£6.00,£6.00/each,,New,/groceries/en-GB/products/311940917,https://digitalcontent.api.tesco.com/v2/media/ghs/aabb96f7-289f-4898-9e93-84d706c8aef1/4b5aa798-a9ac-4a9c-b91b-589a3cf064c8_1590779737.jpeg?h=225&w=225,
312143492,Tesco A5 High Gloss 2023 Wtv Diary,https://www.tesco.com/groceries/en-GB/shop/home-and-ents/all?department=Christmas%20Gifts&viewAll=department&page=,£2.50,£2.50/each,,New,/groceries/en-GB/products/312143492,https://digitalcontent.api.tesco.com/v2/media/ghs/faec86e3-a4f6-4bdf-9ef0-cf5f06d602a4/19547399-900c-4d2b-bd2f-bdc4c8e739e7_1966814338.jpeg?h=225&w=225,
312143405,Tesco A6 Purple Floral 2023 Wtv Diary,https://www.tesco.com/groceries/en-GB/shop/home-and-ents/all?department=Christmas%20Gifts&viewAll=department&page=,£2.50,£2.50/each,,New,/groceries/en-GB/products/312143405,https://digitalcontent.api.tesco.com/v2/media/ghs/bc4b066a-134a-432b-9991-fc3cde953a27/a2452514-e5a3-4f9a-95f8-bbb7a8b62ea4_1464631000.jpeg?h=225&w=225,
312216435,Casebound Black A6 Wtv Diary 2023,https://www.tesco.com/groceries/en-GB/shop/home-and-ents/all?department=Christmas%20Gifts&viewAll=department&page=,£2.50,£2.50/each,,New,/groceries/en-GB/products/312216435,https://digitalcontent.api.tesco.com/v2/media/ghs/fa4c02b3-57e4-4fd8-9992-68b5db3ed6a8/64af0cd9-0c91-4197-a38c-966ce9f193b6_150260685.jpeg?h=225&w=225,
312143388,Tesco Kraft 2023 A6 Wtv Diary,https://www.tesco.com/groceries/en-GB/shop/home-and-ents/all?department=Christmas%20Gifts&viewAll=department&page=,£2.50,£2.50/each,,New,/groceries/en-GB/products/312143388,https://digitalcontent.api.tesco.com/v2/media/ghs/2e854e98-979a-4425-aba6-8e811fdbaaae/d59bf067-1b97-4afc-81ca-4950b4061333_757256222.jpeg?h=225&w=225,
312097718,Shot 2 Go Wooden Merry Christmas Ornament,https://www.tesco.com/groceries/en-GB/shop/home-and-ents/all?department=Christmas%20Gifts&viewAll=department&page=,£3.00,£3.00/each,,New,/groceries/en-GB/products/312097718,https://digitalcontent.api.tesco.com/v2/media/ghs/f05dd021-6176-4a40-ac9b-c4556982cc14/8eec7b2b-02e0-43f0-ac63-467ecb866975_684417905.jpeg?h=225&w=225,
312101939,Joe & Sephs Cracker Selection Popcorn Gift Set 4x7g,https://www.tesco.com/groceries/en-GB/shop/home-and-ents/all?department=Christmas%20Gifts&viewAll=department&page=,£6.00,£21.43/100g,£5.00 Clubcard Price,,/groceries/en-GB/products/312101939,https://digitalcontent.api.tesco.com/v2/media/ghs/a4cc79f3-8dd0-4b1b-8c61-d86ad5e3385a/f2f9d66a-cf5b-4f2f-b35b-b1bc4edd5563_557373481.jpeg?h=225&w=225,
312143336,Tesco Dotty 2023 Wtv Slim Diary,https://www.tesco.com/groceries/en-GB/shop/home-and-ents/all?department=Christmas%20Gifts&viewAll=department&page=,£2.00,£2.00/each,,,/groceries/en-GB/products/312143336,https://digitalcontent.api.tesco.com/v2/media/ghs/679e37a4-47bd-4f2e-80da-fae4335eecff/8c760089-feb9-443e-9b35-5d79216a4320_1565464772.jpeg?h=225&w=225,
309543679,Protectasaurus,https://www.tesco.com/groceries/en-GB/shop/home-and-ents/all?department=Christmas%20Gifts&viewAll=department&page=,£3.00,£3.00/each,,,/groceries/en-GB/products/309543679,https://digitalcontent.api.tesco.com/v2/media/ghs/5231711e-9884-4bf3-817f-9eda9976864a/11c12071-05f0-4b92-bcad-0e87e4c4b1bd_1295816038.jpeg?h=225&w=225,
285643056,Wahl Clipper Gift Set 79305-2817,https://www.tesco.com/groceries/en-GB/shop/home-and-ents/all?department=Christmas%20Gifts&viewAll=department&page=,£44.00,£44.00/each,£22.00 Clubcard Price,,/groceries/en-GB/products/285643056,https://digitalcontent.api.tesco.com/v2/media/ghs/07b4daeb-8375-4990-9b43-b3418be4ed7b/df36d4fa-c77f-4876-a016-828d8cd88c7a_975472195.jpeg?h=225&w=225,
309112337,Remington R3 Rotary Shaver,https://www.tesco.com/groceries/en-GB/shop/home-and-ents/all?department=Christmas%20Gifts&viewAll=department&page=,£33.00,£33.00/each,,,/groceries/en-GB/products/309112337,https://digitalcontent.api.tesco.com/v2/media/ghs/973d6578-d2c0-4db0-9711-63f8c2e507fa/c08b0475-a338-40e8-b852-f5b18ac4f7c0_1378723072.jpeg?h=225&w=225,
311427734,Global Gizmos Treat Grabber,https://www.tesco.com/groceries/en-GB/shop/home-and-ents/all?department=Christmas%20Gifts&viewAll=department&page=,£22.00,£22.00/each,,New,/groceries/en-GB/products/311427734,https://digitalcontent.api.tesco.com/v2/media/ghs/c62112d7-1fdc-45c4-9fe1-38bc6de29f0d/1c9a9f01-2906-41ce-afc1-cec327ba815b_1666361785.jpeg?h=225&w=225,
312105117,Harry Potter Levitating Wand Pen Set,https://www.tesco.com/groceries/en-GB/shop/home-and-ents/all?department=Christmas%20Gifts&viewAll=department&page=,£10.00,£10.00/each,,,/groceries/en-GB/products/312105117,https://digitalcontent.api.tesco.com/v2/media/ghs/b53d519c-cd3b-424a-9d8f-8e1e27c3cfe6/e0a8f1c6-a8d0-4acd-ab81-65d28ae8ebfa_458520782.jpeg?h=225&w=225,
311806735,Global Gizmos Colour Changing LED Strip Light 5m,https://www.tesco.com/groceries/en-GB/shop/home-and-ents/all?department=Christmas%20Gifts&viewAll=department&page=,£12.00,£12.00/each,,New,/groceries/en-GB/products/311806735,https://digitalcontent.api.tesco.com/v2/media/ghs/6c4fe36a-25d9-4dcf-b8f1-06b8b6868896/fcbc4b00-913f-4376-b056-4481289babba_1907787906.jpeg?h=225&w=225,
311944588,Snowman Christmas Eve Hamper,https://www.tesco.com/groceries/en-GB/shop/home-and-ents/all?department=Christmas%20Gifts&viewAll=department&page=,£10.00,£10.00/each,,New,/groceries/en-GB/products/311944588,https://digitalcontent.api.tesco.com/v2/media/ghs/4ec1dda4-8346-43f2-9551-c1e63a3f9ce7/9be82697-c94a-48e6-a70d-2c377e7fbf98_208503802.jpeg?h=225&w=225,
312096627,Deli At Home Oil & Vinegar Selection,https://www.tesco.com/groceries/en-GB/shop/home-and-ents/all?department=Christmas%20Gifts&viewAll=department&page=,£10.00,£10.00/each,,New,/groceries/en-GB/products/312096627,https://digitalcontent.api.tesco.com/v2/media/ghs/13457e23-0e92-4921-a179-ca2ea813316a/f5922977-07b4-4cad-9732-cbd3719fbc5b_2046679892.jpeg?h=225&w=225,
312095922,Jack Daniels Tumbler & Hipflask 3OZ,https://www.tesco.com/groceries/en-GB/shop/home-and-ents/all?department=Christmas%20Gifts&viewAll=department&page=,£10.00,£10.00/each,,New,/groceries/en-GB/products/312095922,https://digitalcontent.api.tesco.com/v2/media/ghs/9319517b-499f-459e-a39c-b6e55fdb104a/525d9433-3622-44d6-9de7-233b242f906e_1533108304.jpeg?h=225&w=225,
312107017,Bailey Fondue Gift Set,https://www.tesco.com/groceries/en-GB/shop/home-and-ents/all?department=Christmas%20Gifts&viewAll=department&page=,£10.00,£10.00/each,£8.00 Clubcard Price,,/groceries/en-GB/products/312107017,https://digitalcontent.api.tesco.com/v2/media/ghs/35bf1eaa-2ada-453e-8405-0852f02678c5/771d01d8-e06c-43da-987e-9308efc53756_1006871942.jpeg?h=225&w=225,
312085992,Costa Coffee Travel Cup Gift Set,https://www.tesco.com/groceries/en-GB/shop/home-and-ents/all?department=Christmas%20Gifts&viewAll=department&page=,£10.00,£10.00/each,,New,/groceries/en-GB/products/312085992,https://digitalcontent.api.tesco.com/v2/media/ghs/c03e904a-a086-46a5-9c6c-e19556dd4b5d/8c3c067e-365e-418d-a9ce-b0c2e02731b3_18786580.jpeg?h=225&w=225,
311957256,Harry Potter Hedwig Book Light,https://www.tesco.com/groceries/en-GB/shop/home-and-ents/all?department=Christmas%20Gifts&viewAll=department&page=,£8.00,£8.00/each,,New,/groceries/en-GB/products/311957256,https://digitalcontent.api.tesco.com/v2/media/ghs/b2166a38-faf2-4836-a2c4-4669dfd817fb/dec6e745-556b-41b9-9f96-c2cd2c495997_1812378627.jpeg?h=225&w=225,
310106237,Alice Scott The Heat Retreat Set,https://www.tesco.com/groceries/en-GB/shop/home-and-ents/all?department=Christmas%20Gifts&viewAll=department&page=,£10.00,£10.00/each,,,/groceries/en-GB/products/310106237,https://digitalcontent.api.tesco.com/v2/media/ghs/74d328c8-3e9c-4f8d-ae5d-dd9acaa0122f/c00be3a2-6647-4e80-b459-fe4b33ed8aa2_1274975642.jpeg?h=225&w=225,
311779121,Harry Potter Avoid You Know Who Card Game,https://www.tesco.com/groceries/en-GB/shop/home-and-ents/all?department=Christmas%20Gifts&viewAll=department&page=,£5.00,£5.00/each,,,/groceries/en-GB/products/311779121,https://digitalcontent.api.tesco.com/v2/media/ghs/cb44905a-0a3b-41eb-ad81-58c530d413e7/969f1a89-80f2-4222-bcc2-776697820c1d_1977729185.jpeg?h=225&w=225,
312143526,Tesco Tiger 2023 A5 Dap Diary,https://www.tesco.com/groceries/en-GB/shop/home-and-ents/all?department=Christmas%20Gifts&viewAll=department&page=,£5.00,£5.00/each,,New,/groceries/en-GB/products/312143526,https://digitalcontent.api.tesco.com/v2/media/ghs/4e65995c-ec70-4729-a8f2-92b2edf5d0f3/481a8099-92bb-42dd-8fd6-be3b290ace2d_1609778095.jpeg?h=225&w=225,
312123631,Warmies Microwavable Grey Bottle,https://www.tesco.com/groceries/en-GB/shop/home-and-ents/all?department=Christmas%20Gifts&viewAll=department&page=,£8.00,£8.00/each,,,/groceries/en-GB/products/312123631,https://digitalcontent.api.tesco.com/v2/media/ghs/279be216-eef0-400f-9062-2e8b47bcc547/1cbc3815-8d53-4dfb-9cdf-ab90284e2fb2_131032858.jpeg?h=225&w=225,
312143503,Tesco Squiggles 2023 A5 Wtv Diary,https://www.tesco.com/groceries/en-GB/shop/home-and-ents/all?department=Christmas%20Gifts&viewAll=department&page=,£4.00,£4.00/each,,New,/groceries/en-GB/products/312143503,https://digitalcontent.api.tesco.com/v2/media/ghs/fd72aaf2-2646-4eb8-a9f4-135d8c7b72cc/3483d929-68d7-4123-b4a5-06b1e478221a_190003413.jpeg?h=225&w=225,
312214374,Casebound A4 Wtv Diary 2023,https://www.tesco.com/groceries/en-GB/shop/home-and-ents/all?department=Christmas%20Gifts&viewAll=department&page=,£4.00,£4.00/each,,New,/groceries/en-GB/products/312214374,https://digitalcontent.api.tesco.com/v2/media/ghs/746b7d94-e750-4cd2-8248-84f3142cb7f3/d8787eb0-43c9-433c-8ca8-6585d359a493_1678815403.jpeg?h=225&w=225,
312143457,Tesco Wild Floral 2023 A5 Wtv Diary,https://www.tesco.com/groceries/en-GB/shop/home-and-ents/all?department=Christmas%20Gifts&viewAll=department&page=,£4.00,£4.00/each,,New,/groceries/en-GB/products/312143457,https://digitalcontent.api.tesco.com/v2/media/ghs/4a7dcc90-e281-42bd-8e31-66b9add2e97a/84fa279b-7dee-4f0e-b9e2-623e0991e227_2053237380.jpeg?h=225&w=225,
312143434,Tesco Dogs 2023 A5 Wtv Diary,https://www.tesco.com/groceries/en-GB/shop/home-and-ents/all?department=Christmas%20Gifts&viewAll=department&page=,£4.00,£4.00/each,,New,/groceries/en-GB/products/312143434,https://digitalcontent.api.tesco.com/v2/media/ghs/087a7975-7c21-412e-991e-ad07b87430b4/c4769ae5-ce1d-44ed-b69e-73ace3f49708_1992514992.jpeg?h=225&w=225,
312086000,Casebound A5 Dap Diary 2023,https://www.tesco.com/groceries/en-GB/shop/home-and-ents/all?department=Christmas%20Gifts&viewAll=department&page=,£4.00,£4.00/each,,New,/groceries/en-GB/products/312086000,https://digitalcontent.api.tesco.com/v2/media/ghs/9f25039c-885e-4a91-b075-4d69efce4b7f/674180b0-185c-42d1-8578-f2748298ffc7_1088211011.jpeg?h=225&w=225,
312123677,Warmies Eye Mask,https://www.tesco.com/groceries/en-GB/shop/home-and-ents/all?department=Christmas%20Gifts&viewAll=department&page=,£6.00,£6.00/each,,,/groceries/en-GB/products/312123677,https://digitalcontent.api.tesco.com/v2/media/ghs/a3e2ef15-6335-4974-bfeb-24e5b9cfefa8/4aa37f54-bf57-4f5d-8177-5b6b097ff09e_1854562410.jpeg?h=225&w=225,
311270707,Professor Puzzle Kids Vs Grown Ups Game,https://www.tesco.com/groceries/en-GB/shop/home-and-ents/all?department=Christmas%20Gifts&viewAll=department&page=,£5.00,£5.00/each,,New,/groceries/en-GB/products/311270707,https://digitalcontent.api.tesco.com/v2/media/ghs/b6565187-e255-4700-90e1-bf765aead5de/5ce82e5a-8354-4241-ac31-f46b7dd3c104_1753689217.jpeg?h=225&w=225,
311681155,Professor Puzzle The Sleep Kit,https://www.tesco.com/groceries/en-GB/shop/home-and-ents/all?department=Christmas%20Gifts&viewAll=department&page=,£6.00,£6.00/each,£5.00 Clubcard Price,,/groceries/en-GB/products/311681155,https://digitalcontent.api.tesco.com/v2/media/ghs/c5cb4ce9-938b-4f99-ae8b-a36c42158a55/e9f04e35-ecb7-4823-b760-b6264220f795_469311901.jpeg?h=225&w=225,
312342204,Scott & Lawson Beard Kit,https://www.tesco.com/groceries/en-GB/shop/home-and-ents/all?department=Christmas%20Gifts&viewAll=department&page=,£6.00,£6.00/each,,New,/groceries/en-GB/products/312342204,https://digitalcontent.api.tesco.com/v2/media/ghs/0ff8bb51-e64d-4350-a842-08e9cffc23af/13c6dadd-19f5-49e4-abf0-74b626a95743_605196691.jpeg?h=225&w=225,
311437221,Candlelight Led Sprkl Candle 70G Aromatic Shea,https://www.tesco.com/groceries/en-GB/shop/home-and-ents/all?department=Christmas%20Gifts&viewAll=department&page=,£8.50,£121.43/kg,£6.35 Clubcard Price,,/groceries/en-GB/products/311437221,https://digitalcontent.api.tesco.com/v2/media/ghs/f7c0ea48-cd73-4e45-a4bf-1a1efd5ffd66/b130d27e-90f6-49bc-a7c4-915fefa9b984_616646620.jpeg?h=225&w=225,
312099457,Global Gizmos Unicorn String Lights,https://www.tesco.com/groceries/en-GB/shop/home-and-ents/all?department=Christmas%20Gifts&viewAll=department&page=,£5.00,£5.00/each,,,/groceries/en-GB/products/312099457,https://digitalcontent.api.tesco.com/v2/media/ghs/14b85de4-d1d0-45d5-9656-04b48fc737f3/442b1723-421d-442d-b65a-b3c8d9f839e9_739885122.jpeg?h=225&w=225,
312169847,Tesco Pine Cone Pillar Candle 260G,https://www.tesco.com/groceries/en-GB/shop/home-and-ents/all?department=Christmas%20Gifts&viewAll=department&page=,£5.00,£19.24/kg,,New,/groceries/en-GB/products/312169847,https://digitalcontent.api.tesco.com/v2/media/ghs/34b542a8-2011-4cef-a588-62696695793a/c258abf6-6862-4e18-915a-5b9db3c50a57_1770364872.jpeg?h=225&w=225,
311945126,Professor Puzzle Pranks & Tricks/Card Tricks Games Assortment,https://www.tesco.com/groceries/en-GB/shop/home-and-ents/all?department=Christmas%20Gifts&viewAll=department&page=,£3.00,£3.00/each,,New,/groceries/en-GB/products/311945126,https://digitalcontent.api.tesco.com/v2/media/ghs/32aa4611-f1c4-41d2-92e6-9c9de76700c1/aa3c3e2e-06e3-4a13-bcc5-c191deee0488_133966048.jpeg?h=225&w=225,
312083815,The Cocktail Bar Syrup Selection 3x45ml,https://www.tesco.com/groceries/en-GB/shop/home-and-ents/all?department=Christmas%20Gifts&viewAll=department&page=,£4.00,£2.97/100ml,,New,/groceries/en-GB/products/312083815,https://digitalcontent.api.tesco.com/v2/media/ghs/d1add010-f28c-4b9b-b613-2e09e79ec92d/9ecaed7d-8472-49d2-a12a-91b5239cef82_1113649578.jpeg?h=225&w=225,
312050624,Tesco Belonging Christmas Wax Melt Burner,https://www.tesco.com/groceries/en-GB/shop/home-and-ents/all?department=Christmas%20Gifts&viewAll=department&page=,£4.00,£4.00/each,,,/groceries/en-GB/products/312050624,https://digitalcontent.api.tesco.com/v2/media/ghs/e393c3f6-58a4-439a-8d19-5b466023c1fd/6044911f-affd-4666-9a9d-728779ee0f44_564282997.jpeg?h=225&w=225,
312143313,Tesco Doves 2023 Wtv Slim Diary,https://www.tesco.com/groceries/en-GB/shop/home-and-ents/all?department=Christmas%20Gifts&viewAll=department&page=,£2.00,£2.00/each,,,/groceries/en-GB/products/312143313,https://digitalcontent.api.tesco.com/v2/media/ghs/4b9f8837-a6fd-4b71-aebc-2e3d9d9818a9/7d52b28f-c4ae-45d5-9f95-c8fe1d8e9dc6_1563453450.jpeg?h=225&w=225,
309543649,Standasaurus,https://www.tesco.com/groceries/en-GB/shop/home-and-ents/all?department=Christmas%20Gifts&viewAll=department&page=,£2.50,£2.50/each,,,/groceries/en-GB/products/309543649,https://digitalcontent.api.tesco.com/v2/media/ghs/81dc4413-112b-452a-9f00-6392f7c33e65/e8d89597-4568-4ff0-98ba-94490c774508_1352660265.jpeg?h=225&w=225,
312143428,Tesco High Gloss 2023 A6 Wtv Diary,https://www.tesco.com/groceries/en-GB/shop/home-and-ents/all?department=Christmas%20Gifts&viewAll=department&page=,£1.50,£1.50/each,,New,/groceries/en-GB/products/312143428,https://digitalcontent.api.tesco.com/v2/media/ghs/015c8600-e8e3-4230-9917-c9a3c9f9d55c/71bd3c1a-ec4c-40f3-80bd-2b1ca9227f1d_356775393.jpeg?h=225&w=225,
311721909,Tesco Rudi Make Your Own Christmas Cards,https://www.tesco.com/groceries/en-GB/shop/home-and-ents/all?department=Christmas%20Gifts&viewAll=department&page=,£2.00,£2.00/each,,,/groceries/en-GB/products/311721909,https://digitalcontent.api.tesco.com/v2/media/ghs/040e0d65-f0ca-46ab-b5dc-c48b31d0a409/100c80b2-167d-4087-ba97-945044a46962_1940460923.jpeg?h=225&w=225,
311209152,Fizz Creations Glasses Cleaning Kit,https://www.tesco.com/groceries/en-GB/shop/home-and-ents/all?department=Christmas%20Gifts&viewAll=department&page=,£4.00,£4.00/each,,,/groceries/en-GB/products/311209152,https://digitalcontent.api.tesco.com/v2/media/ghs/647104df-aa78-44c3-963d-e5187d965f79/c12f61d7-0c48-46b0-9c21-e0d2b9f188b8_1919691455.jpeg?h=225&w=225,
307179883,Babyliss 5753Ru Berry Crush Hairdryer,https://www.tesco.com/groceries/en-GB/shop/home-and-ents/all?department=Christmas%20Gifts&viewAll=department&page=,£45.00,£45.00/each,£27.00 Clubcard Price,,/groceries/en-GB/products/307179883,https://digitalcontent.api.tesco.com/v2/media/ghs/f508bdaf-0e20-42e4-b431-1416e5ce7953/46c1db7c-74e4-4816-96ec-557b8868e063_754345560.jpeg?h=225&w=225,
309086972,Babyliss Rose Lustre 230 Straightener,https://www.tesco.com/groceries/en-GB/shop/home-and-ents/all?department=Christmas%20Gifts&viewAll=department&page=,£40.00,£40.00/each,£27.00 Clubcard Price,,/groceries/en-GB/products/309086972,https://digitalcontent.api.tesco.com/v2/media/ghs/c1b17bd6-4fb9-45af-a2ef-05dd0792f46b/a83bd702-9273-4277-b92e-baa98eadf369_165482097.jpeg?h=225&w=225,
296717022,Tresemme Keratin Smooth With Marula Oil Hair Dryer,https://www.tesco.com/groceries/en-GB/shop/home-and-ents/all?department=Christmas%20Gifts&viewAll=department&page=,£40.00,£40.00/each,£27.00 Clubcard Price,,/groceries/en-GB/products/296717022,https://digitalcontent.api.tesco.com/v2/media/ghs/6c15d105-0a2e-400e-803f-1374fc6c37f6/ead237b2-1557-42cb-8ca5-9c29e41ba5dd_873803184.jpeg?h=225&w=225,
311954757,Joe & Sephs Movie Night Popcorn & Bowls,https://www.tesco.com/groceries/en-GB/shop/home-and-ents/all?department=Christmas%20Gifts&viewAll=department&page=,£12.00,£12.00/each,,New,/groceries/en-GB/products/311954757,https://digitalcontent.api.tesco.com/v2/media/ghs/3bf273ef-05c1-4810-a72b-29a09b5386c1/a192aeca-1ef3-474c-8594-70739182abb2_145148620.jpeg?h=225&w=225,
311942170,Casebound A4 Dap Diary 2023,https://www.tesco.com/groceries/en-GB/shop/home-and-ents/all?department=Christmas%20Gifts&viewAll=department&page=,£6.00,£6.00/each,,New,/groceries/en-GB/products/311942170,https://digitalcontent.api.tesco.com/v2/media/ghs/6b7063fa-cece-4623-a0fd-9d93f647bace/44882133-b112-4acb-9e93-f6ea7d5e6b7f_310766773.jpeg?h=225&w=225,
312143561,Tesco Kraft Floral A5 2023 Dap Diary,https://www.tesco.com/groceries/en-GB/shop/home-and-ents/all?department=Christmas%20Gifts&viewAll=department&page=,£5.00,£5.00/each,,New,/groceries/en-GB/products/312143561,https://digitalcontent.api.tesco.com/v2/media/ghs/ccb63a34-4c58-452d-b04b-0db9b01310fc/4724f2fc-6be1-42c4-93b0-000895d1e060_151093011.jpeg?h=225&w=225,
312143653,Fox & Ivy A5 Wtv Diary 2023,https://www.tesco.com/groceries/en-GB/shop/home-and-ents/all?department=Christmas%20Gifts&viewAll=department&page=,£5.00,£5.00/each,,New,/groceries/en-GB/products/312143653,https://digitalcontent.api.tesco.com/v2/media/ghs/5104e63d-2680-4b1b-8d53-210d1b9ade0d/c575902f-63c9-46a5-82c3-ae98eea3e861_759126939.jpeg?h=225&w=225,
312143555,Tesco Months 2023 A5 Dap Diary,https://www.tesco.com/groceries/en-GB/shop/home-and-ents/all?department=Christmas%20Gifts&viewAll=department&page=,£5.00,£5.00/each,,New,/groceries/en-GB/products/312143555,https://digitalcontent.api.tesco.com/v2/media/ghs/aac43da4-05e3-404d-b493-c4ca388a444b/4fc5facc-059b-469e-9e8c-535277fb5163_1002571759.jpeg?h=225&w=225,
312143532,Tesco Green Floral A5 2023 Dap Dairy,https://www.tesco.com/groceries/en-GB/shop/home-and-ents/all?department=Christmas%20Gifts&viewAll=department&page=,£5.00,£5.00/each,,New,/groceries/en-GB/products/312143532,https://digitalcontent.api.tesco.com/v2/media/ghs/1bf7f830-07bd-41bd-bde5-b4809b0ef9a1/2d9b0c6d-146e-4c0f-9e77-21436357de52_1724537041.jpeg?h=225&w=225,
311780683,Stranger Things Novelty Purse,https://www.tesco.com/groceries/en-GB/shop/home-and-ents/all?department=Christmas%20Gifts&viewAll=department&page=,£8.00,£8.00/each,,New,/groceries/en-GB/products/311780683,https://digitalcontent.api.tesco.com/v2/media/ghs/9c1285b0-f25a-4b86-b993-ee11847caebe/ee81d8dd-3e08-4871-aa24-0c8bf385dd6f_1772242458.jpeg?h=225&w=225,
312096909,Chai Latte Set,https://www.tesco.com/groceries/en-GB/shop/home-and-ents/all?department=Christmas%20Gifts&viewAll=department&page=,£7.00,£7.00/each,,New,/groceries/en-GB/products/312096909,https://digitalcontent.api.tesco.com/v2/media/ghs/fc576535-b424-4117-a61a-dd8ddacd3484/d4b3d7ff-a408-4d7b-9131-77c4d53827f2_1579571394.jpeg?h=225&w=225,
311951055,Candlelight 70G Light Up Silver Candle White Spice,https://www.tesco.com/groceries/en-GB/shop/home-and-ents/all?department=Christmas%20Gifts&viewAll=department&page=,£8.50,£121.43/kg,,New,/groceries/en-GB/products/311951055,https://digitalcontent.api.tesco.com/v2/media/ghs/755a1c93-5c05-40bf-a1d1-c3bc93609153/0320f7d3-16f3-44d8-b630-5b1fa2d9b74a_1658985957.jpeg?h=225&w=225,
312145870,Tesco Belonging Gold Christmas Orange & Cinnamon Candle 230G,https://www.tesco.com/groceries/en-GB/shop/home-and-ents/all?department=Christmas%20Gifts&viewAll=department&page=,£8.00,£34.79/kg,,New,/groceries/en-GB/products/312145870,https://digitalcontent.api.tesco.com/v2/media/ghs/4433b764-8250-4385-ab70-cd41269deac8/d63f34f0-8ebe-4ec2-a5b7-7bf361d5eab1_278937160.jpeg?h=225&w=225,
310415992,Jack Daniels Bbq Sauce Set Duo,https://www.tesco.com/groceries/en-GB/shop/home-and-ents/all?department=Christmas%20Gifts&viewAll=department&page=,£8.00,£8.00/each,,,/groceries/en-GB/products/310415992,https://digitalcontent.api.tesco.com/v2/media/ghs/9f71cae3-b878-4308-9834-6a7affc67aa9/8e7d9947-e655-4407-bcd5-760c2b8d3915_1465246724.jpeg?h=225&w=225,
312143440,Tesco Two Tone 2023 A5 Wtv Diary,https://www.tesco.com/groceries/en-GB/shop/home-and-ents/all?department=Christmas%20Gifts&viewAll=department&page=,£4.00,£4.00/each,,,/groceries/en-GB/products/312143440,https://digitalcontent.api.tesco.com/v2/media/ghs/2f521f8b-97c6-4a55-b7ea-599a7389bd7e/bfc372cf-c501-48ae-8fa1-e565d885b9d8_430642206.jpeg?h=225&w=225,
311959853,Shot 2 Go Wooden Photo Snowglobe,https://www.tesco.com/groceries/en-GB/shop/home-and-ents/all?department=Christmas%20Gifts&viewAll=department&page=,£5.00,£5.00/each,,New,/groceries/en-GB/products/311959853,https://digitalcontent.api.tesco.com/v2/media/ghs/db0252e6-74c9-4987-bf72-1a32c582feec/1aaa5b4f-6d3f-4ddd-9e2a-0ea1fed1ae26_131626747.jpeg?h=225&w=225,
312089112,Turn Up The Heat Grow Your Own Chillies,https://www.tesco.com/groceries/en-GB/shop/home-and-ents/all?department=Christmas%20Gifts&viewAll=department&page=,£6.00,£6.00/each,,,/groceries/en-GB/products/312089112,https://digitalcontent.api.tesco.com/v2/media/ghs/531a72b9-f5f4-477e-8144-b12b4ff97fbc/35777b8c-8bc4-48e5-bbe2-5b344b032913_90757377.jpeg?h=225&w=225,
312093734,Harry Potter Dobby Jigsaw In A Sock,https://www.tesco.com/groceries/en-GB/shop/home-and-ents/all?department=Christmas%20Gifts&viewAll=department&page=,£5.00,£5.00/each,,New,/groceries/en-GB/products/312093734,https://digitalcontent.api.tesco.com/v2/media/ghs/36d54230-3341-458a-94fb-a44ce278aecb/07fefcf5-a35e-4d5e-8612-3ea5906085e1_79451212.jpeg?h=225&w=225,
310693471,Alice Scott Beneath The Stars Set,https://www.tesco.com/groceries/en-GB/shop/home-and-ents/all?department=Christmas%20Gifts&viewAll=department&page=,£8.00,£8.00/each,,,/groceries/en-GB/products/310693471,https://digitalcontent.api.tesco.com/v2/media/ghs/ad8f7794-f228-4197-a3cb-3e4a61e89e9f/f342fcd4-b330-4dd7-bb5a-987cf9201b80_968739291.jpeg?h=225&w=225,
311950471,Shot 2 Go Create Your Own Photo Hanging Calendar,https://www.tesco.com/groceries/en-GB/shop/home-and-ents/all?department=Christmas%20Gifts&viewAll=department&page=,£7.00,£7.00/each,,New,/groceries/en-GB/products/311950471,https://digitalcontent.api.tesco.com/v2/media/ghs/b0e66050-4ba0-453f-bc67-01f821818629/46b11de1-3c20-4d07-9c79-f623d2a3da03_1161512410.jpeg?h=225&w=225,
312099722,Professor Puzzle Football Quiz Game,https://www.tesco.com/groceries/en-GB/shop/home-and-ents/all?department=Christmas%20Gifts&viewAll=department&page=,£5.00,£5.00/each,,New,/groceries/en-GB/products/312099722,https://digitalcontent.api.tesco.com/v2/media/ghs/350267b2-565a-44a7-9fb6-51196e11526b/49c13b29-8c6a-491a-ad8e-715cbccafb2a_1591168660.jpeg?h=225&w=225,
311944254,Slush Puppie Slushie Syrup Set,https://www.tesco.com/groceries/en-GB/shop/home-and-ents/all?department=Christmas%20Gifts&viewAll=department&page=,£5.00,£2.50/each,,,/groceries/en-GB/products/311944254,https://digitalcontent.api.tesco.com/v2/media/ghs/ef45d099-c839-43c7-92f7-8abab6f1d867/9d90ce24-49aa-490e-88ff-d553dfd2a8ce_152738709.jpeg?h=225&w=225,
312145835,Tesco Belonging White Christmas Tree Pillar Candle 350G,https://www.tesco.com/groceries/en-GB/shop/home-and-ents/all?department=Christmas%20Gifts&viewAll=department&page=,£5.00,£14.29/kg,,New,/groceries/en-GB/products/312145835,https://digitalcontent.api.tesco.com/v2/media/ghs/0b7652cc-1860-413b-a200-8a0af2295e85/37fe0e45-8235-4c83-80c7-8b6448ff4955_1998903671.jpeg?h=225&w=225,
312169876,Tesco Belonging Tealight Holder And Tealight,https://www.tesco.com/groceries/en-GB/shop/home-and-ents/all?department=Christmas%20Gifts&viewAll=department&page=,£5.00,£5.00/each,,New,/groceries/en-GB/products/312169876,https://digitalcontent.api.tesco.com/v2/media/ghs/b2c76a3e-f5e3-4ed3-bc1a-1d00f17ea3ed/146b9ff5-f108-4b32-9c0d-7ae99776d696_743314417.jpeg?h=225&w=225,
312145806,Tesco Belonging Green Christmas Tree Pillar Candle 300G,https://www.tesco.com/groceries/en-GB/shop/home-and-ents/all?department=Christmas%20Gifts&viewAll=department&page=,£5.00,£16.67/kg,,New,/groceries/en-GB/products/312145806,https://digitalcontent.api.tesco.com/v2/media/ghs/057ba01f-7d72-4f64-a090-79160fb87979/269097b4-8a90-4897-a375-d1eb9a028dde_2106512482.jpeg?h=225&w=225,
311797030,Bosh Chilli Dish,https://www.tesco.com/groceries/en-GB/shop/home-and-ents/all?department=Christmas%20Gifts&viewAll=department&page=,£5.00,£5.00/each,,New,/groceries/en-GB/products/311797030,https://digitalcontent.api.tesco.com/v2/media/ghs/ddea64fa-9f1c-464a-a27c-a0bf749498e4/ed4dd7de-d28d-4319-b462-47626ab6eee1_149080958.jpeg?h=225&w=225,
312089786,Professor Puzzle Heroes & Villains/Bigger Taller Smaller Trivia Test Assortment,https://www.tesco.com/groceries/en-GB/shop/home-and-ents/all?department=Christmas%20Gifts&viewAll=department&page=,£3.00,£3.00/each,,New,/groceries/en-GB/products/312089786,https://digitalcontent.api.tesco.com/v2/media/ghs/95d69b1e-c3ae-4b9c-951d-8ceaf0e7457a/bb14dc44-4d0d-4cc4-9e1d-b57f945f7ffc_924642843.jpeg?h=225&w=225,
312143327,Tesco Dalmatian 2023 Wtv Slim Diary,https://www.tesco.com/groceries/en-GB/shop/home-and-ents/all?department=Christmas%20Gifts&viewAll=department&page=,£2.00,£2.00/each,,,/groceries/en-GB/products/312143327,https://digitalcontent.api.tesco.com/v2/media/ghs/a6538cff-756b-4b3b-8657-a4e3a02114e7/a3437e01-0187-4244-8682-fc761b996435_625971359.jpeg?h=225&w=225,
311801435,Professor Puzzle Pass The Parcel Game,https://www.tesco.com/groceries/en-GB/shop/home-and-ents/all?department=Christmas%20Gifts&viewAll=department&page=,£3.00,£3.00/each,,,/groceries/en-GB/products/311801435,https://digitalcontent.api.tesco.com/v2/media/ghs/91423fb4-7afa-47ed-a653-8f2d009a8d0f/4856f38d-b8a8-4d70-a56b-f24134b5c794_1525061895.jpeg?h=225&w=225,
307037717,Remington Curl And Straight Hairdryer,https://www.tesco.com/groceries/en-GB/shop/home-and-ents/all?department=Christmas%20Gifts&viewAll=department&page=,£52.00,£52.00/each,£34.00 Clubcard Price,,/groceries/en-GB/products/307037717,https://digitalcontent.api.tesco.com/v2/media/ghs/94f5295f-5b2c-4312-8f4f-e1231efbb3b3/b74b671b-25c6-4c62-9816-fc22a33b10a5_416453118.jpeg?h=225&w=225,
270431439,Wahl Grooming Gear Travel Kit,https://www.tesco.com/groceries/en-GB/shop/home-and-ents/all?department=Christmas%20Gifts&viewAll=department&page=,£18.00,£18.00/each,,,/groceries/en-GB/products/270431439,https://digitalcontent.api.tesco.com/v2/media/ghs/51f05bea-da68-4f93-8c65-1a9f7c433bb8/f58de78d-2a4c-4435-857e-7dd3d051047b_1266777616.jpeg?h=225&w=225,
311674930,Professor Puzzle Main Course Of Murder,https://www.tesco.com/groceries/en-GB/shop/home-and-ents/all?department=Christmas%20Gifts&viewAll=department&page=,£15.00,£15.00/each,,New,/groceries/en-GB/products/311674930,https://digitalcontent.api.tesco.com/v2/media/ghs/13a5011c-3212-4566-a7ba-7bab7d217bf5/e3aaabbf-8999-48e2-82bf-283d375b509a_2040476537.jpeg?h=225&w=225,
311943572,Playstation PS5 Logo Light,https://www.tesco.com/groceries/en-GB/shop/home-and-ents/all?department=Christmas%20Gifts&viewAll=department&page=,£15.00,£15.00/each,,New,/groceries/en-GB/products/311943572,https://digitalcontent.api.tesco.com/v2/media/ghs/c312dbb4-d92d-4791-8762-de55845e06aa/e2d038fd-cc76-456e-93a3-ae5bedca7ab2_787876605.jpeg?h=225&w=225,
312578081,Juice Karaoke Microphone,https://www.tesco.com/groceries/en-GB/shop/home-and-ents/all?department=Christmas%20Gifts&viewAll=department&page=,£15.00,£15.00/each,,New,/groceries/en-GB/products/312578081,https://digitalcontent.api.tesco.com/v2/media/ghs/b9b9bd42-ed96-44f1-943d-1745ed8b02c1/27ea5f67-7726-4c13-86d6-cecf7275c209_333866456.jpeg?h=225&w=225,
312088539,RHS Gardeners Wooden Trug Set,https://www.tesco.com/groceries/en-GB/shop/home-and-ents/all?department=Christmas%20Gifts&viewAll=department&page=,£15.00,£15.00/each,£13.00 Clubcard Price,,/groceries/en-GB/products/312088539,https://digitalcontent.api.tesco.com/v2/media/ghs/7bc3f327-2f0a-401e-9414-9516e0ad58aa/3eec72de-2c21-4b6e-9db0-d9eb232d00fa_1951528911.jpeg?h=225&w=225,
312092390,Global Gizmos Rainbow Ring Selfie Light,https://www.tesco.com/groceries/en-GB/shop/home-and-ents/all?department=Christmas%20Gifts&viewAll=department&page=,£15.00,£15.00/each,£13.00 Clubcard Price,,/groceries/en-GB/products/312092390,https://digitalcontent.api.tesco.com/v2/media/ghs/4610c781-5270-4de4-a42c-7ff1bcb7304e/d3886906-fd47-4ffa-95ed-bbae673aac63_1159442325.jpeg?h=225&w=225,
312082309,Rhs Lunch Box With Chutney And Biscuits,https://www.tesco.com/groceries/en-GB/shop/home-and-ents/all?department=Christmas%20Gifts&viewAll=department&page=,£15.00,£15.00/each,,New,/groceries/en-GB/products/312082309,https://digitalcontent.api.tesco.com/v2/media/ghs/d1257963-9516-4a9f-8c13-ca50a0f81d46/e3ffe283-c771-4948-94f1-dd39bbeb7eaf_1948153027.jpeg?h=225&w=225,
311954449,Pacman Desktop Arcade Game,https://www.tesco.com/groceries/en-GB/shop/home-and-ents/all?department=Christmas%20Gifts&viewAll=department&page=,£15.00,£15.00/each,,New,/groceries/en-GB/products/311954449,https://digitalcontent.api.tesco.com/v2/media/ghs/9a4d5497-5963-4271-8602-cba895f4e9c7/ea0b5776-58fa-4ee4-b698-5137357b2225_686971788.jpeg?h=225&w=225,
312087051,Global Gizmos Colour Changing Jellyfish Lamp,https://www.tesco.com/groceries/en-GB/shop/home-and-ents/all?department=Christmas%20Gifts&viewAll=department&page=,£15.00,£15.00/each,,New,/groceries/en-GB/products/312087051,https://digitalcontent.api.tesco.com/v2/media/ghs/58a4a6cf-a5d7-4e07-9d07-f5442736cd62/a812ba58-b5d9-4089-baa5-9d083a3e7b00_81253820.jpeg?h=225&w=225,
312082160,Can Crusher And Bottle Opener,https://www.tesco.com/groceries/en-GB/shop/home-and-ents/all?department=Christmas%20Gifts&viewAll=department&page=,£10.00,£10.00/each,,New,/groceries/en-GB/products/312082160,https://digitalcontent.api.tesco.com/v2/media/ghs/b07935c3-b66b-44a2-8b97-2b59a7383e6a/f99974fa-f722-4f22-a1ac-6450d528ab7e_619198907.jpeg?h=225&w=225,
312102760,Playstation PS5 Book Light,https://www.tesco.com/groceries/en-GB/shop/home-and-ents/all?department=Christmas%20Gifts&viewAll=department&page=,£8.00,£8.00/each,£6.00 Clubcard Price,,/groceries/en-GB/products/312102760,https://digitalcontent.api.tesco.com/v2/media/ghs/9911fff5-6cdc-440a-89ec-cff5907a1b00/27c804ca-98fc-4137-9dc7-850131fee062_1460368616.jpeg?h=225&w=225,
312107484,Xbox Book Light,https://www.tesco.com/groceries/en-GB/shop/home-and-ents/all?department=Christmas%20Gifts&viewAll=department&page=,£8.00,£8.00/each,,New,/groceries/en-GB/products/312107484,https://digitalcontent.api.tesco.com/v2/media/ghs/b29befea-e515-42e4-b2de-52825e2d7a41/4b23c398-44a9-4c83-a5c3-275fc000c48c_756585267.jpeg?h=225&w=225,
311693918,Star Wars Millennium Falcon Jigsaw in Tin,https://www.tesco.com/groceries/en-GB/shop/home-and-ents/all?department=Christmas%20Gifts&viewAll=department&page=,£8.00,£8.00/each,,New,/groceries/en-GB/products/311693918,https://digitalcontent.api.tesco.com/v2/media/ghs/9e2a6a82-3d52-4f1e-8cab-2a986d1c9ebf/48b48127-d898-45d4-800f-8d293558d27c_1244003996.jpeg?h=225&w=225,
311250441,Stranger Things Drink Bottle,https://www.tesco.com/groceries/en-GB/shop/home-and-ents/all?department=Christmas%20Gifts&viewAll=department&page=,£8.00,£8.00/each,,New,/groceries/en-GB/products/311250441,https://digitalcontent.api.tesco.com/v2/media/ghs/00f32b27-30e4-4f31-93e4-b21b446b0bf4/6475a358-0663-4060-9606-7ebc65ab7b0c_314881751.jpeg?h=225&w=225,
311942043,Playstation Ps5 Icons Desk Mat,https://www.tesco.com/groceries/en-GB/shop/home-and-ents/all?department=Christmas%20Gifts&viewAll=department&page=,£8.00,£8.00/each,,,/groceries/en-GB/products/311942043,https://digitalcontent.api.tesco.com/v2/media/ghs/b044bb20-4273-4e9b-81ea-237c549f08f1/246b7557-97a2-415f-a817-5b7181e7d6ca_1042645708.jpeg?h=225&w=225,
312224327,Executive A5 Dap Diary 2023,https://www.tesco.com/groceries/en-GB/shop/home-and-ents/all?department=Christmas%20Gifts&viewAll=department&page=,£4.50,£4.50/each,,New,/groceries/en-GB/products/312224327,https://digitalcontent.api.tesco.com/v2/media/ghs/78dcc3b2-428e-4a91-a4ed-5770f4a52547/35f9825b-0de3-47c1-95ca-7e5f2701d2db_665848084.jpeg?h=225&w=225,
312143618,Tesco A6 Premium 2023 Dap Dairy Assorted,https://www.tesco.com/groceries/en-GB/shop/home-and-ents/all?department=Christmas%20Gifts&viewAll=department&page=,£4.50,£4.50/each,,New,/groceries/en-GB/products/312143618,https://digitalcontent.api.tesco.com/v2/media/ghs/409a8e80-c594-4f9f-93c6-14d99d56fa77/e74c02f3-cd9c-49c1-b328-a143825cab4f_648379817.jpeg?h=225&w=225,
311803180,Professor Puzzle Reflexology Sock & Foot Massager,https://www.tesco.com/groceries/en-GB/shop/home-and-ents/all?department=Christmas%20Gifts&viewAll=department&page=,£8.00,£8.00/each,,New,/groceries/en-GB/products/311803180,https://digitalcontent.api.tesco.com/v2/media/ghs/c141666a-22ea-4146-8b3d-e2b2e9b707d3/b9a36b3a-3401-41ab-a11a-f7f6b1cc34da_1425648557.jpeg?h=225&w=225,
311785793,Candlelight Light Up Gold Candle Frankincense 70G,https://www.tesco.com/groceries/en-GB/shop/home-and-ents/all?department=Christmas%20Gifts&viewAll=department&page=,£8.50,£121.43/kg,,New,/groceries/en-GB/products/311785793,https://digitalcontent.api.tesco.com/v2/media/ghs/582555d6-a554-4447-945a-3b5e155237cb/b65b81fa-4f0b-4384-a5de-ec797fb9fc1f_1437911400.jpeg?h=225&w=225,
311676686,Hourglass Times,https://www.tesco.com/groceries/en-GB/shop/home-and-ents/all?department=Christmas%20Gifts&viewAll=department&page=,£8.00,£8.00/each,,,/groceries/en-GB/products/311676686,https://digitalcontent.api.tesco.com/v2/media/ghs/4b1d9874-e006-4b3d-907f-c6cccccf62f8/29c2183e-e915-4de3-9b1e-9958952e0cef_1977967993.jpeg?h=225&w=225,
312143477,Tesco A5 2023 Purple Soft Touch 2023 Wtv Diary,https://www.tesco.com/groceries/en-GB/shop/home-and-ents/all?department=Christmas%20Gifts&viewAll=department&page=,£4.00,£4.00/each,,,/groceries/en-GB/products/312143477,https://digitalcontent.api.tesco.com/v2/media/ghs/cedbfb08-9891-4591-88ef-4cc79d85f0c2/927945e6-03c0-4e47-b7c2-7a4e5c126d9a_1905156726.jpeg?h=225&w=225,
311946344,Friends Travel Mug And Cocoa Mix,https://www.tesco.com/groceries/en-GB/shop/home-and-ents/all?department=Christmas%20Gifts&viewAll=department&page=,£8.00,£8.00/each,,New,/groceries/en-GB/products/311946344,https://digitalcontent.api.tesco.com/v2/media/ghs/3bb14f28-31f0-4ba7-8175-7d6e6ecab93f/0fabbb10-2967-4c8c-8171-46f8782238cf_2010458763.jpeg?h=225&w=225,
306875331,Only Fools & Horses Mug & Socks,https://www.tesco.com/groceries/en-GB/shop/home-and-ents/all?department=Christmas%20Gifts&viewAll=department&page=,£8.00,£8.00/each,,,/groceries/en-GB/products/306875331,https://digitalcontent.api.tesco.com/v2/media/ghs/9ef7b9ff-37d5-4a4e-8595-92d73297d79b/bf18fc93-f530-4efa-8331-5c188ce9b6ff_1549788463.jpeg?h=225&w=225,
312100177,Professor Puzzle Festive Bingo,https://www.tesco.com/groceries/en-GB/shop/home-and-ents/all?department=Christmas%20Gifts&viewAll=department&page=,£5.00,£5.00/each,,,/groceries/en-GB/products/312100177,https://digitalcontent.api.tesco.com/v2/media/ghs/bb4c8438-5fee-448c-b953-d4139f002ee0/7e6ee499-837d-4dc7-a504-033dfd7b3ace_756662296.jpeg?h=225&w=225,
312086150,Playstation PS5 Mug & Socks Gift Set,https://www.tesco.com/groceries/en-GB/shop/home-and-ents/all?department=Christmas%20Gifts&viewAll=department&page=,£8.00,£8.00/each,,New,/groceries/en-GB/products/312086150,https://digitalcontent.api.tesco.com/v2/media/ghs/2dea046f-35cd-4c7c-9a01-d2296b860493/6da2e793-64fb-4e93-9fb5-74e69035d3c0_989560187.jpeg?h=225&w=225,
304334088,Squishmallows,https://www.tesco.com/groceries/en-GB/shop/home-and-ents/all?department=Christmas%20Gifts&viewAll=department&page=,£9.00,£9.00/each,,,/groceries/en-GB/products/304334088,https://digitalcontent.api.tesco.com/v2/media/ghs/66cb0f15-2530-4cfd-b096-7c9765a359e0/ce0cff74-a37a-41d3-ab68-5d8f048e27b4_231827820.jpeg?h=225&w=225,
312111363,Xbox Mug & Socks Gift Set,https://www.tesco.com/groceries/en-GB/shop/home-and-ents/all?department=Christmas%20Gifts&viewAll=department&page=,£8.00,£8.00/each,,New,/groceries/en-GB/products/312111363,https://digitalcontent.api.tesco.com/v2/media/ghs/6a9f2858-3d61-4823-a007-3bb325ccadc1/539bc81d-121c-435e-b822-7a3d8a3a7b72_630031279.jpeg?h=225&w=225,
311945881,Professor Puzzle Escape From The Ginger Bread House,https://www.tesco.com/groceries/en-GB/shop/home-and-ents/all?department=Christmas%20Gifts&viewAll=department&page=,£5.00,£5.00/each,,New,/groceries/en-GB/products/311945881,https://digitalcontent.api.tesco.com/v2/media/ghs/10f6c0ff-635e-41b8-9d6b-82b16d2d78d5/dc1e724c-18d5-4307-b6e4-3d6a96c1af95_2078254877.jpeg?h=225&w=225,
312092770,Disney Grumpy Mug & Socks Gift Set,https://www.tesco.com/groceries/en-GB/shop/home-and-ents/all?department=Christmas%20Gifts&viewAll=department&page=,£8.00,£8.00/each,,New,/groceries/en-GB/products/312092770,https://digitalcontent.api.tesco.com/v2/media/ghs/926e2990-0502-41c5-981d-f615ba2981a6/8a0f85d3-80f0-4489-bd19-fec23786e5e6_565406662.jpeg?h=225&w=225,
312102564,Star Wars The Mandalorian Mug & Socks Gift Set,https://www.tesco.com/groceries/en-GB/shop/home-and-ents/all?department=Christmas%20Gifts&viewAll=department&page=,£8.00,£8.00/each,,,/groceries/en-GB/products/312102564,https://digitalcontent.api.tesco.com/v2/media/ghs/23a75664-aa61-482e-8551-b9a9eb610f17/dda9f0cc-83c5-4ad4-8516-3235c740dddc_355982060.jpeg?h=225&w=225,
306875348,Chilli Hot Sauce Trio,https://www.tesco.com/groceries/en-GB/shop/home-and-ents/all?department=Christmas%20Gifts&viewAll=department&page=,£6.00,£6.00/each,,,/groceries/en-GB/products/306875348,https://digitalcontent.api.tesco.com/v2/media/ghs/802dfacc-8861-4cff-9f23-6ed8a093d0ec/66f13257-693c-4231-8b94-113f8fcd7e5e_456237.jpeg?h=225&w=225,
311961397,Shot 2 Go Create Your Own Photo Baubles 4 Pack,https://www.tesco.com/groceries/en-GB/shop/home-and-ents/all?department=Christmas%20Gifts&viewAll=department&page=,£6.00,£1.50/each,,New,/groceries/en-GB/products/311961397,https://digitalcontent.api.tesco.com/v2/media/ghs/ed8dbb7e-8f0c-4cf1-b6b1-14fd1b9300d4/21ac5383-bd32-483e-b39a-b4477a162e08_380120034.jpeg?h=225&w=225,
312100027,Love Raw Vegan Hot Chocolate Set,https://www.tesco.com/groceries/en-GB/shop/home-and-ents/all?department=Christmas%20Gifts&viewAll=department&page=,£7.00,£7.00/each,£5.00 Clubcard Price,,/groceries/en-GB/products/312100027,https://digitalcontent.api.tesco.com/v2/media/ghs/81fa928d-f5e1-423b-a393-c407fd5498aa/d706c570-cd79-4351-a3bf-691556d545c8_1554576896.jpeg?h=225&w=225,
312146068,Fox & Ivy Sparkle Alphabet Candle Star 170G,https://www.tesco.com/groceries/en-GB/shop/home-and-ents/all?department=Christmas%20Gifts&viewAll=department&page=,£4.00,£23.53/kg,,New,/groceries/en-GB/products/312146068,https://digitalcontent.api.tesco.com/v2/media/ghs/351037c3-b4c2-44f5-a228-95642e29deb3/f9bd04a1-e9f4-4a44-b85d-aa20f9fd40f4_1251645913.jpeg?h=225&w=225,
312145962,Fox & Ivy Sparkle Alphabet Candle J 170G,https://www.tesco.com/groceries/en-GB/shop/home-and-ents/all?department=Christmas%20Gifts&viewAll=department&page=,£4.00,£23.53/kg,,New,/groceries/en-GB/products/312145962,https://digitalcontent.api.tesco.com/v2/media/ghs/ffd73fa0-9038-4185-9a64-e06da2d2d7a6/5b4e4033-b0e7-49bf-abc4-c80267f98794_782861249.jpeg?h=225&w=225,
312145985,Fox & Ivy Sparkle Alphabet Candle L 170G,https://www.tesco.com/groceries/en-GB/shop/home-and-ents/all?department=Christmas%20Gifts&viewAll=department&page=,£4.00,£23.53/kg,,,/groceries/en-GB/products/312145985,https://digitalcontent.api.tesco.com/v2/media/ghs/599f5c15-8622-4693-a13b-d95371dbbb0b/80f1d7a4-e5be-4b30-a300-650fe1728327_1459899211.jpeg?h=225&w=225,
312169853,Tesco Belonging Mulled Wine Candle 170G,https://www.tesco.com/groceries/en-GB/shop/home-and-ents/all?department=Christmas%20Gifts&viewAll=department&page=,£3.50,£20.59/kg,,New,/groceries/en-GB/products/312169853,https://digitalcontent.api.tesco.com/v2/media/ghs/9ffe165a-6399-4eae-9ce3-121196616bff/e42d043a-a89c-463e-99ca-6eb8c05a8eac_625698808.jpeg?h=225&w=225,
307037809,Braun Bt3240 Beard Trimmer And Gilette,https://www.tesco.com/groceries/en-GB/shop/home-and-ents/all?department=Christmas%20Gifts&viewAll=department&page=,£45.00,£45.00/each,£30.00 Clubcard Price,,/groceries/en-GB/products/307037809,https://digitalcontent.api.tesco.com/v2/media/ghs/0d604964-eca1-4730-99c6-6af0f0ace36e/eb2b4fef-2df4-41b0-81c0-adaae87a4ed9_1110379365.jpeg?h=225&w=225,
296756453,Babyliss For Men 7456U Powerblade Pro Clipper,https://www.tesco.com/groceries/en-GB/shop/home-and-ents/all?department=Christmas%20Gifts&viewAll=department&page=,£35.00,£35.00/each,£25.00 Clubcard Price,,/groceries/en-GB/products/296756453,https://digitalcontent.api.tesco.com/v2/media/ghs/08326c36-8482-4bed-977c-6e44f50577de/6239abb0-ce0a-402c-8b51-05304c598998_375782721.jpeg?h=225&w=225,
308439056,Philips Qc5115/13 Hair Clipper,https://www.tesco.com/groceries/en-GB/shop/home-and-ents/all?department=Christmas%20Gifts&viewAll=department&page=,£25.00,£25.00/each,£14.00 Clubcard Price,,/groceries/en-GB/products/308439056,https://digitalcontent.api.tesco.com/v2/media/ghs/99ae8e9a-e045-42cc-8cb5-95c801a31257/f676ff1c-0690-4ff0-a608-f1366e1b39dc_2117424824.jpeg?h=225&w=225,
312082217,Global Gizmos Vlogging Kit,https://www.tesco.com/groceries/en-GB/shop/home-and-ents/all?department=Christmas%20Gifts&viewAll=department&page=,£15.00,£15.00/each,,,/groceries/en-GB/products/312082217,https://digitalcontent.api.tesco.com/v2/media/ghs/97ffa8b7-46a7-46ab-9ec1-a89af8a61808/62f8ae87-cce6-47c3-80cf-1e72daec5098_866224388.jpeg?h=225&w=225,
310844414,Yappy Christmas Pooch Tin with Treats,https://www.tesco.com/groceries/en-GB/shop/home-and-ents/all?department=Christmas%20Gifts&viewAll=department&page=,£15.00,£15.00/each,£13.00 Clubcard Price,,/groceries/en-GB/products/310844414,https://digitalcontent.api.tesco.com/v2/media/ghs/42002f90-01f2-4870-a3e5-f39e7c6bcf5e/6b2c99dd-4a11-46ee-ac54-10f57377da1c_367650798.jpeg?h=225&w=225,
311938423,Playstation Ps5 Travel Mug,https://www.tesco.com/groceries/en-GB/shop/home-and-ents/all?department=Christmas%20Gifts&viewAll=department&page=,£12.00,£12.00/each,,New,/groceries/en-GB/products/311938423,https://digitalcontent.api.tesco.com/v2/media/ghs/c4703d16-7716-4665-a0bc-2fe40df003fe/7b0b78b0-2c73-4099-90c4-dc34df811ea0_1870912922.jpeg?h=225&w=225,
312360286,Thorntons Pearl Luxury Winter Warming Gift Set,https://www.tesco.com/groceries/en-GB/shop/home-and-ents/all?department=Christmas%20Gifts&viewAll=department&page=,£12.00,£12.00/each,£10.00 Clubcard Price,,/groceries/en-GB/products/312360286,https://digitalcontent.api.tesco.com/v2/media/ghs/b5172527-a24e-4ba4-afcf-95006c0aab6c/f2ee4c8f-411f-4da7-aa8d-5efc9ecd9192_1958793737.jpeg?h=225&w=225,
312143630,Tesco A5 Premium 2023 Dap Diary Black,https://www.tesco.com/groceries/en-GB/shop/home-and-ents/all?department=Christmas%20Gifts&viewAll=department&page=,£6.00,£6.00/each,,New,/groceries/en-GB/products/312143630,https://digitalcontent.api.tesco.com/v2/media/ghs/b209abc3-2104-41f5-9890-ba7b70cda6f9/60a5339c-1908-4405-9032-92a343827aff_986976743.jpeg?h=225&w=225,
312143549,Tesco Monochrome Dots 2023 Dap Diary,https://www.tesco.com/groceries/en-GB/shop/home-and-ents/all?department=Christmas%20Gifts&viewAll=department&page=,£6.00,£6.00/each,,New,/groceries/en-GB/products/312143549,https://digitalcontent.api.tesco.com/v2/media/ghs/740dcc5c-350e-4255-95a3-db6006880f98/32df5e37-ea55-476b-babe-82c46a3ba2ae_1556332451.jpeg?h=225&w=225,
311214257,Juice Melody Eco Bluetooth Speaker,https://www.tesco.com/groceries/en-GB/shop/home-and-ents/all?department=Christmas%20Gifts&viewAll=department&page=,£10.00,£10.00/each,,,/groceries/en-GB/products/311214257,https://digitalcontent.api.tesco.com/v2/media/ghs/b1050485-8255-4d4f-827b-9d7196a12d8d/a55412e5-f07f-450b-b555-1e384ba6e31c_2092012841.jpeg?h=225&w=225,
311935553,Star Wars The Mandalorian The Child Icon Light,https://www.tesco.com/groceries/en-GB/shop/home-and-ents/all?department=Christmas%20Gifts&viewAll=department&page=,£10.00,£10.00/each,,,/groceries/en-GB/products/311935553,https://digitalcontent.api.tesco.com/v2/media/ghs/79a83ccc-af8f-4e09-8246-19ea4be2aa70/2b046f48-5ff7-4080-b3d0-885494b8745a_1786032934.jpeg?h=225&w=225,
311426171,Harry Potter Water Bottle,https://www.tesco.com/groceries/en-GB/shop/home-and-ents/all?department=Christmas%20Gifts&viewAll=department&page=,£6.00,£6.00/each,,New,/groceries/en-GB/products/311426171,https://digitalcontent.api.tesco.com/v2/media/ghs/97444d24-b18f-4a17-959a-6e7f13719cc1/7a4e2ac8-3968-4769-b569-fccbe9dd5d70_1833961661.jpeg?h=225&w=225,
311944087,Professor Puzzle Knit Your Own Winter Hat,https://www.tesco.com/groceries/en-GB/shop/home-and-ents/all?department=Christmas%20Gifts&viewAll=department&page=,£8.00,£8.00/each,,New,/groceries/en-GB/products/311944087,https://digitalcontent.api.tesco.com/v2/media/ghs/40876f3e-db98-47d2-9ef7-52fae54a348b/34bce49f-54cc-43a8-a514-4d0afe88f966_1551709661.jpeg?h=225&w=225,
312145812,Tesco Belonging Green Christmas Tree Pillar Candle 670G,https://www.tesco.com/groceries/en-GB/shop/home-and-ents/all?department=Christmas%20Gifts&viewAll=department&page=,£8.00,£11.95/kg,,New,/groceries/en-GB/products/312145812,https://digitalcontent.api.tesco.com/v2/media/ghs/099ee32a-c814-4e7e-9ac6-31dd7b744ec2/37a83617-61db-41e8-b66f-d6070ef04dea_873620084.jpeg?h=225&w=225,
311521196,Tesco Disney Minnie Mouse Kids Apron & Hat,https://www.tesco.com/groceries/en-GB/shop/home-and-ents/all?department=Christmas%20Gifts&viewAll=department&page=,£7.00,£7.00/each,,New,/groceries/en-GB/products/311521196,https://digitalcontent.api.tesco.com/v2/media/ghs/49c9a05e-624c-43e0-9b70-5ede789d7877/5c7a2641-50f2-4e87-86ee-4db3f6fda13e_1340637813.jpeg?h=225&w=225,
312143463,Tesco A5 Black/Tan 2023 Soft Touch Diary,https://www.tesco.com/groceries/en-GB/shop/home-and-ents/all?department=Christmas%20Gifts&viewAll=department&page=,£4.00,£4.00/each,,New,/groceries/en-GB/products/312143463,https://digitalcontent.api.tesco.com/v2/media/ghs/0052c3f8-1d43-4f6e-8050-8c8d34022728/4ad670bf-6e4a-4fe5-8419-fadd343ef332_1036421267.jpeg?h=225&w=225,
311950874,Scott & Lawson 14 in 1 Bike Multi Tool,https://www.tesco.com/groceries/en-GB/shop/home-and-ents/all?department=Christmas%20Gifts&viewAll=department&page=,£5.00,£5.00/each,,New,/groceries/en-GB/products/311950874,https://digitalcontent.api.tesco.com/v2/media/ghs/1d09374f-3a19-4a89-ad55-1ece693d08a2/80f1d771-e114-4abb-8e2a-3f2d8f675624_1480452966.jpeg?h=225&w=225,
312109507,Yappy Christmas Time To Dine Dog Wine & Bow Tie,https://www.tesco.com/groceries/en-GB/shop/home-and-ents/all?department=Christmas%20Gifts&viewAll=department&page=,£7.00,£28.00/litre,,,/groceries/en-GB/products/312109507,https://digitalcontent.api.tesco.com/v2/media/ghs/969984a4-10e3-4ff8-b158-234fb5d7c2bf/9ccf51e2-8189-4f0b-88b4-c4c66f1dc3e1_1899921696.jpeg?h=225&w=225,
312098585,Professor Puzzle Jingle Bell Pong Game,https://www.tesco.com/groceries/en-GB/shop/home-and-ents/all?department=Christmas%20Gifts&viewAll=department&page=,£5.00,£5.00/each,,New,/groceries/en-GB/products/312098585,https://digitalcontent.api.tesco.com/v2/media/ghs/86d9ac09-95bc-460d-b40b-5ce059f7e033/953614cf-24e2-4433-a450-5bd6c5cab155_1865959313.jpeg?h=225&w=225,
311805166,Scott & Lawson 3 in 1 Trainer Cleaning Kit,https://www.tesco.com/groceries/en-GB/shop/home-and-ents/all?department=Christmas%20Gifts&viewAll=department&page=,£7.00,£7.00/each,,,/groceries/en-GB/products/311805166,https://digitalcontent.api.tesco.com/v2/media/ghs/3c142053-92a2-4c30-a73b-39f0d4eb3ca7/6e39588f-11a6-4258-852c-def3d4aa9725_290481148.jpeg?h=225&w=225,
301530119,Hogwarts Letter Writing Set,https://www.tesco.com/groceries/en-GB/shop/home-and-ents/all?department=Christmas%20Gifts&viewAll=department&page=,£5.00,£5.00/each,,New,/groceries/en-GB/products/301530119,https://digitalcontent.api.tesco.com/v2/media/ghs/0f265cef-04bf-4db5-9e6f-0ad3c66f233f/snapshotimagehandler_1954828921.jpeg?h=225&w=225,
311229871,Candlelight Organe/Pnk Lightup Candle 390G,https://www.tesco.com/groceries/en-GB/shop/home-and-ents/all?department=Christmas%20Gifts&viewAll=department&page=,£8.50,£21.80/kg,£6.35 Clubcard Price,,/groceries/en-GB/products/311229871,https://digitalcontent.api.tesco.com/v2/media/ghs/caa0eaef-14c5-48aa-b551-adbed5e2c290/e8154755-d805-42e9-b001-e71f3bd0b0cc_1959669566.jpeg?h=225&w=225,
311825263,Tesco Belonging Stag Mug,https://www.tesco.com/groceries/en-GB/shop/home-and-ents/all?department=Christmas%20Gifts&viewAll=department&page=,£5.00,£5.00/each,,,/groceries/en-GB/products/311825263,https://digitalcontent.api.tesco.com/v2/media/ghs/714b12d6-3188-4d2d-9902-33d0d69b523c/43800174-fdab-414b-a42c-37bb443399e1_1062850759.jpeg?h=225&w=225,
311825142,Tesco Belonging Alphabet Mug H,https://www.tesco.com/groceries/en-GB/shop/home-and-ents/all?department=Christmas%20Gifts&viewAll=department&page=,£5.00,£5.00/each,,,/groceries/en-GB/products/311825142,https://digitalcontent.api.tesco.com/v2/media/ghs/1490cc01-2755-410d-901f-13a4a8b54a1d/e10a7263-a0ff-4221-a3c5-61ba4554b8fd_233030417.jpeg?h=225&w=225,
311800085,Tobar Neon Diddy Squish Balls 3 Pack,https://www.tesco.com/groceries/en-GB/shop/home-and-ents/all?department=Christmas%20Gifts&viewAll=department&page=,£4.50,£1.50/each,,,/groceries/en-GB/products/311800085,https://digitalcontent.api.tesco.com/v2/media/ghs/e4551cfe-9829-4efb-894d-336254eae973/cba48661-9671-4633-971e-e0cb93452651_97936072.jpeg?h=225&w=225,
311939353,Professor Puzzle Festive What Am I? Game,https://www.tesco.com/groceries/en-GB/shop/home-and-ents/all?department=Christmas%20Gifts&viewAll=department&page=,£5.00,£5.00/each,,New,/groceries/en-GB/products/311939353,https://digitalcontent.api.tesco.com/v2/media/ghs/df3b26f8-3268-4458-a6d0-fe08565bf967/c7d69563-86b2-4d5c-a6c4-7d2225a91889_215002473.jpeg?h=225&w=225,
311932510,Professor Puzzle Sketch Off,https://www.tesco.com/groceries/en-GB/shop/home-and-ents/all?department=Christmas%20Gifts&viewAll=department&page=,£5.00,£5.00/each,,,/groceries/en-GB/products/311932510,https://digitalcontent.api.tesco.com/v2/media/ghs/4a9a783e-1ef0-4952-8db4-3675e7a4b0d2/98629268-c874-4ed4-8ae5-6878a8add9dc_432253876.jpeg?h=225&w=225,
312095726,Tobar Christmas Magic Snow,https://www.tesco.com/groceries/en-GB/shop/home-and-ents/all?department=Christmas%20Gifts&viewAll=department&page=,£4.50,£4.50/each,,,/groceries/en-GB/products/312095726,https://digitalcontent.api.tesco.com/v2/media/ghs/3b214f56-1c71-4420-a13d-e7e578f1f855/024ef5b4-ed50-4110-8a32-5689f102d60b_1075239256.jpeg?h=225&w=225,
311941672,The Mens Bar Whiskey Glass & Stones,https://www.tesco.com/groceries/en-GB/shop/home-and-ents/all?department=Christmas%20Gifts&viewAll=department&page=,£5.00,£5.00/each,,,/groceries/en-GB/products/311941672,https://digitalcontent.api.tesco.com/v2/media/ghs/5e94fc98-073e-48da-9886-93452a022db1/fa22550e-7b45-447d-b79f-090808ffcab8_642486474.jpeg?h=225&w=225,
311789117,Playstation Playing Cards,https://www.tesco.com/groceries/en-GB/shop/home-and-ents/all?department=Christmas%20Gifts&viewAll=department&page=,£4.00,£4.00/each,,,/groceries/en-GB/products/311789117,https://digitalcontent.api.tesco.com/v2/media/ghs/6666b4e5-ab67-46ec-bbf9-ddaae15d1926/810ceec8-0df7-4394-94a3-8e200e46ee30_2073554360.jpeg?h=225&w=225,
311947936,Xbox Playing Cards,https://www.tesco.com/groceries/en-GB/shop/home-and-ents/all?department=Christmas%20Gifts&viewAll=department&page=,£4.00,£4.00/each,,New,/groceries/en-GB/products/311947936,https://digitalcontent.api.tesco.com/v2/media/ghs/2335daea-ac56-472a-87f2-ffbdb69f6594/87b4ff13-70d1-483d-92bb-6b7379839dd5_503540940.jpeg?h=225&w=225,
312169882,Tesco Humble Ceramic Polar Bear Candle 110G,https://www.tesco.com/groceries/en-GB/shop/home-and-ents/all?department=Christmas%20Gifts&viewAll=department&page=,£5.00,£45.46/kg,,,/groceries/en-GB/products/312169882,https://digitalcontent.api.tesco.com/v2/media/ghs/861551fc-7a92-4769-908e-42bf87e64748/72636014-4d4c-45f1-ac1c-a872e622e4e6_1806029204.jpeg?h=225&w=225,
304588340,Batman Multi-Tool,https://www.tesco.com/groceries/en-GB/shop/home-and-ents/all?department=Christmas%20Gifts&viewAll=department&page=,£5.00,£5.00/each,,New,/groceries/en-GB/products/304588340,https://digitalcontent.api.tesco.com/v2/media/ghs/045fbcdf-fc43-48f7-a086-f0b4dd98057a/6510563b-bfc8-4caf-b6d9-e796f008d1da_506597309.jpeg?h=225&w=225,
311931880,Wax Lyrical Joy To The World Pot Pourri 180G,https://www.tesco.com/groceries/en-GB/shop/home-and-ents/all?department=Christmas%20Gifts&viewAll=department&page=,£5.00,£27.78/kg,,New,/groceries/en-GB/products/311931880,https://digitalcontent.api.tesco.com/v2/media/ghs/8ed9f604-33cb-4549-bc95-2d6e4e3e8e40/2b4185e8-af5f-4141-a82d-29e16306eae6_1001410289.jpeg?h=225&w=225,
311943376,Wax Lyrical Merry & Bright Pot Pourri 180G,https://www.tesco.com/groceries/en-GB/shop/home-and-ents/all?department=Christmas%20Gifts&viewAll=department&page=,£5.00,£27.78/kg,,New,/groceries/en-GB/products/311943376,https://digitalcontent.api.tesco.com/v2/media/ghs/706757c7-430c-444d-8bd4-a3fb32e462fc/9154daad-6c88-48aa-93b5-fd485a5bf50b_1683355159.jpeg?h=225&w=225,
311803404,Shot 2 Go Wooden Photo Snowflake Ornament,https://www.tesco.com/groceries/en-GB/shop/home-and-ents/all?department=Christmas%20Gifts&viewAll=department&page=,£3.00,£3.00/each,,New,/groceries/en-GB/products/311803404,https://digitalcontent.api.tesco.com/v2/media/ghs/0f323e7f-046f-4924-8853-3664487d7df7/a2a54d2a-52b9-4361-9bf4-4fc07b232226_165263866.jpeg?h=225&w=225,
312145893,Fox & Ivy Sparkle Alphabet Candle A 170G,https://www.tesco.com/groceries/en-GB/shop/home-and-ents/all?department=Christmas%20Gifts&viewAll=department&page=,£4.00,£23.53/kg,,New,/groceries/en-GB/products/312145893,https://digitalcontent.api.tesco.com/v2/media/ghs/ae730464-ec6e-4bff-b2bf-47719e0ab29c/cff44907-84bc-4117-bcb6-9303c333a3e8_428697696.jpeg?h=225&w=225,
307179917,Babyliss 2136U Airstyler 1000,https://www.tesco.com/groceries/en-GB/shop/home-and-ents/all?department=Christmas%20Gifts&viewAll=department&page=,£60.00,£60.00/each,£45.00 Clubcard Price,,/groceries/en-GB/products/307179917,https://digitalcontent.api.tesco.com/v2/media/ghs/93b6d8ae-562a-4604-a498-e434359f09d9/4f298e44-2558-4dc1-94d3-ae9ed74e0283_1617614252.jpeg?h=225&w=225,
304630238,Philips S3134 Shaver,https://www.tesco.com/groceries/en-GB/shop/home-and-ents/all?department=Christmas%20Gifts&viewAll=department&page=,£65.00,£65.00/each,£45.00 Clubcard Price,,/groceries/en-GB/products/304630238,https://digitalcontent.api.tesco.com/v2/media/ghs/4a9860c3-58e6-4de7-802b-589b83388227/0768c97c-9490-49c2-82dd-10dc16490294_1566198621.jpeg?h=225&w=225,
303748314,Groov-E Wireless Noise Cancelling Headphones,https://www.tesco.com/groceries/en-GB/shop/home-and-ents/all?department=Christmas%20Gifts&viewAll=department&page=,£35.00,£35.00/each,,,/groceries/en-GB/products/303748314,https://digitalcontent.api.tesco.com/v2/media/ghs/e7a3524b-e943-4315-9eb6-9c0d1efa883e/9847e60e-50df-40ee-914a-0220d823d0cd_2006237560.jpeg?h=225&w=225,
311227700,Mixx Streambuds Micro Anc Earphones Black,https://www.tesco.com/groceries/en-GB/shop/home-and-ents/all?department=Christmas%20Gifts&viewAll=department&page=,£35.00,£35.00/each,£30.00 Clubcard Price,,/groceries/en-GB/products/311227700,https://digitalcontent.api.tesco.com/v2/media/ghs/28957cfd-cb78-4ded-96da-47bb0d3451ce/1b4a3b8a-527f-472a-bdf9-27a41ca9e1df_137486807.jpeg?h=225&w=225,
306916059,Braun Mgk 3221,https://www.tesco.com/groceries/en-GB/shop/home-and-ents/all?department=Christmas%20Gifts&viewAll=department&page=,£32.00,£32.00/each,£20.00 Clubcard Price,,/groceries/en-GB/products/306916059,https://digitalcontent.api.tesco.com/v2/media/ghs/e2a2a388-3431-489f-9b69-150197a33546/084c555e-03d4-4cb8-8149-9dffd12debc8_105159961.jpeg?h=225&w=225,
267176935,Tresemme Salon Professional Diffuser Dryer 5543U,https://www.tesco.com/groceries/en-GB/shop/home-and-ents/all?department=Christmas%20Gifts&viewAll=department&page=,£28.00,£28.00/each,£24.00 Clubcard Price,,/groceries/en-GB/products/267176935,https://digitalcontent.api.tesco.com/v2/media/ghs/591c67b2-15b9-4fb3-a3fb-d909773ea045/f81c0b0f-e4aa-49b7-a8b5-73a7b2c91080_1809173594.jpeg?h=225&w=225,
311221136,Mixx Streambuds Play Wireless Earphones Black,https://www.tesco.com/groceries/en-GB/shop/home-and-ents/all?department=Christmas%20Gifts&viewAll=department&page=,£18.00,£18.00/each,,,/groceries/en-GB/products/311221136,https://digitalcontent.api.tesco.com/v2/media/ghs/16308ca6-e12f-40dc-b826-81646a7b947a/1accab39-9907-4d7c-b478-aec2eb503a75_1701033481.jpeg?h=225&w=225,
312086795,Retro Red Waffle Maker,https://www.tesco.com/groceries/en-GB/shop/home-and-ents/all?department=Christmas%20Gifts&viewAll=department&page=,£18.00,£18.00/each,£16.00 Clubcard Price,,/groceries/en-GB/products/312086795,https://digitalcontent.api.tesco.com/v2/media/ghs/2dfb30f6-64e1-4551-9c88-4e44efe2b246/722a346d-afdb-43d8-aa81-1b0b8090ed68_687892892.jpeg?h=225&w=225,
312095867,Rhs Glass Teapot And Tea,https://www.tesco.com/groceries/en-GB/shop/home-and-ents/all?department=Christmas%20Gifts&viewAll=department&page=,£15.00,£15.00/each,,New,/groceries/en-GB/products/312095867,https://digitalcontent.api.tesco.com/v2/media/ghs/eb04d378-f74a-4aed-aa66-7891f05baaf5/f5949552-37b5-4cb4-aff5-eb4baa244347_257050904.jpeg?h=225&w=225,
312363571,Bosh Tasty Tagine Set,https://www.tesco.com/groceries/en-GB/shop/home-and-ents/all?department=Christmas%20Gifts&viewAll=department&page=,£16.00,£16.00/each,,New,/groceries/en-GB/products/312363571,https://digitalcontent.api.tesco.com/v2/media/ghs/23589328-8cc2-4baf-805b-5b59dbf8957b/0cd83ef1-1399-465b-a2e0-728056bf3661_1270955278.jpeg?h=225&w=225,
312108696,Deli At Home Cheese Dome,https://www.tesco.com/groceries/en-GB/shop/home-and-ents/all?department=Christmas%20Gifts&viewAll=department&page=,£15.00,£15.00/each,,New,/groceries/en-GB/products/312108696,https://digitalcontent.api.tesco.com/v2/media/ghs/89c5bf6f-ab8e-480c-ae33-ff41f04d18d0/e429b5d0-6b4c-4cd4-8273-bdd897a444aa_232705283.jpeg?h=225&w=225,
311954858,Costa Coffee Gingerbread Latte Duo,https://www.tesco.com/groceries/en-GB/shop/home-and-ents/all?department=Christmas%20Gifts&viewAll=department&page=,£14.00,£14.00/each,,New,/groceries/en-GB/products/311954858,https://digitalcontent.api.tesco.com/v2/media/ghs/c1ebf853-142f-4098-bece-1e126c900dc0/e7716de7-5eab-46f2-b538-3ea4592f5a89_1061499517.jpeg?h=225&w=225,
312103807,Professor Puzzle Shut The Box Game Set,https://www.tesco.com/groceries/en-GB/shop/home-and-ents/all?department=Christmas%20Gifts&viewAll=department&page=,£8.00,£8.00/each,,New,/groceries/en-GB/products/312103807,https://digitalcontent.api.tesco.com/v2/media/ghs/14934c71-2f4d-45bc-af32-c2776ed23b53/7498d624-f905-4450-9fac-bda26464bfe1_1907797968.jpeg?h=225&w=225,
312086377,Coca Cola Chiller Mug,https://www.tesco.com/groceries/en-GB/shop/home-and-ents/all?department=Christmas%20Gifts&viewAll=department&page=,£12.00,£12.00/each,,New,/groceries/en-GB/products/312086377,https://digitalcontent.api.tesco.com/v2/media/ghs/8616c4f6-0241-4f29-bae6-f4aeb45503c3/e1005184-4f2c-4649-9b99-bea81405d1ae_883402846.jpeg?h=225&w=225,
312106214,"Global Gizmos 5"" USB Rotating Disco Ball",https://www.tesco.com/groceries/en-GB/shop/home-and-ents/all?department=Christmas%20Gifts&viewAll=department&page=,£10.00,£10.00/each,,New,/groceries/en-GB/products/312106214,https://digitalcontent.api.tesco.com/v2/media/ghs/ebfb31da-2b0e-4e86-9894-c8fc343c52a2/edb3aee1-6cb4-4357-a8d0-3c8569167296_1334689995.jpeg?h=225&w=225,
312143517,Tesco A5 Animal Print 2023 Dap Diary,https://www.tesco.com/groceries/en-GB/shop/home-and-ents/all?department=Christmas%20Gifts&viewAll=department&page=,£5.00,£5.00/each,,,/groceries/en-GB/products/312143517,https://digitalcontent.api.tesco.com/v2/media/ghs/a8bf81bf-0da5-4447-9a3d-ccb0b1ed0bcf/0dbebcae-e117-4536-866a-ff73f752609e_1044238519.jpeg?h=225&w=225,
312145841,Tesco Belonging White Christmas Tree Pillar Candle 680G,https://www.tesco.com/groceries/en-GB/shop/home-and-ents/all?department=Christmas%20Gifts&viewAll=department&page=,£8.00,£11.77/kg,,New,/groceries/en-GB/products/312145841,https://digitalcontent.api.tesco.com/v2/media/ghs/99dada33-6033-4177-833e-cf470ff8589e/bb2c952c-095c-43f1-865a-fb02a4a20fad_2140075725.jpeg?h=225&w=225,
311757562,Tesco Disney Pluto Pet Bowl,https://www.tesco.com/groceries/en-GB/shop/home-and-ents/all?department=Christmas%20Gifts&viewAll=department&page=,£7.00,£7.00/each,,,/groceries/en-GB/products/311757562,https://digitalcontent.api.tesco.com/v2/media/ghs/571994c8-a825-4829-a9ec-9fdcff390bbf/7d75a998-8608-465f-9678-ecb529c9ea1d_1576314933.jpeg?h=225&w=225,
312143486,Tesco A5 Teal Soft Touch 2023 Wtv Diary,https://www.tesco.com/groceries/en-GB/shop/home-and-ents/all?department=Christmas%20Gifts&viewAll=department&page=,£4.00,£4.00/each,,,/groceries/en-GB/products/312143486,https://digitalcontent.api.tesco.com/v2/media/ghs/a3803209-e05a-469d-92e1-74104f48b641/75bc6c24-0c35-4f51-b8a8-af9ab0b362db_289724866.jpeg?h=225&w=225,
304150506,Guinness Tankard And Fudge,https://www.tesco.com/groceries/en-GB/shop/home-and-ents/all?department=Christmas%20Gifts&viewAll=department&page=,£8.00,£8.00/each,,,/groceries/en-GB/products/304150506,https://digitalcontent.api.tesco.com/v2/media/ghs/89564abc-356b-457e-98f6-a07a259edca4/6e84d3f9-e9f8-4a8a-9032-dda6f5eb27ef_817093603.jpeg?h=225&w=225,
304189213,Friends Trivia,https://www.tesco.com/groceries/en-GB/shop/home-and-ents/all?department=Christmas%20Gifts&viewAll=department&page=,£5.00,£5.00/each,,,/groceries/en-GB/products/304189213,https://digitalcontent.api.tesco.com/v2/media/ghs/0f2e9c8a-c7c1-4c09-88cc-0b5b3023a1a5/snapshotimagehandler_68792373.jpeg?h=225&w=225,
311825087,Tesco Belonging Alphabet Mug A,https://www.tesco.com/groceries/en-GB/shop/home-and-ents/all?department=Christmas%20Gifts&viewAll=department&page=,£5.00,£5.00/each,,,/groceries/en-GB/products/311825087,https://digitalcontent.api.tesco.com/v2/media/ghs/dd54cd83-f810-40db-9f40-6f9de5bc7192/4b7a0af6-bbe3-41fb-8c7a-72aafa2169cb_2136050441.jpeg?h=225&w=225,
311825127,Tesco Belonging Alphabet Mug E,https://www.tesco.com/groceries/en-GB/shop/home-and-ents/all?department=Christmas%20Gifts&viewAll=department&page=,£5.00,£5.00/each,,,/groceries/en-GB/products/311825127,https://digitalcontent.api.tesco.com/v2/media/ghs/b82239da-0d65-4ff1-80a9-0c957de029b3/cf73c484-5513-4422-89c6-f755c3f0d126_622331728.jpeg?h=225&w=225,
311825159,Tesco Belonging Alphabet Mug J,https://www.tesco.com/groceries/en-GB/shop/home-and-ents/all?department=Christmas%20Gifts&viewAll=department&page=,£5.00,£5.00/each,,,/groceries/en-GB/products/311825159,https://digitalcontent.api.tesco.com/v2/media/ghs/d3e02431-a775-4b85-af40-e89bdbf568dd/3561f81e-ad7f-46dc-8a06-206568ce4191_1037594751.jpeg?h=225&w=225,
311825194,Tesco Belonging Alphabet Mug N,https://www.tesco.com/groceries/en-GB/shop/home-and-ents/all?department=Christmas%20Gifts&viewAll=department&page=,£5.00,£5.00/each,,,/groceries/en-GB/products/311825194,https://digitalcontent.api.tesco.com/v2/media/ghs/1b96a5fd-b3be-48b9-a148-c4025df49655/1ca269c3-e678-4f59-b11c-99a11f7d7aad_1480851596.jpeg?h=225&w=225,
311800897,Shot 2 Go Create Your Own Photo Desktop Calendar,https://www.tesco.com/groceries/en-GB/shop/home-and-ents/all?department=Christmas%20Gifts&viewAll=department&page=,£7.00,£7.00/each,,New,/groceries/en-GB/products/311800897,https://digitalcontent.api.tesco.com/v2/media/ghs/8bf329ec-9d08-4736-9985-0b774fb436a9/0c8edf81-81eb-4c0c-963a-90945f9aa42b_51541057.jpeg?h=225&w=225,
312145887,Tesco Belonging Diffuser Vanilla & Spice 90Ml,https://www.tesco.com/groceries/en-GB/shop/home-and-ents/all?department=Christmas%20Gifts&viewAll=department&page=,£6.00,£66.67/litre,,New,/groceries/en-GB/products/312145887,https://digitalcontent.api.tesco.com/v2/media/ghs/bee579e0-678b-4c63-bbc0-41ae44d4497d/cd01b2b0-92ad-42ab-8828-2bf837c88963_1087825352.jpeg?h=225&w=225,
312110957,Yappy Christmas Dog Selfie Stick With Treats,https://www.tesco.com/groceries/en-GB/shop/home-and-ents/all?department=Christmas%20Gifts&viewAll=department&page=,£5.00,£5.00/each,,,/groceries/en-GB/products/312110957,https://digitalcontent.api.tesco.com/v2/media/ghs/cee11048-0942-4d33-a814-6bbe4ab9f27a/1d4ba3cb-36ee-42c3-b829-9c2fe111ebdc_1463649639.jpeg?h=225&w=225,
312089688,Tinned Fun Games Assortment,https://www.tesco.com/groceries/en-GB/shop/home-and-ents/all?department=Christmas%20Gifts&viewAll=department&page=,£4.00,£4.00/each,,New,/groceries/en-GB/products/312089688,https://digitalcontent.api.tesco.com/v2/media/ghs/70cd4be4-7ac5-4232-906d-c1723e2dbf69/399813f9-d7e1-4555-8616-8c9e4d7a3e72_2023462713.jpeg?h=225&w=225,
311722528,Tesco Disney Dumbo Mug,https://www.tesco.com/groceries/en-GB/shop/home-and-ents/all?department=Christmas%20Gifts&viewAll=department&page=,£3.50,£3.50/each,,,/groceries/en-GB/products/311722528,https://digitalcontent.api.tesco.com/v2/media/ghs/a55e19e4-c051-41f4-a803-9bf9a8cde166/ab08f04b-c886-46e6-93f9-483103890026_1751102886.jpeg?h=225&w=225,
312146039,Fox & Ivy Sparkle Alphabet Candle S 170G,https://www.tesco.com/groceries/en-GB/shop/home-and-ents/all?department=Christmas%20Gifts&viewAll=department&page=,£4.00,£23.53/kg,,New,/groceries/en-GB/products/312146039,https://digitalcontent.api.tesco.com/v2/media/ghs/2730f8f5-f62f-4d00-a935-001282412891/23374cae-4368-44c3-b573-53a5b15b58bf_391436672.jpeg?h=225&w=225,
312145991,Fox & Ivy Sparkle Alphabet Candle M 170G,https://www.tesco.com/groceries/en-GB/shop/home-and-ents/all?department=Christmas%20Gifts&viewAll=department&page=,£4.00,£23.53/kg,,New,/groceries/en-GB/products/312145991,https://digitalcontent.api.tesco.com/v2/media/ghs/ccc93740-2b28-48fc-9eb9-3172dd188568/29cff5cd-884c-433e-b8c1-7d1ac2c669d1_452359805.jpeg?h=225&w=225,
312146022,Fox & Ivy Sparkle Alphabet Candle R 170G,https://www.tesco.com/groceries/en-GB/shop/home-and-ents/all?department=Christmas%20Gifts&viewAll=department&page=,£4.00,£23.53/kg,,New,/groceries/en-GB/products/312146022,https://digitalcontent.api.tesco.com/v2/media/ghs/07a46b34-9999-4449-aae6-ab2069dbd8c3/bf8c5243-6bea-4b66-bfe2-339bab8934c3_1756933023.jpeg?h=225&w=225,
312145904,Fox & Ivy Sparkle Alphabet Candle B 170G,https://www.tesco.com/groceries/en-GB/shop/home-and-ents/all?department=Christmas%20Gifts&viewAll=department&page=,£4.00,£23.53/kg,,New,/groceries/en-GB/products/312145904,https://digitalcontent.api.tesco.com/v2/media/ghs/5bc34236-94e3-46a6-a274-8b29c101183c/a932cbad-734d-4293-b9d9-372138aade3a_923693491.jpeg?h=225&w=225,
312145979,Fox & Ivy Sparkle Alphabet Candle K 170G,https://www.tesco.com/groceries/en-GB/shop/home-and-ents/all?department=Christmas%20Gifts&viewAll=department&page=,£4.00,£23.53/kg,,,/groceries/en-GB/products/312145979,https://digitalcontent.api.tesco.com/v2/media/ghs/8811c726-d915-46fd-b007-66caf9bbc8de/2a048f77-84b3-4680-9b75-736a8c68e814_1047724013.jpeg?h=225&w=225,
312145910,Fox & Ivy Sparkle Alphabet Candle C 170G,https://www.tesco.com/groceries/en-GB/shop/home-and-ents/all?department=Christmas%20Gifts&viewAll=department&page=,£4.00,£23.53/kg,,New,/groceries/en-GB/products/312145910,https://digitalcontent.api.tesco.com/v2/media/ghs/51c22b21-5407-473a-a492-1a932f9727cc/347d1ec6-bc31-494e-a611-9af36c2de939_1472238087.jpeg?h=225&w=225,
312145927,Fox & Ivy Sparkle Alphabet Candle D 170G,https://www.tesco.com/groceries/en-GB/shop/home-and-ents/all?department=Christmas%20Gifts&viewAll=department&page=,£4.00,£23.53/kg,,New,/groceries/en-GB/products/312145927,https://digitalcontent.api.tesco.com/v2/media/ghs/adcc03cd-8ea6-471e-bd87-474ad285632e/dbc73216-8a86-4f91-87fe-9977735cc8c2_516713433.jpeg?h=225&w=225,
311463195,Tesco Disney Classic Mickey Mug,https://www.tesco.com/groceries/en-GB/shop/home-and-ents/all?department=Christmas%20Gifts&viewAll=department&page=,£3.00,£3.00/each,,,/groceries/en-GB/products/311463195,https://digitalcontent.api.tesco.com/v2/media/ghs/f63207fa-692d-471e-8aea-97d5bb6936e5/45306af5-0010-4a0f-a2f8-b1675f82de55_1930684436.jpeg?h=225&w=225,
312169867,Tesco Belonging Tree Decorating Candle 170G,https://www.tesco.com/groceries/en-GB/shop/home-and-ents/all?department=Christmas%20Gifts&viewAll=department&page=,£3.50,£20.59/kg,,New,/groceries/en-GB/products/312169867,https://digitalcontent.api.tesco.com/v2/media/ghs/5e986c01-bdf4-489e-b931-24175998831f/d7f8e2f5-da03-4bb5-87f3-94501ab1c1d3_1677877942.jpeg?h=225&w=225,
312162428,Go Create Make Your Own Christmas Recyled Craft Kit,https://www.tesco.com/groceries/en-GB/shop/home-and-ents/all?department=Christmas%20Gifts&viewAll=department&page=,£2.50,£2.50/each,,,/groceries/en-GB/products/312162428,https://digitalcontent.api.tesco.com/v2/media/ghs/27ef2beb-b32e-475f-87c9-767c3afb99ac/23152dfb-0900-4188-ac85-eab6993ceb4c_174192714.jpeg?h=225&w=225,
309112297,Remington F4 Foil Shaver,https://www.tesco.com/groceries/en-GB/shop/home-and-ents/all?department=Christmas%20Gifts&viewAll=department&page=,£40.00,£40.00/each,£35.00 Clubcard Price,,/groceries/en-GB/products/309112297,https://digitalcontent.api.tesco.com/v2/media/ghs/ff93a67a-4d36-4808-aae4-9d14bb20ebe6/023a92d5-ac71-452f-bb13-ba9f3ec8b267_1091743788.jpeg?h=225&w=225,
307208654,Braun Series 3 310Bt Shaver And Styler,https://www.tesco.com/groceries/en-GB/shop/home-and-ents/all?department=Christmas%20Gifts&viewAll=department&page=,£50.00,£50.00/each,£40.00 Clubcard Price,,/groceries/en-GB/products/307208654,https://digitalcontent.api.tesco.com/v2/media/ghs/3868e534-6ca1-4bc7-b0c0-1a0503bfd657/28c3e9ba-23fb-4b05-9be1-b883f7182fed_234489555.jpeg?h=225&w=225,
306869425,Chilli Hot Sauce Summer Food Collection Truck 8 Pack,https://www.tesco.com/groceries/en-GB/shop/home-and-ents/all?department=Christmas%20Gifts&viewAll=department&page=,£12.00,£1.50/each,,,/groceries/en-GB/products/306869425,https://digitalcontent.api.tesco.com/v2/media/ghs/131b9b95-f800-4f99-aa1a-83d27ce08054/c21eee33-9af0-40ea-986a-b106488740be_1141528759.jpeg?h=225&w=225,
311255332,Juice Boom 360 Eco Bluetooth Speaker,https://www.tesco.com/groceries/en-GB/shop/home-and-ents/all?department=Christmas%20Gifts&viewAll=department&page=,£20.00,£20.00/each,£15.00 Clubcard Price,,/groceries/en-GB/products/311255332,https://digitalcontent.api.tesco.com/v2/media/ghs/3acee6e1-1401-494e-a4ca-0bad05ebad89/8140f208-9ce8-46a1-9104-393aedb8b7c0_1341687323.jpeg?h=225&w=225,
311222826,Mixx Streambuds Play Wireless Earphones White,https://www.tesco.com/groceries/en-GB/shop/home-and-ents/all?department=Christmas%20Gifts&viewAll=department&page=,£18.00,£18.00/each,,,/groceries/en-GB/products/311222826,https://digitalcontent.api.tesco.com/v2/media/ghs/1c73ac26-b3cc-485c-83b8-5bf2cc79ab07/1bc6b86d-ad66-407a-a7b2-233c64973612_1847747548.jpeg?h=225&w=225,
304532591,Babyliss 5 In 1 Personal Trimmer Kit,https://www.tesco.com/groceries/en-GB/shop/home-and-ents/all?department=Christmas%20Gifts&viewAll=department&page=,£20.00,£20.00/each,£15.00 Clubcard Price,,/groceries/en-GB/products/304532591,https://digitalcontent.api.tesco.com/v2/media/ghs/3a2635e6-e79e-4287-b927-85ad4337df59/7477b0a6-439c-49c8-9fec-53b122464c7a_1545735676.jpeg?h=225&w=225,
312123683,Warmies Neck Wrap & Eye Mask Gift Set,https://www.tesco.com/groceries/en-GB/shop/home-and-ents/all?department=Christmas%20Gifts&viewAll=department&page=,£15.00,£15.00/each,,,/groceries/en-GB/products/312123683,https://digitalcontent.api.tesco.com/v2/media/ghs/1f22e164-deb9-41e4-8b3a-12e42b7b78ca/09c7ce59-36af-4254-a24f-1e68a5402ecd_47023532.jpeg?h=225&w=225,
308767796,Tesco Expert Xhc21 Rechargeable Hair Clipper,https://www.tesco.com/groceries/en-GB/shop/home-and-ents/all?department=Christmas%20Gifts&viewAll=department&page=,£17.00,£17.00/each,£10.00 Clubcard Price,,/groceries/en-GB/products/308767796,https://digitalcontent.api.tesco.com/v2/media/ghs/63a7bc8e-e4ad-4423-8174-148d51d31a47/6dc331b1-7f14-448e-873c-815122eaba97_176175440.jpeg?h=225&w=225,
307109269,Philips Nose Trimmer Nt3650,https://www.tesco.com/groceries/en-GB/shop/home-and-ents/all?department=Christmas%20Gifts&viewAll=department&page=,£15.00,£15.00/each,£12.00 Clubcard Price,,/groceries/en-GB/products/307109269,https://digitalcontent.api.tesco.com/v2/media/ghs/664408ed-da71-4cc4-97d8-3481cbeb67ca/6d5890b8-c533-4c48-b5c8-33fd4cc58934_809966826.jpeg?h=225&w=225,
311950540,Yappy Christmas Pooch Hamper,https://www.tesco.com/groceries/en-GB/shop/home-and-ents/all?department=Christmas%20Gifts&viewAll=department&page=,£12.00,£12.00/each,£10.00 Clubcard Price,,/groceries/en-GB/products/311950540,https://digitalcontent.api.tesco.com/v2/media/ghs/a2116013-7430-4e51-bc16-27797d94f3df/0ba1f06f-b750-483a-aecc-f54ffb0a1d6e_1924068336.jpeg?h=225&w=225,
311958848,Star Wars R2D2 Travel Mug,https://www.tesco.com/groceries/en-GB/shop/home-and-ents/all?department=Christmas%20Gifts&viewAll=department&page=,£12.00,£12.00/each,,New,/groceries/en-GB/products/311958848,https://digitalcontent.api.tesco.com/v2/media/ghs/0acd168a-3f4b-4f51-998d-1645eb47a33b/25c0cab1-bca3-4bb1-9b16-c12e26181d71_901081911.jpeg?h=225&w=225,
311781083,Deli At Home Spice Rack 6 Jars,https://www.tesco.com/groceries/en-GB/shop/home-and-ents/all?department=Christmas%20Gifts&viewAll=department&page=,£12.00,£12.00/each,,New,/groceries/en-GB/products/311781083,https://digitalcontent.api.tesco.com/v2/media/ghs/4ccbc590-a95c-482e-91fa-b86de030652b/595d7e5a-ec8d-40d5-bb00-f34ef7847c96_417714900.jpeg?h=225&w=225,
312111720,RHS Stainless Steel Flask & Tea Bag Set,https://www.tesco.com/groceries/en-GB/shop/home-and-ents/all?department=Christmas%20Gifts&viewAll=department&page=,£12.00,£12.00/each,£10.00 Clubcard Price,,/groceries/en-GB/products/312111720,https://digitalcontent.api.tesco.com/v2/media/ghs/c771ed25-93ef-40a2-9a20-23fa58e45377/3edad82e-0750-4fae-ae4e-f5f014bf690f_1807217609.jpeg?h=225&w=225,
311425304,Batman Travel Mug,https://www.tesco.com/groceries/en-GB/shop/home-and-ents/all?department=Christmas%20Gifts&viewAll=department&page=,£12.00,£12.00/each,£10.00 Clubcard Price,,/groceries/en-GB/products/311425304,https://digitalcontent.api.tesco.com/v2/media/ghs/ad753a20-010a-4105-8a59-d8acc4d7aed4/30365e68-f961-4f4f-b2a4-f75e95af1b0f_2037556070.jpeg?h=225&w=225,
312086616,Love Raw Vegan Make Your Own Doughnuts,https://www.tesco.com/groceries/en-GB/shop/home-and-ents/all?department=Christmas%20Gifts&viewAll=department&page=,£12.00,£12.00/each,,New,/groceries/en-GB/products/312086616,https://digitalcontent.api.tesco.com/v2/media/ghs/f43e0e38-93fd-4d1d-837d-5529075e7768/649748ba-87f0-4deb-9d81-204bb9ac1cfc_1133759679.jpeg?h=225&w=225,
311954674,Twinings Superblends Cosy Night In Gift Set,https://www.tesco.com/groceries/en-GB/shop/home-and-ents/all?department=Christmas%20Gifts&viewAll=department&page=,£12.00,£12.00/each,£10.00 Clubcard Price,,/groceries/en-GB/products/311954674,https://digitalcontent.api.tesco.com/v2/media/ghs/1c6ca2cf-5e3f-4bab-9898-ca5cb2ca414a/5f359ffd-e941-4fa7-8d79-a75fbb08ad6f_829087398.jpeg?h=225&w=225,
311934024,Professor Puzzle Sherlock Holmes Set Of 5 Puzzles,https://www.tesco.com/groceries/en-GB/shop/home-and-ents/all?department=Christmas%20Gifts&viewAll=department&page=,£8.00,£8.00/each,,,/groceries/en-GB/products/311934024,https://digitalcontent.api.tesco.com/v2/media/ghs/482afc7f-cf91-41fb-b42c-6909040b5cd1/59d7134c-38fc-4380-8531-b60ff5830221_2138156064.jpeg?h=225&w=225,
311933359,The Grill House Ultimate Steak Set,https://www.tesco.com/groceries/en-GB/shop/home-and-ents/all?department=Christmas%20Gifts&viewAll=department&page=,£12.00,£12.00/each,,New,/groceries/en-GB/products/311933359,https://digitalcontent.api.tesco.com/v2/media/ghs/76ad2547-f5c7-4101-982e-2b06aa254bb0/6cdac92e-53fd-4cd1-a82e-97f06c92d70a_408137621.jpeg?h=225&w=225,
311957659,Professor Puzzle Zodiac & Milky Way Jigsaw,https://www.tesco.com/groceries/en-GB/shop/home-and-ents/all?department=Christmas%20Gifts&viewAll=department&page=,£6.00,£6.00/each,,New,/groceries/en-GB/products/311957659,https://digitalcontent.api.tesco.com/v2/media/ghs/1ad96eae-8ff3-4b15-b4f6-d9b1efb55350/2204932b-764a-4439-ba4b-b98d4df1d59b_67990271.jpeg?h=225&w=225,
310079628,Candlelight 50G Light Up Candle Mulled Wine,https://www.tesco.com/groceries/en-GB/shop/home-and-ents/all?department=Christmas%20Gifts&viewAll=department&page=,£8.50,£170.00/kg,,,/groceries/en-GB/products/310079628,https://digitalcontent.api.tesco.com/v2/media/ghs/d8358635-aed8-4ec9-a7a5-bcd9b4b0f412/0236cb62-474d-4378-a200-faedeab9b44f_931215851.jpeg?h=225&w=225,
312098458,Scott & Lawson Runners Kit,https://www.tesco.com/groceries/en-GB/shop/home-and-ents/all?department=Christmas%20Gifts&viewAll=department&page=,£7.00,£7.00/each,,,/groceries/en-GB/products/312098458,https://digitalcontent.api.tesco.com/v2/media/ghs/29b3f66b-683f-4ead-a3b7-ff8d3771ea4d/778a5633-ee56-47bc-9373-0be9c3162559_1969026316.jpeg?h=225&w=225,
312082373,The Grill House Bbq Smoking Kit,https://www.tesco.com/groceries/en-GB/shop/home-and-ents/all?department=Christmas%20Gifts&viewAll=department&page=,£7.00,£7.00/each,,,/groceries/en-GB/products/312082373,https://digitalcontent.api.tesco.com/v2/media/ghs/c2f1e78d-655d-4491-9636-eec150a3185a/8bf27175-65ff-41de-8bd4-eb5112e2985e_1290674024.jpeg?h=225&w=225,
306860855,Guinness Mug & Socks Gift Set,https://www.tesco.com/groceries/en-GB/shop/home-and-ents/all?department=Christmas%20Gifts&viewAll=department&page=,£8.00,£8.00/each,,,/groceries/en-GB/products/306860855,https://digitalcontent.api.tesco.com/v2/media/ghs/ba07116d-165c-46cc-b10e-be5ac997936c/dcbaadb6-02f0-416a-b960-62d38333ba94_589342883.jpeg?h=225&w=225,
311439187,Professor Puzzle Wooden Sudokubes Game Set,https://www.tesco.com/groceries/en-GB/shop/home-and-ents/all?department=Christmas%20Gifts&viewAll=department&page=,£6.00,£6.00/each,,,/groceries/en-GB/products/311439187,https://digitalcontent.api.tesco.com/v2/media/ghs/be0d1776-aab1-4502-a408-87173db1b339/a3d669c6-533b-4b89-bb30-c759778bcce7_187535267.jpeg?h=225&w=225,
311940166,Professor Puzzle Make Your Own Snowy Pom Pom Garland,https://www.tesco.com/groceries/en-GB/shop/home-and-ents/all?department=Christmas%20Gifts&viewAll=department&page=,£5.00,£5.00/each,,,/groceries/en-GB/products/311940166,https://digitalcontent.api.tesco.com/v2/media/ghs/d5107de1-3030-43f3-b41b-6083b87847ba/135bd194-b870-41bc-9555-87c1d78385b0_1768106087.jpeg?h=225&w=225,
311825165,Tesco Belonging Alphabet Mug K,https://www.tesco.com/groceries/en-GB/shop/home-and-ents/all?department=Christmas%20Gifts&viewAll=department&page=,£5.00,£5.00/each,,,/groceries/en-GB/products/311825165,https://digitalcontent.api.tesco.com/v2/media/ghs/df1d071e-d4af-41a5-ba10-69da03183028/cee0cb3f-e3fe-4126-8f14-e68b69fc1abb_1492328217.jpeg?h=225&w=225,
311825228,Tesco Belonging Alphabet Mug S,https://www.tesco.com/groceries/en-GB/shop/home-and-ents/all?department=Christmas%20Gifts&viewAll=department&page=,£5.00,£5.00/each,,,/groceries/en-GB/products/311825228,https://digitalcontent.api.tesco.com/v2/media/ghs/a989143a-c622-499b-9160-7a0ececc4c2e/0efb87c2-0eb0-4eb2-aa1a-39911f037bfc_541728365.jpeg?h=225&w=225,
311825171,Tesco Belonging Alphabet Mug L,https://www.tesco.com/groceries/en-GB/shop/home-and-ents/all?department=Christmas%20Gifts&viewAll=department&page=,£5.00,£5.00/each,,,/groceries/en-GB/products/311825171,https://digitalcontent.api.tesco.com/v2/media/ghs/40361e74-7032-4cbf-8985-514436e03b06/bf0db5fc-4d48-4cb6-9931-53664ab6159d_1559310513.jpeg?h=225&w=225,
311825107,Tesco Belonging Alphabet Mug C,https://www.tesco.com/groceries/en-GB/shop/home-and-ents/all?department=Christmas%20Gifts&viewAll=department&page=,£5.00,£5.00/each,,,/groceries/en-GB/products/311825107,https://digitalcontent.api.tesco.com/v2/media/ghs/e6f19dc9-bde8-4bb4-9c42-98aea7d0e537/87e32b90-f590-4e38-9ff4-187c8d1bd220_1701510496.jpeg?h=225&w=225,
311825113,Tesco Belonging Alphabet Mug D,https://www.tesco.com/groceries/en-GB/shop/home-and-ents/all?department=Christmas%20Gifts&viewAll=department&page=,£5.00,£5.00/each,,,/groceries/en-GB/products/311825113,https://digitalcontent.api.tesco.com/v2/media/ghs/3f570fa9-a3c3-4985-a54c-538c57c94bc2/c9c55f93-a527-48e8-b452-399e70aac1d8_200081144.jpeg?h=225&w=225,
311825188,Tesco Belonging Alphabet Mug M,https://www.tesco.com/groceries/en-GB/shop/home-and-ents/all?department=Christmas%20Gifts&viewAll=department&page=,£5.00,£5.00/each,,,/groceries/en-GB/products/311825188,https://digitalcontent.api.tesco.com/v2/media/ghs/864450f1-5042-49f2-919b-41b90f761a87/2b88a698-9f59-4079-9d5c-040aba1d763b_1913181826.jpeg?h=225&w=225,
311937447,Professor Puzzle Talent Show Game,https://www.tesco.com/groceries/en-GB/shop/home-and-ents/all?department=Christmas%20Gifts&viewAll=department&page=,£5.00,£5.00/each,,New,/groceries/en-GB/products/311937447,https://digitalcontent.api.tesco.com/v2/media/ghs/54ec6945-f6ad-4ba1-8bc4-5ea62bd70d3c/4ca47e9d-9954-43f4-a0a7-34887388d4f3_910941653.jpeg?h=225&w=225,
311959202,Professor Puzzle Family Face Off Game,https://www.tesco.com/groceries/en-GB/shop/home-and-ents/all?department=Christmas%20Gifts&viewAll=department&page=,£5.00,£5.00/each,,New,/groceries/en-GB/products/311959202,https://digitalcontent.api.tesco.com/v2/media/ghs/d369d9cb-92da-430d-aef1-0ea3b81ae158/49eb6c22-2754-4c25-bf8f-545196b47ddb_795008984.jpeg?h=225&w=225,
312107962,Professor Puzzle Born In The Wrong Decade Game,https://www.tesco.com/groceries/en-GB/shop/home-and-ents/all?department=Christmas%20Gifts&viewAll=department&page=,£5.00,£5.00/each,£4.00 Clubcard Price,,/groceries/en-GB/products/312107962,https://digitalcontent.api.tesco.com/v2/media/ghs/4181297d-8ec7-4a44-bb92-834e6cb74e6b/ee190ad7-c610-4a93-a09a-80c5a42c5a25_629287722.jpeg?h=225&w=225,
312088240,Love Raw Vegan Make Your Own Cookies,https://www.tesco.com/groceries/en-GB/shop/home-and-ents/all?department=Christmas%20Gifts&viewAll=department&page=,£6.00,£6.00/each,,,/groceries/en-GB/products/312088240,https://digitalcontent.api.tesco.com/v2/media/ghs/3d8250d2-545e-40c4-8df3-b8dcc4eb928e/0a6e9201-e864-46c7-9181-9e466e7a32c6_755851664.jpeg?h=225&w=225,
312082511,Professor Puzzle Calligraphy Kit,https://www.tesco.com/groceries/en-GB/shop/home-and-ents/all?department=Christmas%20Gifts&viewAll=department&page=,£5.00,£5.00/each,,,/groceries/en-GB/products/312082511,https://digitalcontent.api.tesco.com/v2/media/ghs/5f433bdc-b40f-42f3-a916-3d70cdca9601/ffe11b2c-2351-4d83-ad47-20daa2c0b6b1_976870999.jpeg?h=225&w=225,
311957924,Professor Puzzle Turn A Phrase Game,https://www.tesco.com/groceries/en-GB/shop/home-and-ents/all?department=Christmas%20Gifts&viewAll=department&page=,£4.00,£4.00/each,,New,/groceries/en-GB/products/311957924,https://digitalcontent.api.tesco.com/v2/media/ghs/cc2c0531-eaec-4826-8563-9ee39294f657/d9b86297-8120-4a22-b29e-af9c8ab72b39_373780557.jpeg?h=225&w=225,
311935757,Professor Puzzle Winter Wonderland Paint By Numbers,https://www.tesco.com/groceries/en-GB/shop/home-and-ents/all?department=Christmas%20Gifts&viewAll=department&page=,£5.00,£5.00/each,,New,/groceries/en-GB/products/311935757,https://digitalcontent.api.tesco.com/v2/media/ghs/28fd9253-2361-42f7-9d24-e6e1db58bed8/11dfaace-7236-4c65-9511-b56bdfcc055e_438845083.jpeg?h=225&w=225,
311801809,Professor Puzzle Autumn Landscape Paint By Numbers,https://www.tesco.com/groceries/en-GB/shop/home-and-ents/all?department=Christmas%20Gifts&viewAll=department&page=,£5.00,£5.00/each,,New,/groceries/en-GB/products/311801809,https://digitalcontent.api.tesco.com/v2/media/ghs/6c0829af-7317-4f38-b94d-8cf938cd6df8/c0353199-f599-4c39-8223-774b317d3da0_1791938521.jpeg?h=225&w=225,
311676594,Fifa Plastic Travel Mug,https://www.tesco.com/groceries/en-GB/shop/home-and-ents/all?department=Christmas%20Gifts&viewAll=department&page=,£5.00,£5.00/each,,New,/groceries/en-GB/products/311676594,https://digitalcontent.api.tesco.com/v2/media/ghs/e55e3f61-2ddc-4891-9272-89cfb4692f71/7bfed961-8828-44da-ad2d-a8cf22609f07_961519631.jpeg?h=225&w=225,
311722511,Tesco Disney Princess Be Kind Mug,https://www.tesco.com/groceries/en-GB/shop/home-and-ents/all?department=Christmas%20Gifts&viewAll=department&page=,£3.50,£3.50/each,,,/groceries/en-GB/products/311722511,https://digitalcontent.api.tesco.com/v2/media/ghs/dcee5134-dd53-425e-a750-29a37d1e7cf9/4fa3e09e-03b7-459a-b067-d8a34df1e2c4_1013918246.jpeg?h=225&w=225,
312145933,Fox & Ivy Sparkle Alphabet Candle E 170G,https://www.tesco.com/groceries/en-GB/shop/home-and-ents/all?department=Christmas%20Gifts&viewAll=department&page=,£4.00,£23.53/kg,,,/groceries/en-GB/products/312145933,https://digitalcontent.api.tesco.com/v2/media/ghs/23b40a95-b20f-4328-9f31-31aab488c4f5/4893572b-2a73-443f-87e3-404ebe7363c4_1481508150.jpeg?h=225&w=225,
312145947,Fox & Ivy Sparkle Alphabet Candle G 170G,https://www.tesco.com/groceries/en-GB/shop/home-and-ents/all?department=Christmas%20Gifts&viewAll=department&page=,£4.00,£23.53/kg,,New,/groceries/en-GB/products/312145947,https://digitalcontent.api.tesco.com/v2/media/ghs/0f8e8682-38fc-4a6f-b95f-048c2e5efb6d/c77df339-833b-4e82-9062-33ed6fb9e4b9_799382532.jpeg?h=225&w=225,
311825545,Tesco Disney Mickey & Minnie Drinking Jar,https://www.tesco.com/groceries/en-GB/shop/home-and-ents/all?department=Christmas%20Gifts&viewAll=department&page=,£3.00,£3.00/each,,,/groceries/en-GB/products/311825545,https://digitalcontent.api.tesco.com/v2/media/ghs/841abcf9-da20-4cce-a453-69129d395bdd/4f7e5f70-8295-4978-8874-3bc8b9d56123_1699464125.jpeg?h=225&w=225,
311889590,Tesco Disney Classic Minnie Mug,https://www.tesco.com/groceries/en-GB/shop/home-and-ents/all?department=Christmas%20Gifts&viewAll=department&page=,£3.00,£3.00/each,,,/groceries/en-GB/products/311889590,https://digitalcontent.api.tesco.com/v2/media/ghs/89647282-ec3e-42d8-9bdb-22f4e7275f39/0c9a092d-ee38-47c8-bf32-0f327ee8a425_114830367.jpeg?h=225&w=225,
305001089,Tassimo Suny Black,https://www.tesco.com/groceries/en-GB/shop/home-and-ents/all?department=Christmas%20Gifts&viewAll=department&page=,£49.00,£49.00/each,,,/groceries/en-GB/products/305001089,https://digitalcontent.api.tesco.com/v2/media/ghs/5930bbc8-bb97-430a-8ce8-b3d636099ca0/584a2ac6-2c3c-4a2b-b0f5-8a7926f5d721_1062694653.jpeg?h=225&w=225,
301439136,Wahl Lifeproof Shaver,https://www.tesco.com/groceries/en-GB/shop/home-and-ents/all?department=Christmas%20Gifts&viewAll=department&page=,£67.00,£67.00/each,,,/groceries/en-GB/products/301439136,https://digitalcontent.api.tesco.com/v2/media/ghs/6cb5bf1d-6f5e-4b1e-bb5c-597a8c86364c/c2f70acd-7004-4a5e-978f-1e1b8fcb944f_577045655.jpeg?h=225&w=225,
304532579,Babyliss 7255U 10 In1 Titanium Grooming Kit,https://www.tesco.com/groceries/en-GB/shop/home-and-ents/all?department=Christmas%20Gifts&viewAll=department&page=,£35.00,£35.00/each,£24.00 Clubcard Price,,/groceries/en-GB/products/304532579,https://digitalcontent.api.tesco.com/v2/media/ghs/58f03ef8-fcff-4c73-80a3-ee932901bd9e/bb348bfe-eeaf-406e-b7ba-f96e02e34088_513806939.jpeg?h=225&w=225,
311434938,Wahl Clean & Close Lithium Shaver,https://www.tesco.com/groceries/en-GB/shop/home-and-ents/all?department=Christmas%20Gifts&viewAll=department&page=,£40.00,£40.00/each,£28.00 Clubcard Price,,/groceries/en-GB/products/311434938,https://digitalcontent.api.tesco.com/v2/media/ghs/d244a559-4065-4a33-bbb3-2814f87d10f6/48574f49-65c0-4199-bca9-2223faccb3d6_228146507.jpeg?h=225&w=225,
307109253,Philips S1231/41 Rotary Shaver,https://www.tesco.com/groceries/en-GB/shop/home-and-ents/all?department=Christmas%20Gifts&viewAll=department&page=,£45.00,£45.00/each,£35.00 Clubcard Price,,/groceries/en-GB/products/307109253,https://digitalcontent.api.tesco.com/v2/media/ghs/16f4c480-cbc6-443b-af96-6b30d7b2549c/d6bd1880-9ec4-4b86-81b9-fedfc99192ff_641452208.jpeg?h=225&w=225,
301327672,Philips Bt3206/13 Beard Trimmer,https://www.tesco.com/groceries/en-GB/shop/home-and-ents/all?department=Christmas%20Gifts&viewAll=department&page=,£30.00,£30.00/each,£20.00 Clubcard Price,,/groceries/en-GB/products/301327672,https://digitalcontent.api.tesco.com/v2/media/ghs/43e7e796-e915-4f65-998e-b32d527a17e6/6fce2d42-4a56-44e2-854a-29dbfd2953c6_919332799.jpeg?h=225&w=225,
303502922,Wahl 9891-017 Beard Trimmer,https://www.tesco.com/groceries/en-GB/shop/home-and-ents/all?department=Christmas%20Gifts&viewAll=department&page=,£30.00,£30.00/each,,,/groceries/en-GB/products/303502922,https://digitalcontent.api.tesco.com/v2/media/ghs/f709b91b-ae78-4fdd-8b27-a6f8c7c052ca/1be73644-d683-4896-9346-b8e8ca57120f_1745454370.jpeg?h=225&w=225,
277686944,Remington S6300 Straightener,https://www.tesco.com/groceries/en-GB/shop/home-and-ents/all?department=Christmas%20Gifts&viewAll=department&page=,£32.00,£32.00/each,£22.00 Clubcard Price,,/groceries/en-GB/products/277686944,https://digitalcontent.api.tesco.com/v2/media/ghs/a9f54f11-f322-42a1-878b-ec53b3020ef6/8afde81e-640a-47b1-8244-2f989557e4a9_2005551924.jpeg?h=225&w=225,
288178740,Remington D3190 Ionic Dry 2200W Hairdryer,https://www.tesco.com/groceries/en-GB/shop/home-and-ents/all?department=Christmas%20Gifts&viewAll=department&page=,£31.00,£31.00/each,£21.00 Clubcard Price,,/groceries/en-GB/products/288178740,https://digitalcontent.api.tesco.com/v2/media/ghs/9e55d8af-b347-4773-b562-a6b42b98b98b/63a4db54-42c9-4bd3-a32b-7eb4904fb6c4_1383321647.jpeg?h=225&w=225,
304532549,Babyliss Rose Gold Lustre 2400W Hair Dryer,https://www.tesco.com/groceries/en-GB/shop/home-and-ents/all?department=Christmas%20Gifts&viewAll=department&page=,£35.00,£35.00/each,£25.00 Clubcard Price,,/groceries/en-GB/products/304532549,https://digitalcontent.api.tesco.com/v2/media/ghs/22595f9f-135c-4625-9ff1-cd13eeca9409/16ed399a-c49c-454f-9a65-27378e5e83e6_860354246.jpeg?h=225&w=225,
311780458,Himalayan Salt Lamp,https://www.tesco.com/groceries/en-GB/shop/home-and-ents/all?department=Christmas%20Gifts&viewAll=department&page=,£20.00,£20.00/each,,,/groceries/en-GB/products/311780458,https://digitalcontent.api.tesco.com/v2/media/ghs/05577aca-6cb3-4e95-bfdf-1d0b3426cdf1/e929476f-c72f-4899-9ef7-072ec2092817_128720915.jpeg?h=225&w=225,
290165120,Tresemme Perfectly Undone Curling Tong,https://www.tesco.com/groceries/en-GB/shop/home-and-ents/all?department=Christmas%20Gifts&viewAll=department&page=,£25.00,£25.00/each,,,/groceries/en-GB/products/290165120,https://digitalcontent.api.tesco.com/v2/media/ghs/f307d4e4-6448-4b14-94a8-b755b8c6df9a/2605be4e-3f23-4eab-8f8f-5b5d1fd278d1_482362686.jpeg?h=225&w=225,
304478430,Remington R4 Rotary Shaver,https://www.tesco.com/groceries/en-GB/shop/home-and-ents/all?department=Christmas%20Gifts&viewAll=department&page=,£41.00,£41.00/each,£31.00 Clubcard Price,,/groceries/en-GB/products/304478430,https://digitalcontent.api.tesco.com/v2/media/ghs/5da4fb8b-1101-4240-8943-b7c0456e7597/0e95ac44-41e3-4c4b-b28e-ef95fbe54310_162693441.jpeg?h=225&w=225,
308341597,Philips Pq206/18 Travel Shaver,https://www.tesco.com/groceries/en-GB/shop/home-and-ents/all?department=Christmas%20Gifts&viewAll=department&page=,£17.00,£17.00/each,,,/groceries/en-GB/products/308341597,https://digitalcontent.api.tesco.com/v2/media/ghs/19c9018a-0f92-44f2-84e4-bcf15a3a8735/ac6c4ba9-94fc-4259-b145-d976edf1bf56_2027348824.jpeg?h=225&w=225,
312091039,RHS Wooden Insect House with Two Preserves,https://www.tesco.com/groceries/en-GB/shop/home-and-ents/all?department=Christmas%20Gifts&viewAll=department&page=,£15.00,£15.00/each,£13.00 Clubcard Price,,/groceries/en-GB/products/312091039,https://digitalcontent.api.tesco.com/v2/media/ghs/f83b018c-e397-4459-8dcf-590632d8e318/9bf8ce7d-d723-4e80-831e-646507b3196c_175784638.jpeg?h=225&w=225,
307032227,Wahl Facial Hair Remover,https://www.tesco.com/groceries/en-GB/shop/home-and-ents/all?department=Christmas%20Gifts&viewAll=department&page=,£20.00,£20.00/each,,,/groceries/en-GB/products/307032227,https://digitalcontent.api.tesco.com/v2/media/ghs/4d651b4c-8be3-4678-a106-5dcc6e7732eb/4994ab05-3c1d-4833-8c6e-4bb1fa7a2bf9_1435776337.jpeg?h=225&w=225,
301530033,Star Wars Death Star Maze Ball,https://www.tesco.com/groceries/en-GB/shop/home-and-ents/all?department=Christmas%20Gifts&viewAll=department&page=,£10.00,£10.00/each,,,/groceries/en-GB/products/301530033,https://digitalcontent.api.tesco.com/v2/media/ghs/67102a56-ef89-4558-8f48-15336f1811e0/snapshotimagehandler_613802602.jpeg?h=225&w=225,
311791704,Global Gizmos Acrylic Neon Love Sign,https://www.tesco.com/groceries/en-GB/shop/home-and-ents/all?department=Christmas%20Gifts&viewAll=department&page=,£10.00,£10.00/each,,,/groceries/en-GB/products/311791704,https://digitalcontent.api.tesco.com/v2/media/ghs/4f955fb4-faf4-44cb-8dd9-88a97a65279f/7675fe8a-de12-41bf-9389-1d52fc43236b_111303777.jpeg?h=225&w=225,
312111017,Professor Puzzle Backgammon Game Set,https://www.tesco.com/groceries/en-GB/shop/home-and-ents/all?department=Christmas%20Gifts&viewAll=department&page=,£8.00,£8.00/each,,New,/groceries/en-GB/products/312111017,https://digitalcontent.api.tesco.com/v2/media/ghs/cd5534f3-2037-416a-9f3b-5981f746a9f2/133d22b7-8c49-441f-bb5e-9b691254bcf4_1560306976.jpeg?h=225&w=225,
312143578,Tesco High Gloss 2023 A5 Dap Diary,https://www.tesco.com/groceries/en-GB/shop/home-and-ents/all?department=Christmas%20Gifts&viewAll=department&page=,£5.00,£5.00/each,,,/groceries/en-GB/products/312143578,https://digitalcontent.api.tesco.com/v2/media/ghs/0640fe66-1e41-40ed-997b-0f6d0cf7cb5d/4d350b53-d199-4b75-8a1a-94f48c149b1b_1732782622.jpeg?h=225&w=225,
309732104,The Cocktail Bar Cocktail Accessories Kit,https://www.tesco.com/groceries/en-GB/shop/home-and-ents/all?department=Christmas%20Gifts&viewAll=department&page=,£10.00,£10.00/each,,,/groceries/en-GB/products/309732104,https://digitalcontent.api.tesco.com/v2/media/ghs/7701fd0a-b639-4c8b-8b21-092a8df9fe66/d066c4e8-2bf1-47e6-9c2e-8464599399c9_631704286.jpeg?h=225&w=225,
312105590,Bosh Vegan Cheese Making,https://www.tesco.com/groceries/en-GB/shop/home-and-ents/all?department=Christmas%20Gifts&viewAll=department&page=,£10.00,£10.00/each,£8.00 Clubcard Price,,/groceries/en-GB/products/312105590,https://digitalcontent.api.tesco.com/v2/media/ghs/f87fc556-7f3a-4828-b5a3-356d6172593c/0b222897-a945-4314-9e73-1ec72be7338f_117943661.jpeg?h=225&w=225,
312085813,Professor Puzzle Tyle Game,https://www.tesco.com/groceries/en-GB/shop/home-and-ents/all?department=Christmas%20Gifts&viewAll=department&page=,£7.00,£7.00/each,,,/groceries/en-GB/products/312085813,https://digitalcontent.api.tesco.com/v2/media/ghs/9a2305f6-5b96-4011-a0b7-148d66b54567/66627e4b-7f20-4aef-abe4-84990df02b89_1863035938.jpeg?h=225&w=225,
311449535,Professor Puzzle Poker Tin Set,https://www.tesco.com/groceries/en-GB/shop/home-and-ents/all?department=Christmas%20Gifts&viewAll=department&page=,£10.00,£10.00/each,£8.00 Clubcard Price,,/groceries/en-GB/products/311449535,https://digitalcontent.api.tesco.com/v2/media/ghs/e6c607d5-a0ef-4cdd-baae-b0a3a09b98fb/fa67265c-98ae-4ff8-a90d-3a4bad9640eb_598230105.jpeg?h=225&w=225,
311426159,Scott & Lawson Bike Puncture Repair Kit,https://www.tesco.com/groceries/en-GB/shop/home-and-ents/all?department=Christmas%20Gifts&viewAll=department&page=,£7.00,£7.00/each,£5.00 Clubcard Price,,/groceries/en-GB/products/311426159,https://digitalcontent.api.tesco.com/v2/media/ghs/a40d7a16-45f3-41a3-8adc-4023d1ca4595/caec7067-6581-4800-b7ae-8e0ba7d83540_1786455796.jpeg?h=225&w=225,
312102457,Professor Puzzle Yoga Socks And Relaxation Cards,https://www.tesco.com/groceries/en-GB/shop/home-and-ents/all?department=Christmas%20Gifts&viewAll=department&page=,£8.00,£8.00/each,,,/groceries/en-GB/products/312102457,https://digitalcontent.api.tesco.com/v2/media/ghs/73c043aa-19f0-4067-842d-7f9dd2f9e67a/fc2e6f06-10bf-4603-8094-5384601da44e_1525678009.jpeg?h=225&w=225,
308767807,Tesco Expert Xtcc21 Corded Hair Clipper,https://www.tesco.com/groceries/en-GB/shop/home-and-ents/all?department=Christmas%20Gifts&viewAll=department&page=,£8.00,£8.00/each,£7.00 Clubcard Price,,/groceries/en-GB/products/308767807,https://digitalcontent.api.tesco.com/v2/media/ghs/889c4486-fd0f-4f54-ae5c-161bfa18a005/97d60f82-601f-4206-b161-6af292b46f2c_2067447061.jpeg?h=225&w=225,
311951343,Candlelight Blue/Green Lightup Candle 390G,https://www.tesco.com/groceries/en-GB/shop/home-and-ents/all?department=Christmas%20Gifts&viewAll=department&page=,£8.50,£21.80/kg,£6.35 Clubcard Price,,/groceries/en-GB/products/311951343,https://digitalcontent.api.tesco.com/v2/media/ghs/27e88d9a-3ac1-41ac-9113-d378dd585e15/e795712a-30bc-424f-aa7b-52a333ae03c2_736585616.jpeg?h=225&w=225,
311939629,Scott & Lawson Travel Mug,https://www.tesco.com/groceries/en-GB/shop/home-and-ents/all?department=Christmas%20Gifts&viewAll=department&page=,£8.00,£8.00/each,,,/groceries/en-GB/products/311939629,https://digitalcontent.api.tesco.com/v2/media/ghs/33fdaf33-12f7-4f47-80f6-888b7a848567/c156cc70-df5f-495b-b84e-7f5a1e61c394_1972465530.jpeg?h=225&w=225,
311951988,Hot Chocolate Mug With Mallow Topper,https://www.tesco.com/groceries/en-GB/shop/home-and-ents/all?department=Christmas%20Gifts&viewAll=department&page=,£8.00,£8.00/each,£7.00 Clubcard Price,,/groceries/en-GB/products/311951988,https://digitalcontent.api.tesco.com/v2/media/ghs/8d7bd7f8-97cf-4a1d-b849-7a356c596643/ab8af9b8-7bba-459d-bbe9-d73434f6f002_866712684.jpeg?h=225&w=225,
312082914,Twinings Superblends Travel Kit,https://www.tesco.com/groceries/en-GB/shop/home-and-ents/all?department=Christmas%20Gifts&viewAll=department&page=,£7.00,£7.00/each,,,/groceries/en-GB/products/312082914,https://digitalcontent.api.tesco.com/v2/media/ghs/de19cefc-8657-4c77-a9c4-753e46d25474/7b82cc3e-3cdb-41f9-b9eb-66fe5cf78dfe_471994286.jpeg?h=225&w=225,
311825234,Tesco Belonging Alphabet Mug T,https://www.tesco.com/groceries/en-GB/shop/home-and-ents/all?department=Christmas%20Gifts&viewAll=department&page=,£5.00,£5.00/each,,,/groceries/en-GB/products/311825234,https://digitalcontent.api.tesco.com/v2/media/ghs/cba816d2-14a6-4f6a-804f-e37c42ab9468/ba449536-75ce-4278-8082-5b23f64f7259_2077084193.jpeg?h=225&w=225,
311825096,Tesco Belonging Alphabet Mug B,https://www.tesco.com/groceries/en-GB/shop/home-and-ents/all?department=Christmas%20Gifts&viewAll=department&page=,£5.00,£5.00/each,,,/groceries/en-GB/products/311825096,https://digitalcontent.api.tesco.com/v2/media/ghs/b69ea42a-c1cd-4932-ad93-1cc4396df367/eaf5d3fd-6585-4b1a-8a5b-961610afcdc3_751044618.jpeg?h=225&w=225,
311825205,Tesco Belonging Alphabet Mug P,https://www.tesco.com/groceries/en-GB/shop/home-and-ents/all?department=Christmas%20Gifts&viewAll=department&page=,£5.00,£5.00/each,,,/groceries/en-GB/products/311825205,https://digitalcontent.api.tesco.com/v2/media/ghs/4f682eca-d4ba-4dc6-9d37-b6eeeb483381/a03c32a5-8cb2-4679-b214-4377ef56f192_1004675560.jpeg?h=225&w=225,
311825136,Tesco Belonging Alphabet Mug G,https://www.tesco.com/groceries/en-GB/shop/home-and-ents/all?department=Christmas%20Gifts&viewAll=department&page=,£5.00,£5.00/each,,,/groceries/en-GB/products/311825136,https://digitalcontent.api.tesco.com/v2/media/ghs/b8597aac-5925-4369-861a-054fbdf07077/ea13c771-60ac-4af8-953f-0e6710e8c091_118574258.jpeg?h=225&w=225,
311825211,Tesco Belonging Alphabet Mug R,https://www.tesco.com/groceries/en-GB/shop/home-and-ents/all?department=Christmas%20Gifts&viewAll=department&page=,£5.00,£5.00/each,,,/groceries/en-GB/products/311825211,https://digitalcontent.api.tesco.com/v2/media/ghs/6768f01c-a4d3-4422-a686-5c3606363d81/bc71aa02-114b-4494-9a20-44065e729b2f_226978898.jpeg?h=225&w=225,
312091615,Global Gizmos Bling Pong Table Tennis Set,https://www.tesco.com/groceries/en-GB/shop/home-and-ents/all?department=Christmas%20Gifts&viewAll=department&page=,£7.00,£7.00/each,,,/groceries/en-GB/products/312091615,https://digitalcontent.api.tesco.com/v2/media/ghs/27615194-2ca6-4a73-a008-028d78386458/f83d16cb-6945-49c4-b731-1e7d75424803_576360518.jpeg?h=225&w=225,
312107806,Professor Puzzle Make A Bad Impression Game,https://www.tesco.com/groceries/en-GB/shop/home-and-ents/all?department=Christmas%20Gifts&viewAll=department&page=,£5.00,£5.00/each,,,/groceries/en-GB/products/312107806,https://digitalcontent.api.tesco.com/v2/media/ghs/fc6a8975-b6b1-4fb3-8f9b-81b7f46fdfbb/ae25cb64-f044-4a83-8033-383fb468b68e_1405189577.jpeg?h=225&w=225,
311438871,Professor Puzzle Family Showdown Game,https://www.tesco.com/groceries/en-GB/shop/home-and-ents/all?department=Christmas%20Gifts&viewAll=department&page=,£5.00,£5.00/each,,,/groceries/en-GB/products/311438871,https://digitalcontent.api.tesco.com/v2/media/ghs/28bb3416-5df2-42ba-b22f-089ccec1fd55/1edae98f-63a3-431b-8eb0-bfea8946b568_56083861.jpeg?h=225&w=225,
311792536,Playstation PS5 Gadget Decals,https://www.tesco.com/groceries/en-GB/shop/home-and-ents/all?department=Christmas%20Gifts&viewAll=department&page=,£4.00,£4.00/each,£3.00 Clubcard Price,,/groceries/en-GB/products/311792536,https://digitalcontent.api.tesco.com/v2/media/ghs/e556debb-cb08-4b27-895f-75b2d2d2fa9a/70e409db-2e07-424c-ac03-b2c1434c423f_295176731.jpeg?h=225&w=225,
311957417,Professor Puzzle Drummers 12 Drumming Game,https://www.tesco.com/groceries/en-GB/shop/home-and-ents/all?department=Christmas%20Gifts&viewAll=department&page=,£4.00,£4.00/each,,,/groceries/en-GB/products/311957417,https://digitalcontent.api.tesco.com/v2/media/ghs/dbde6968-915e-4f41-9702-7f025e059053/2509f27c-13d1-403d-a449-49484ac73120_941512606.jpeg?h=225&w=225,
312146007,Fox & Ivy Sparkle Alphabet Candle N 170G,https://www.tesco.com/groceries/en-GB/shop/home-and-ents/all?department=Christmas%20Gifts&viewAll=department&page=,£4.00,£23.53/kg,,,/groceries/en-GB/products/312146007,https://digitalcontent.api.tesco.com/v2/media/ghs/64d3b56d-2f95-4d7a-b214-1af9bd87a0bf/b2f0ca29-9657-4baf-a507-a55c9108ee44_334175814.jpeg?h=225&w=225,
311769640,Tesco Luxury Christmas Tree Cards 5 Pack,https://www.tesco.com/groceries/en-GB/shop/home-and-ents/all?department=Christmas%20Cards%20%26%20Wrapping&viewAll=department&page=,£3.00,£0.60/each,,New,/groceries/en-GB/products/311769640,https://digitalcontent.api.tesco.com/v2/media/ghs/61986aa1-9859-40b5-af3a-e317bfceda76/d8dfed11-0628-4a5c-954f-cdcaf0f959cc_296103229.jpeg?h=225&w=225,
311721881,Tesco Snowflake Bottle Bag,https://www.tesco.com/groceries/en-GB/shop/home-and-ents/all?department=Christmas%20Cards%20%26%20Wrapping&viewAll=department&page=,£1.00,£1.00/each,,New,/groceries/en-GB/products/311721881,https://digitalcontent.api.tesco.com/v2/media/ghs/70250a8a-eac7-4421-ad3f-ec30a96967a3/f554511b-e182-406d-a4a6-bfcb132aff30_1015968153.jpeg?h=225&w=225,
311721725,Tesco Rudi Reindeer Large Gift Bag,https://www.tesco.com/groceries/en-GB/shop/home-and-ents/all?department=Christmas%20Cards%20%26%20Wrapping&viewAll=department&page=,£1.50,£1.50/each,,New,/groceries/en-GB/products/311721725,https://digitalcontent.api.tesco.com/v2/media/ghs/53c08839-ec68-47da-9687-0a016bfb3e30/adec6691-244e-4438-bcb2-bf0b6a60b6eb_722811845.jpeg?h=225&w=225,
311769450,Tesco Fun Cards Bumper 50 Pack,https://www.tesco.com/groceries/en-GB/shop/home-and-ents/all?department=Christmas%20Cards%20%26%20Wrapping&viewAll=department&page=,£2.00,£0.04/each,,New,/groceries/en-GB/products/311769450,https://digitalcontent.api.tesco.com/v2/media/ghs/bdc07c8a-4aa1-4a1f-963c-32f7761ddb62/b6894efb-1cc4-44a5-88ba-485da6c55793_129744226.jpeg?h=225&w=225,
259048760,Tesco Parcel Tape 48Mmx66m,https://www.tesco.com/groceries/en-GB/shop/home-and-ents/all?department=Christmas%20Cards%20%26%20Wrapping&viewAll=department&page=,£1.75,£1.75/each,,,/groceries/en-GB/products/259048760,https://digitalcontent.api.tesco.com/v2/media/ghs/d89f21aa-cd4a-4a07-aefb-3318fafc3b26/06cea282-ba94-4307-b466-e500e3330018_443802195.jpeg?h=225&w=225,
311721852,Tesco Tartan Large Gift Bag,https://www.tesco.com/groceries/en-GB/shop/home-and-ents/all?department=Christmas%20Cards%20%26%20Wrapping&viewAll=department&page=,£1.00,£1.00/each,,New,/groceries/en-GB/products/311721852,https://digitalcontent.api.tesco.com/v2/media/ghs/8b5c3166-e831-4113-b144-dcb42eea4c34/97511ac5-a2d4-45ff-8d6c-29553ca80ff1_602060721.jpeg?h=225&w=225,
255368237,Sellotape Sello Clear 24Mm X 50M,https://www.tesco.com/groceries/en-GB/shop/home-and-ents/all?department=Christmas%20Cards%20%26%20Wrapping&viewAll=department&page=,£2.15,£2.15/each,,,/groceries/en-GB/products/255368237,https://digitalcontent.api.tesco.com/v2/media/ghs/e29f5e12-35ea-4b00-a016-801ef544e43e/506a47ee-d92e-4f96-b7e0-e6b0d9664572_2025790212.jpeg?h=225&w=225,
311721633,Tesco Stag Large Gift Bag,https://www.tesco.com/groceries/en-GB/shop/home-and-ents/all?department=Christmas%20Cards%20%26%20Wrapping&viewAll=department&page=,£1.50,£1.50/each,,New,/groceries/en-GB/products/311721633,https://digitalcontent.api.tesco.com/v2/media/ghs/bd5cf925-67a6-4345-b024-ffd8f37da996/b9d40a49-715f-47a8-b540-be1f3587271a_923353744.jpeg?h=225&w=225,
311721754,Tesco Luxury Gold Reindeer Medium Bag,https://www.tesco.com/groceries/en-GB/shop/home-and-ents/all?department=Christmas%20Cards%20%26%20Wrapping&viewAll=department&page=,£1.25,£1.25/each,,New,/groceries/en-GB/products/311721754,https://digitalcontent.api.tesco.com/v2/media/ghs/3f14628e-bfca-4229-b710-bb05c278f118/e3e4884d-f11b-4b4a-aa9d-88f007f0caf7_1815604570.jpeg?h=225&w=225,
311721869,Tesco Tartan Bottle Bag,https://www.tesco.com/groceries/en-GB/shop/home-and-ents/all?department=Christmas%20Cards%20%26%20Wrapping&viewAll=department&page=,£0.80,£0.80/each,,New,/groceries/en-GB/products/311721869,https://digitalcontent.api.tesco.com/v2/media/ghs/8827fbbd-4e8e-4966-9f65-4ab29f003f63/8468bf98-b832-41ad-8c36-013dbb7089ec_584650615.jpeg?h=225&w=225,
312218957,Tesco Holly Jolly Large Gift Bag,https://www.tesco.com/groceries/en-GB/shop/home-and-ents/all?department=Christmas%20Cards%20%26%20Wrapping&viewAll=department&page=,£1.50,£1.50/each,,New,/groceries/en-GB/products/312218957,https://digitalcontent.api.tesco.com/v2/media/ghs/934840af-2d08-4aa9-8a2b-fab20c505e01/2a7a2c88-9ac2-4f27-a1d2-10de1b6cb473_455791787.jpeg?h=225&w=225,
311721656,Tesco Kraft Star Large Gift Bag,https://www.tesco.com/groceries/en-GB/shop/home-and-ents/all?department=Christmas%20Cards%20%26%20Wrapping&viewAll=department&page=,£1.50,£1.50/each,,New,/groceries/en-GB/products/311721656,https://digitalcontent.api.tesco.com/v2/media/ghs/11f4ef85-5d9a-4dfd-a830-38523df4f47c/be7750c0-9917-4f27-97e4-dd0dc01efda1_329009330.jpeg?h=225&w=225,
311721679,Tesco Snowflake Large Gift Bag,https://www.tesco.com/groceries/en-GB/shop/home-and-ents/all?department=Christmas%20Cards%20%26%20Wrapping&viewAll=department&page=,£1.50,£1.50/each,,New,/groceries/en-GB/products/311721679,https://digitalcontent.api.tesco.com/v2/media/ghs/99492496-5f9e-40ff-ba25-b0b5eca9d06b/6d0577ef-2ecf-4b33-984b-7d1fd5d90e59_1739027186.jpeg?h=225&w=225,
311952797,Paper Husband Humble Mini Fabric Bows 3 Pack,https://www.tesco.com/groceries/en-GB/shop/home-and-ents/all?department=Christmas%20Cards%20%26%20Wrapping&viewAll=department&page=,£1.50,£0.50/each,,New,/groceries/en-GB/products/311952797,https://digitalcontent.api.tesco.com/v2/media/ghs/65c5f753-367a-4f5a-bf38-18c6dbdf02b9/3710a684-d55f-473e-9d41-d5a1770c0592_1023680262.jpeg?h=225&w=225,
310708801,Tesco Grey Stars 2 Sheet 2 Tags,https://www.tesco.com/groceries/en-GB/shop/home-and-ents/all?department=Christmas%20Cards%20%26%20Wrapping&viewAll=department&page=,£1.00,£1.00/each,,,/groceries/en-GB/products/310708801,https://digitalcontent.api.tesco.com/v2/media/ghs/f0c9996d-1b98-4206-8c15-bc0417984789/231bd95f-47ec-426b-bd31-28376d03288e_153767435.jpeg?h=225&w=225,
311721760,Tesco Kraft Robin Large Gift Bag,https://www.tesco.com/groceries/en-GB/shop/home-and-ents/all?department=Christmas%20Cards%20%26%20Wrapping&viewAll=department&page=,£1.50,£1.50/each,,New,/groceries/en-GB/products/311721760,https://digitalcontent.api.tesco.com/v2/media/ghs/a8daa4a6-7e7a-4525-b0aa-87a4da5f11f6/81aaaa63-3d1f-48ef-86c6-c63db2568d39_1017372703.jpeg?h=225&w=225,
312612755,Disney Christmas Character Cards 20 Pack,https://www.tesco.com/groceries/en-GB/shop/home-and-ents/all?department=Christmas%20Cards%20%26%20Wrapping&viewAll=department&page=,£1.25,£0.06/each,,New,/groceries/en-GB/products/312612755,https://digitalcontent.api.tesco.com/v2/media/ghs/c60b1995-a860-43e7-a392-e9f5932c665f/2221eb9d-39da-40d0-9791-8b3e4cbde633_1319570358.jpeg?h=225&w=225,
312636122,Tesco Alchemy Medium Gift Bag,https://www.tesco.com/groceries/en-GB/shop/home-and-ents/all?department=Christmas%20Cards%20%26%20Wrapping&viewAll=department&page=,£1.25,£1.25/each,,New,/groceries/en-GB/products/312636122,https://digitalcontent.api.tesco.com/v2/media/ghs/a2f8c6e1-8dd3-47ca-9430-7477de8f95d9/bd4b5082-3047-4594-b694-6102989538b3_988830630.jpeg?h=225&w=225,
312339301,Disney Large Gift Bag,https://www.tesco.com/groceries/en-GB/shop/home-and-ents/all?department=Christmas%20Cards%20%26%20Wrapping&viewAll=department&page=,£1.75,£1.75/each,,New,/groceries/en-GB/products/312339301,https://digitalcontent.api.tesco.com/v2/media/ghs/80353036-353b-44d8-80f9-04e884868e78/2458277d-4025-48e1-af7d-6b433dc80532_1861282149.jpeg?h=225&w=225,
312339318,Marvel Large Gift Bag,https://www.tesco.com/groceries/en-GB/shop/home-and-ents/all?department=Christmas%20Cards%20%26%20Wrapping&viewAll=department&page=,£1.75,£1.75/each,,New,/groceries/en-GB/products/312339318,https://digitalcontent.api.tesco.com/v2/media/ghs/7b71dbb6-237d-4eab-87fa-c73dc1d372f1/99b4c833-e8fd-413b-b7eb-567accefee2e_59699441.jpeg?h=225&w=225,
311721604,Tesco Merry Christmas Bauble Large Gift Bag,https://www.tesco.com/groceries/en-GB/shop/home-and-ents/all?department=Christmas%20Cards%20%26%20Wrapping&viewAll=department&page=,£1.50,£1.50/each,,New,/groceries/en-GB/products/311721604,https://digitalcontent.api.tesco.com/v2/media/ghs/564029d0-55a7-4686-b1f4-a489940e965c/f7198b4e-4ef3-4597-976f-aeca4e35a88d_1541964658.jpeg?h=225&w=225,
311721702,Tesco Ice Skates Medium Gift Bag,https://www.tesco.com/groceries/en-GB/shop/home-and-ents/all?department=Christmas%20Cards%20%26%20Wrapping&viewAll=department&page=,£1.00,£1.00/each,,New,/groceries/en-GB/products/311721702,https://digitalcontent.api.tesco.com/v2/media/ghs/fcd1f3bd-6ea4-418d-a50e-0411d59e4707/5d57cf5e-9746-499e-8354-8a6c94743555_851244498.jpeg?h=225&w=225,
311721748,Tesco Luxury Gold Reindeer Large Bag,https://www.tesco.com/groceries/en-GB/shop/home-and-ents/all?department=Christmas%20Cards%20%26%20Wrapping&viewAll=department&page=,£1.75,£1.75/each,,New,/groceries/en-GB/products/311721748,https://digitalcontent.api.tesco.com/v2/media/ghs/e8aada63-c659-4be9-9d51-6fbc09b39564/213e9304-703e-4544-8d57-ba260fd4a865_941079897.jpeg?h=225&w=225,
311721797,Tesco Humble Sticker Tags 6 Sheets,https://www.tesco.com/groceries/en-GB/shop/home-and-ents/all?department=Christmas%20Cards%20%26%20Wrapping&viewAll=department&page=,£1.00,£0.17/each,,New,/groceries/en-GB/products/311721797,https://digitalcontent.api.tesco.com/v2/media/ghs/2316f672-76fe-48ec-a957-f537dbdaa66e/48d973df-c65e-4e0d-9354-4089a9885c84_623899427.jpeg?h=225&w=225,
312114066,Tesco Honeycomb Gift Tags 2 Pack,https://www.tesco.com/groceries/en-GB/shop/home-and-ents/all?department=Christmas%20Cards%20%26%20Wrapping&viewAll=department&page=,£1.00,£0.50/each,,New,/groceries/en-GB/products/312114066,https://digitalcontent.api.tesco.com/v2/media/ghs/29b049f9-b454-4dac-bc74-fa391942fb82/fd983a77-1ad1-4c74-92e4-738e82805538_547973457.jpeg?h=225&w=225,
312114112,Tesco Colour In Gift Tags 5 Pack,https://www.tesco.com/groceries/en-GB/shop/home-and-ents/all?department=Christmas%20Cards%20%26%20Wrapping&viewAll=department&page=,£1.00,£0.20/each,,New,/groceries/en-GB/products/312114112,https://digitalcontent.api.tesco.com/v2/media/ghs/c8f1e147-4e98-4a9f-b46d-b3e114ee14b0/216a70b9-6a87-45b3-8317-34ab5a59cec2_486961494.jpeg?h=225&w=225,
312114014,Tesco Navy & Gold Starburst Tissue 3 Sheets,https://www.tesco.com/groceries/en-GB/shop/home-and-ents/all?department=Christmas%20Cards%20%26%20Wrapping&viewAll=department&page=,£1.00,£0.33/each,,New,/groceries/en-GB/products/312114014,https://digitalcontent.api.tesco.com/v2/media/ghs/d52927a7-30bc-489b-a878-07ae62efe660/c81b5676-0ea8-4ca7-9928-d37de21d8d6b_64497314.jpeg?h=225&w=225,
311721800,Tesco Rudi Reindeer Sticker Tags 6 Sheets,https://www.tesco.com/groceries/en-GB/shop/home-and-ents/all?department=Christmas%20Cards%20%26%20Wrapping&viewAll=department&page=,£1.00,£0.17/each,,New,/groceries/en-GB/products/311721800,https://digitalcontent.api.tesco.com/v2/media/ghs/b9630b7d-ce18-42e0-94b7-7385569d9cf5/02747586-999c-404b-82ba-61dd2ca414f5_1912097989.jpeg?h=225&w=225,
307797813,Sellotape Zero Plastic 24Mmx30m,https://www.tesco.com/groceries/en-GB/shop/home-and-ents/all?department=Christmas%20Cards%20%26%20Wrapping&viewAll=department&page=,£2.50,£2.50/each,£2.25 Clubcard Price,,/groceries/en-GB/products/307797813,https://digitalcontent.api.tesco.com/v2/media/ghs/c8abfe79-a32e-4dee-b62b-cd654e63f663/6db67828-d94f-4d62-a348-0e6a6a7ccdd0_826651843.jpeg?h=225&w=225,
311721685,Tesco Belonging Sticker Tags 6 Sheets,https://www.tesco.com/groceries/en-GB/shop/home-and-ents/all?department=Christmas%20Cards%20%26%20Wrapping&viewAll=department&page=,£1.00,£0.17/each,,New,/groceries/en-GB/products/311721685,https://digitalcontent.api.tesco.com/v2/media/ghs/59006f75-8507-407d-b623-fafc27c26f49/fdf8296e-d30a-4fef-b29c-978cbb8952c9_582772135.jpeg?h=225&w=225,
311721627,Tesco Pudding Small Gift Bag,https://www.tesco.com/groceries/en-GB/shop/home-and-ents/all?department=Christmas%20Cards%20%26%20Wrapping&viewAll=department&page=,£0.75,£0.75/each,,New,/groceries/en-GB/products/311721627,https://digitalcontent.api.tesco.com/v2/media/ghs/5857cf6b-e082-45d9-a095-2eb82a58b762/6f6713c8-2ab9-438f-972c-5caeaefc0936_690839137.jpeg?h=225&w=225,
311721691,Tesco Polar Bear Small Gift Bag,https://www.tesco.com/groceries/en-GB/shop/home-and-ents/all?department=Christmas%20Cards%20%26%20Wrapping&viewAll=department&page=,£0.75,£0.75/each,,New,/groceries/en-GB/products/311721691,https://digitalcontent.api.tesco.com/v2/media/ghs/c2a92a42-6f29-42f4-9413-5ca2c1eb4ea9/eeb21120-68f1-48be-b356-b48f72024b14_2009287522.jpeg?h=225&w=225,
311786918,Paper Husband Pom Pom Ribbon 2M,https://www.tesco.com/groceries/en-GB/shop/home-and-ents/all?department=Christmas%20Cards%20%26%20Wrapping&viewAll=department&page=,£1.50,£0.75/metre,,New,/groceries/en-GB/products/311786918,https://digitalcontent.api.tesco.com/v2/media/ghs/5640c091-ba7c-480a-8cf4-30a8ea25b8d0/e5699481-f568-4db1-ac09-11deca47dfd9_1590016104.jpeg?h=225&w=225,
311958704,Paper Husband Red & White Parcel Twine 10M,https://www.tesco.com/groceries/en-GB/shop/home-and-ents/all?department=Christmas%20Cards%20%26%20Wrapping&viewAll=department&page=,£1.00,£0.10/metre,,New,/groceries/en-GB/products/311958704,https://digitalcontent.api.tesco.com/v2/media/ghs/38464418-8afb-447f-96cd-d72120b3c9a6/7fe53068-dad0-47ce-83fa-2bcd1f3daf13_1072107903.jpeg?h=225&w=225,
312091575,Paper Husband White & Silver Parcel Twine 10M,https://www.tesco.com/groceries/en-GB/shop/home-and-ents/all?department=Christmas%20Cards%20%26%20Wrapping&viewAll=department&page=,£1.00,£0.10/metre,,New,/groceries/en-GB/products/312091575,https://digitalcontent.api.tesco.com/v2/media/ghs/e5a162cb-6ce9-4837-8ed9-71c049750ecf/3e5d9b8d-afa0-47d7-a9ba-6baeed6e44f3_882260565.jpeg?h=225&w=225,
312242947,Disney Christmas Gift Tags 5 Pack,https://www.tesco.com/groceries/en-GB/shop/home-and-ents/all?department=Christmas%20Cards%20%26%20Wrapping&viewAll=department&page=,£0.60,£0.12/each,,New,/groceries/en-GB/products/312242947,https://digitalcontent.api.tesco.com/v2/media/ghs/881df2ad-9f3d-414d-88e0-690509baa3d5/6aab8b44-d975-4a3a-9d64-b6daddfa505b_798252556.jpeg?h=225&w=225,
312242985,Marvel Christmas Gift Tags 5 Pack,https://www.tesco.com/groceries/en-GB/shop/home-and-ents/all?department=Christmas%20Cards%20%26%20Wrapping&viewAll=department&page=,£0.60,£0.12/each,,New,/groceries/en-GB/products/312242985,https://digitalcontent.api.tesco.com/v2/media/ghs/33c9d8bf-db0e-4445-9975-48fce24bd266/c9071498-a65c-4278-bcbf-be1cd8dc0454_1366780310.jpeg?h=225&w=225,
312123887,Tesco Bright Small Treat Bag,https://www.tesco.com/groceries/en-GB/shop/home-and-ents/all?department=Christmas%20Cards%20%26%20Wrapping&viewAll=department&page=,£0.50,£0.50/each,,,/groceries/en-GB/products/312123887,https://digitalcontent.api.tesco.com/v2/media/ghs/12eeb750-7f22-438b-85f0-a2c575aecc29/3e338172-1aa9-4d9c-a38a-c6cb4dc499f9_403921571.jpeg?h=225&w=225,
311721837,Tesco Oversized Stocking Tag,https://www.tesco.com/groceries/en-GB/shop/home-and-ents/all?department=Christmas%20Cards%20%26%20Wrapping&viewAll=department&page=,£0.50,£0.50/each,,New,/groceries/en-GB/products/311721837,https://digitalcontent.api.tesco.com/v2/media/ghs/a15b441e-7323-44ad-9597-d1a0ecb990bf/aa311cc8-70a6-4d6c-b961-fbf48633eb54_504062685.jpeg?h=225&w=225,
312114135,Tesco Rudi Reindeer Oversized Gift Tags 3 Pack,https://www.tesco.com/groceries/en-GB/shop/home-and-ents/all?department=Christmas%20Cards%20%26%20Wrapping&viewAll=department&page=,£0.50,£0.17/each,,New,/groceries/en-GB/products/312114135,https://digitalcontent.api.tesco.com/v2/media/ghs/2c7da842-7027-468f-a8b6-3b4363edc3af/42917ac0-6bf1-4234-ab7f-53075fa30b20_1443728317.jpeg?h=225&w=225,
311769444,Tesco Kids Rudi Reindeer Mini Cards 15Pk,https://www.tesco.com/groceries/en-GB/shop/home-and-ents/all?department=Christmas%20Cards%20%26%20Wrapping&viewAll=department&page=,£0.50,£0.03/each,,New,/groceries/en-GB/products/311769444,https://digitalcontent.api.tesco.com/v2/media/ghs/538e9eed-4196-426b-a098-20624ad97ef2/c3b3de5c-1e39-41a8-a26a-89f55b8ec401_303413451.jpeg?h=225&w=225,
312114072,Tesco Luxury Gold Reindeer Gift Tags 5 Pack,https://www.tesco.com/groceries/en-GB/shop/home-and-ents/all?department=Christmas%20Cards%20%26%20Wrapping&viewAll=department&page=,£0.60,£0.12/each,,New,/groceries/en-GB/products/312114072,https://digitalcontent.api.tesco.com/v2/media/ghs/2f426811-916f-444a-b75b-b8cc979b4308/09536a32-8be5-4706-88ce-72bd9bfc9fee_1281393754.jpeg?h=225&w=225,
305560394,Tesco Tape 1Pk,https://www.tesco.com/groceries/en-GB/shop/home-and-ents/all?department=Christmas%20Cards%20%26%20Wrapping&viewAll=department&page=,£0.50,£0.50/each,,,/groceries/en-GB/products/305560394,https://digitalcontent.api.tesco.com/v2/media/ghs/8ea07556-fef2-464a-8771-0ffd5fc7d70c/9ad837a3-88be-44ce-9e54-6d408af50050_1583372856.jpeg?h=225&w=225,
305654681,Tesco Tape 15Mm,https://www.tesco.com/groceries/en-GB/shop/home-and-ents/all?department=Christmas%20Cards%20%26%20Wrapping&viewAll=department&page=,£0.25,£0.25/each,,,/groceries/en-GB/products/305654681,https://digitalcontent.api.tesco.com/v2/media/ghs/a135b1a1-7c20-424e-b044-5c761e751188/ebf62807-6b06-4e82-b28f-b109382399b9_1442865701.jpeg?h=225&w=225,
311721915,Tesco Rudi Reindeer Christmas Eve Box,https://www.tesco.com/groceries/en-GB/shop/home-and-ents/all?department=Christmas%20Cards%20%26%20Wrapping&viewAll=department&page=,£4.00,£4.00/each,,New,/groceries/en-GB/products/311721915,https://digitalcontent.api.tesco.com/v2/media/ghs/662e91a0-7c98-416b-a8d1-26823df62a04/53b80fc8-bb99-4a4f-b4e8-17f485fa5460_1190924701.jpeg?h=225&w=225,
311769686,Tesco Luxury Tree & Wreath Cards 12 Pack,https://www.tesco.com/groceries/en-GB/shop/home-and-ents/all?department=Christmas%20Cards%20%26%20Wrapping&viewAll=department&page=,£3.00,£0.25/each,,New,/groceries/en-GB/products/311769686,https://digitalcontent.api.tesco.com/v2/media/ghs/e6445fd9-c991-45d6-83ef-9e4968a2a0dc/75c6b127-31f6-4364-b668-9bcd86a971a1_1859004333.jpeg?h=225&w=225,
311769703,Tesco Luxury Robin & Postbox Cards 12 Pack,https://www.tesco.com/groceries/en-GB/shop/home-and-ents/all?department=Christmas%20Cards%20%26%20Wrapping&viewAll=department&page=,£3.00,£0.25/each,,New,/groceries/en-GB/products/311769703,https://digitalcontent.api.tesco.com/v2/media/ghs/28195831-1b62-4596-b9d5-f55347bf5f6b/6fd8fc90-4283-4182-9120-5515e3292d2b_1588551916.jpeg?h=225&w=225,
260157658,Scotch Magic Tape Refills 3 Pack,https://www.tesco.com/groceries/en-GB/shop/home-and-ents/all?department=Christmas%20Cards%20%26%20Wrapping&viewAll=department&page=,£5.85,£1.95/each,£3.85 Clubcard Price,,/groceries/en-GB/products/260157658,https://digitalcontent.api.tesco.com/v2/media/ghs/049c331a-2d20-42cc-8c0b-ccf653ad92dc/3a80bd02-f65f-4917-85ef-bab07735264c_976664030.jpeg?h=225&w=225,
311769634,Tesco Luxury Rudi Reindeer Cards 12 Pack,https://www.tesco.com/groceries/en-GB/shop/home-and-ents/all?department=Christmas%20Cards%20%26%20Wrapping&viewAll=department&page=,£3.00,£0.25/each,,New,/groceries/en-GB/products/311769634,https://digitalcontent.api.tesco.com/v2/media/ghs/679670da-ed46-4f25-a3cb-d39df40555c3/25daed85-2a93-4647-869a-fec3c14f80dc_2108936995.jpeg?h=225&w=225,
311769588,T.Lxry Belonging Woodland Animals Cards 5 Pack,https://www.tesco.com/groceries/en-GB/shop/home-and-ents/all?department=Christmas%20Cards%20%26%20Wrapping&viewAll=department&page=,£3.00,£0.60/each,,New,/groceries/en-GB/products/311769588,https://digitalcontent.api.tesco.com/v2/media/ghs/eac1a8e7-2f6d-47fb-9025-b84acd2782ea/9c6ad7ab-909e-4416-b9d1-c9661f0b9892_727774531.jpeg?h=225&w=225,
311769726,Tesco Nativity Cards 20 Pack,https://www.tesco.com/groceries/en-GB/shop/home-and-ents/all?department=Christmas%20Cards%20%26%20Wrapping&viewAll=department&page=,£3.00,£0.15/each,,New,/groceries/en-GB/products/311769726,https://digitalcontent.api.tesco.com/v2/media/ghs/2d8969aa-fd23-4896-b5f3-7ff4d6e5ea1d/51974e75-4c58-4956-ba01-f8629c756988_1471139847.jpeg?h=225&w=225,
311769594,Tesco Belonging Cards 20 Pack,https://www.tesco.com/groceries/en-GB/shop/home-and-ents/all?department=Christmas%20Cards%20%26%20Wrapping&viewAll=department&page=,£3.00,£0.15/each,,New,/groceries/en-GB/products/311769594,https://digitalcontent.api.tesco.com/v2/media/ghs/6db1ad65-4beb-4018-b1c6-a6758ffa2f69/5dbe1130-9933-4f65-907a-d2c5a9b237e9_673243992.jpeg?h=225&w=225,
311769692,Tesco Luxury Pudding & Mince Pie Recipe Cards 12 Pack,https://www.tesco.com/groceries/en-GB/shop/home-and-ents/all?department=Christmas%20Cards%20%26%20Wrapping&viewAll=department&page=,£3.00,£0.25/each,,New,/groceries/en-GB/products/311769692,https://digitalcontent.api.tesco.com/v2/media/ghs/5cc1d7a9-95e2-498c-b04c-9d60f539fe2b/6787fc61-b75f-45fa-a480-0828cd447f52_1713721297.jpeg?h=225&w=225,
311769657,Tesco Luxury Gold Reindeer Cards 5 Pack,https://www.tesco.com/groceries/en-GB/shop/home-and-ents/all?department=Christmas%20Cards%20%26%20Wrapping&viewAll=department&page=,£3.00,£0.60/each,,New,/groceries/en-GB/products/311769657,https://digitalcontent.api.tesco.com/v2/media/ghs/b3bec812-773e-46da-b2e1-44f20dd310f1/f3399e37-29e2-40ea-8dd1-1d5d117678d6_1256607858.jpeg?h=225&w=225,
311769732,Tesco Christmas Snow Fun Cards 20 Pack,https://www.tesco.com/groceries/en-GB/shop/home-and-ents/all?department=Christmas%20Cards%20%26%20Wrapping&viewAll=department&page=,£3.00,£0.15/each,,New,/groceries/en-GB/products/311769732,https://digitalcontent.api.tesco.com/v2/media/ghs/2b5d5594-c67e-48f4-b475-03c73ff1d8f6/88b73252-62d9-4b14-bd64-ece1e73b00cf_1202509475.jpeg?h=225&w=225,
311721783,Tesco Light Up Tree Large Gift Bag,https://www.tesco.com/groceries/en-GB/shop/home-and-ents/all?department=Christmas%20Cards%20%26%20Wrapping&viewAll=department&page=,£2.50,£2.50/each,,New,/groceries/en-GB/products/311721783,https://digitalcontent.api.tesco.com/v2/media/ghs/661eab21-4693-4274-aeff-30d5f441562f/fdb04970-c231-4824-b9f1-dbce12df4a0f_715395922.jpeg?h=225&w=225,
279858600,Sellotape On Hand Dispenser Refill Pack,https://www.tesco.com/groceries/en-GB/shop/home-and-ents/all?department=Christmas%20Cards%20%26%20Wrapping&viewAll=department&page=,£2.65,£1.33/each,,,/groceries/en-GB/products/279858600,https://digitalcontent.api.tesco.com/v2/media/ghs/a03099da-d155-4ec2-a91d-e2c55753f035/05f1df50-7df0-43ad-a596-be12826b7a88_1376168820.jpeg?h=225&w=225,
285222917,Tesco Soft Handled Scissors 21Cm,https://www.tesco.com/groceries/en-GB/shop/home-and-ents/all?department=Christmas%20Cards%20%26%20Wrapping&viewAll=department&page=,£2.00,£2.00/each,,,/groceries/en-GB/products/285222917,https://digitalcontent.api.tesco.com/v2/media/ghs/e91907f5-f2ec-491c-935c-bc0624ebb71f/991aa73d-8168-4cee-a4d2-f506863a794c_1370906448.jpeg?h=225&w=225,
311769496,Tesco Dog Christmas Cards 10 Pack,https://www.tesco.com/groceries/en-GB/shop/home-and-ents/all?department=Christmas%20Cards%20%26%20Wrapping&viewAll=department&page=,£1.50,£0.15/each,Any 2 for £2 Clubcard Price - Selected Tesco Boxed  Christmas Cards 2 For £ 2  ,,/groceries/en-GB/products/311769496,https://digitalcontent.api.tesco.com/v2/media/ghs/9ff402b7-5b06-4324-a7f5-eaa47b11bc61/92266028-df7d-4455-b925-7d85c248ccc3_1530629449.jpeg?h=225&w=225,
309140021,Tesco Merry Christmas Tissue Paper,https://www.tesco.com/groceries/en-GB/shop/home-and-ents/all?department=Christmas%20Cards%20%26%20Wrapping&viewAll=department&page=,£1.00,£1.00/each,,,/groceries/en-GB/products/309140021,https://digitalcontent.api.tesco.com/v2/media/ghs/f4509433-f38a-4a16-bcff-dce4dc9cda1e/71d49cd6-6919-439a-95c1-ac2c5b808699_889857232.jpeg?h=225&w=225,
311769513,"T, Traditional Village Cards 10 Pack",https://www.tesco.com/groceries/en-GB/shop/home-and-ents/all?department=Christmas%20Cards%20%26%20Wrapping&viewAll=department&page=,£1.50,£0.15/each,Any 2 for £2 Clubcard Price - Selected Tesco Boxed  Christmas Cards 2 For £ 2  ,,/groceries/en-GB/products/311769513,https://digitalcontent.api.tesco.com/v2/media/ghs/7be6c924-445c-4300-86fc-d8e28cacfcfb/abe53c0d-a4eb-4600-9b4f-db59445ec35a_383104283.jpeg?h=225&w=225,
311769628,Tesco Trees And Penguins Cards 10 Pack,https://www.tesco.com/groceries/en-GB/shop/home-and-ents/all?department=Christmas%20Cards%20%26%20Wrapping&viewAll=department&page=,£1.50,£0.15/each,Any 2 for £2 Clubcard Price - Selected Tesco Boxed  Christmas Cards 2 For £ 2  ,,/groceries/en-GB/products/311769628,https://digitalcontent.api.tesco.com/v2/media/ghs/de3188b5-3dc7-4cd2-9cd2-287fb5621877/05bece60-cbda-4e57-8607-2904d4a5e804_1757992928.jpeg?h=225&w=225,
311769507,Tesco Traditional Santa Cards 10 Pack,https://www.tesco.com/groceries/en-GB/shop/home-and-ents/all?department=Christmas%20Cards%20%26%20Wrapping&viewAll=department&page=,£1.50,£0.15/each,Any 2 for £2 Clubcard Price - Selected Tesco Boxed  Christmas Cards 2 For £ 2  ,,/groceries/en-GB/products/311769507,https://digitalcontent.api.tesco.com/v2/media/ghs/cf226cdb-1303-42de-9cb0-e96d09ec1b1b/ee09cbc8-cc4a-44fe-9960-d7a01bda86b0_751421832.jpeg?h=225&w=225,
312114057,Tesco Alchemy Champagne Bottle Gift Box,https://www.tesco.com/groceries/en-GB/shop/home-and-ents/all?department=Christmas%20Cards%20%26%20Wrapping&viewAll=department&page=,£2.00,£2.00/each,,New,/groceries/en-GB/products/312114057,https://digitalcontent.api.tesco.com/v2/media/ghs/66262931-2bf7-49d1-b2f5-174bd65fb80d/0b9344d0-e13b-4e5a-8b82-167046e7589c_832051140.jpeg?h=225&w=225,
253071084,Scotch Magic Tape Dispenser,https://www.tesco.com/groceries/en-GB/shop/home-and-ents/all?department=Christmas%20Cards%20%26%20Wrapping&viewAll=department&page=,£3.10,£3.10/each,£2.30 Clubcard Price,,/groceries/en-GB/products/253071084,https://digitalcontent.api.tesco.com/v2/media/ghs/74866647-dc4f-4f86-bbe4-b2c98acfa1b4/e10ebea7-2dfe-45b2-92de-a4e54ea0ef1a_1953329533.jpeg?h=225&w=225,
259048570,Tesco Clear Easy Tear Sticky Tape 25Mm X 60M 2 Pack,https://www.tesco.com/groceries/en-GB/shop/home-and-ents/all?department=Christmas%20Cards%20%26%20Wrapping&viewAll=department&page=,£1.65,£0.82/each,,,/groceries/en-GB/products/259048570,https://digitalcontent.api.tesco.com/v2/media/ghs/266e8e41-93fd-443c-ae3c-50d0197eea25/fdee2c1d-cdd7-4136-b6f4-557c3d2940bf_884865442.jpeg?h=225&w=225,
309140136,Tesco Silver Snowflake Tissue,https://www.tesco.com/groceries/en-GB/shop/home-and-ents/all?department=Christmas%20Cards%20%26%20Wrapping&viewAll=department&page=,£1.00,£1.00/each,,,/groceries/en-GB/products/309140136,https://digitalcontent.api.tesco.com/v2/media/ghs/b79c844d-1864-4aeb-a2c7-5f8baf294f58/ff9c06a4-4736-423d-bfbb-68713986e9e8_1931009356.jpeg?h=225&w=225,
311721944,Tesco Rudi Reindeer Personalise Large Gift Bag,https://www.tesco.com/groceries/en-GB/shop/home-and-ents/all?department=Christmas%20Cards%20%26%20Wrapping&viewAll=department&page=,£1.50,£1.50/each,,,/groceries/en-GB/products/311721944,https://digitalcontent.api.tesco.com/v2/media/ghs/dfa01bca-27cb-497c-a3b9-a67acde417f8/21a7bd07-19e7-4c0c-a68f-9feca8362173_1096731452.jpeg?h=225&w=225,
311769467,Tesco Traditional Cards Bumper 50 Pack,https://www.tesco.com/groceries/en-GB/shop/home-and-ents/all?department=Christmas%20Cards%20%26%20Wrapping&viewAll=department&page=,£2.00,£0.04/each,,New,/groceries/en-GB/products/311769467,https://digitalcontent.api.tesco.com/v2/media/ghs/2ceec6dd-1e48-486b-95f1-0e3ed2111561/60f20244-3f4a-462e-ad23-c9d715741daa_802883664.jpeg?h=225&w=225,
312612778,Marvel Christmas Character Cards 20 Pack,https://www.tesco.com/groceries/en-GB/shop/home-and-ents/all?department=Christmas%20Cards%20%26%20Wrapping&viewAll=department&page=,£1.25,£0.06/each,,New,/groceries/en-GB/products/312612778,https://digitalcontent.api.tesco.com/v2/media/ghs/7cb9d130-5aec-4b8a-89fb-9be7560f0ba4/b200d29c-eccc-48ac-a6ce-2a6248067e77_310682275.jpeg?h=225&w=225,
311721610,Tesco Pudding Bottle Bag,https://www.tesco.com/groceries/en-GB/shop/home-and-ents/all?department=Christmas%20Cards%20%26%20Wrapping&viewAll=department&page=,£1.00,£1.00/each,,New,/groceries/en-GB/products/311721610,https://digitalcontent.api.tesco.com/v2/media/ghs/b74207a5-29c7-42db-9fe6-9937f26a2c02/d214e568-1a28-46e2-a70b-af0693344097_187862763.jpeg?h=225&w=225,
311721662,Tesco Kraft Star Bottle Bag,https://www.tesco.com/groceries/en-GB/shop/home-and-ents/all?department=Christmas%20Cards%20%26%20Wrapping&viewAll=department&page=,£1.00,£1.00/each,,New,/groceries/en-GB/products/311721662,https://digitalcontent.api.tesco.com/v2/media/ghs/3346f64a-3938-416f-ad34-60ee79cd8667/ae53c1cd-26b2-4e8c-b27c-e72b822148b3_165781255.jpeg?h=225&w=225,
311721719,Tesco Rudi Reindeer Bottle Bag,https://www.tesco.com/groceries/en-GB/shop/home-and-ents/all?department=Christmas%20Cards%20%26%20Wrapping&viewAll=department&page=,£1.00,£1.00/each,,New,/groceries/en-GB/products/311721719,https://digitalcontent.api.tesco.com/v2/media/ghs/b9e71f8c-3773-434d-9d0d-6ac965d12668/0a1f38e6-b781-4425-8b0c-61e2d3b8c1c5_1146788625.jpeg?h=225&w=225,
311826331,Elf Mini Cards 20 Pack,https://www.tesco.com/groceries/en-GB/shop/home-and-ents/all?department=Christmas%20Cards%20%26%20Wrapping&viewAll=department&page=,£1.25,£0.06/each,,New,/groceries/en-GB/products/311826331,https://digitalcontent.api.tesco.com/v2/media/ghs/7487783f-66b7-4800-9e3a-141059343129/a8738f30-469d-4a05-a298-faddea9cf3fc_197699286.jpeg?h=225&w=225,
311721846,Tesco Rudi Reindeer Treat Bags 5 Pack,https://www.tesco.com/groceries/en-GB/shop/home-and-ents/all?department=Christmas%20Cards%20%26%20Wrapping&viewAll=department&page=,£1.00,£0.20/each,,New,/groceries/en-GB/products/311721846,https://digitalcontent.api.tesco.com/v2/media/ghs/04197d08-eac6-4010-9819-64a7a1937ba7/6b43dadb-b99a-4aca-ada4-1c75ca2a52d8_1154877648.jpeg?h=225&w=225,
311721777,Tesco Ice Skate Bottle Bag,https://www.tesco.com/groceries/en-GB/shop/home-and-ents/all?department=Christmas%20Cards%20%26%20Wrapping&viewAll=department&page=,£1.00,£1.00/each,,,/groceries/en-GB/products/311721777,https://digitalcontent.api.tesco.com/v2/media/ghs/18232926-0b1d-45ab-bc0f-54ade203fbb1/176e51cf-c1ee-4591-ae3e-470f4bde0d30_1199239334.jpeg?h=225&w=225,
259048702,Tesco Clear Easy Tear Sticky Tape 18Mm X 30M 2 Pack,https://www.tesco.com/groceries/en-GB/shop/home-and-ents/all?department=Christmas%20Cards%20%26%20Wrapping&viewAll=department&page=,£1.00,£0.50/each,,,/groceries/en-GB/products/259048702,https://digitalcontent.api.tesco.com/v2/media/ghs/da79b976-c6cd-41d4-83c3-663e536564bc/34338d69-ed24-479d-b208-6ab4d5fecaff_579263516.jpeg?h=225&w=225,
311721731,Tesco Luxury Gold Reindeer Bottle Bag,https://www.tesco.com/groceries/en-GB/shop/home-and-ents/all?department=Christmas%20Cards%20%26%20Wrapping&viewAll=department&page=,£1.25,£1.25/each,,,/groceries/en-GB/products/311721731,https://digitalcontent.api.tesco.com/v2/media/ghs/124efd92-e73e-484d-9122-082e62c5c9a1/b2b6f31c-af5f-48b6-abd3-553b1e6ffe71_78121068.jpeg?h=225&w=225,
311826325,Me To You Mini Cards 20 Pack,https://www.tesco.com/groceries/en-GB/shop/home-and-ents/all?department=Christmas%20Cards%20%26%20Wrapping&viewAll=department&page=,£1.25,£0.06/each,,New,/groceries/en-GB/products/311826325,https://digitalcontent.api.tesco.com/v2/media/ghs/03280e90-7c2c-48af-82ae-5a386d66fbe5/7b1ecd5c-cb29-475f-adfc-87af691bfff5_34347106.jpeg?h=225&w=225,
311769473,Tesco Snowflake Cards 16 Pack,https://www.tesco.com/groceries/en-GB/shop/home-and-ents/all?department=Christmas%20Cards%20%26%20Wrapping&viewAll=department&page=,£1.00,£0.06/each,,New,/groceries/en-GB/products/311769473,https://digitalcontent.api.tesco.com/v2/media/ghs/fa07ebed-69d1-4df3-8df0-d58a25348327/38e78ca4-b726-4eee-bebe-75bcbfd3b39d_2025464652.jpeg?h=225&w=225,
312114106,Tesco White & Silver Raffia Ribbon,https://www.tesco.com/groceries/en-GB/shop/home-and-ents/all?department=Christmas%20Cards%20%26%20Wrapping&viewAll=department&page=,£1.00,£0.04/metre,,,/groceries/en-GB/products/312114106,https://digitalcontent.api.tesco.com/v2/media/ghs/ea1bb9b2-7ef6-4b59-a13e-f01771b80b1a/8f499291-a9fc-4de5-9bfa-8b3922959ee8_1627660310.jpeg?h=225&w=225,
311721875,Tesco Luxury Gold Reindeer Small Gift Bag,https://www.tesco.com/groceries/en-GB/shop/home-and-ents/all?department=Christmas%20Cards%20%26%20Wrapping&viewAll=department&page=,£0.90,£0.90/each,,New,/groceries/en-GB/products/311721875,https://digitalcontent.api.tesco.com/v2/media/ghs/f351b286-6ab1-4de5-b430-0fe9f0f2350e/5acda991-d4bd-4742-8a44-0ecf656af724_235127586.jpeg?h=225&w=225,
309141164,Tesco Red Foil Bows 25 pack,https://www.tesco.com/groceries/en-GB/shop/home-and-ents/all?department=Christmas%20Cards%20%26%20Wrapping&viewAll=department&page=,£1.00,£0.04/each,,,/groceries/en-GB/products/309141164,https://digitalcontent.api.tesco.com/v2/media/ghs/17a712b7-0fde-413f-ada8-be3dd02a6730/142c6404-3d49-4817-ac42-8e4918c10b0f_1652269448.jpeg?h=225&w=225,
312114164,Tesco Red And White Raffia Ribbon,https://www.tesco.com/groceries/en-GB/shop/home-and-ents/all?department=Christmas%20Cards%20%26%20Wrapping&viewAll=department&page=,£1.00,£0.04/metre,,,/groceries/en-GB/products/312114164,https://digitalcontent.api.tesco.com/v2/media/ghs/ab32b2e2-d5ab-43e3-ab44-1295d85e8e74/9e7c3030-63bf-4850-ab32-330f20620c6e_1023609476.jpeg?h=225&w=225,
311769438,Tesco Kids Nativity Mini Cards 15Pk,https://www.tesco.com/groceries/en-GB/shop/home-and-ents/all?department=Christmas%20Cards%20%26%20Wrapping&viewAll=department&page=,£0.50,£0.03/each,,New,/groceries/en-GB/products/311769438,https://digitalcontent.api.tesco.com/v2/media/ghs/6a016cb8-59e5-4056-bf49-9e46c674da5d/1157e5fd-3f81-4833-803f-6d1f4d452c07_220750642.jpeg?h=225&w=225,
311769409,Tesco Luxury Nativity Snowglobe Cards 5 Pack,https://www.tesco.com/groceries/en-GB/shop/home-and-ents/all?department=Christmas%20Cards%20%26%20Wrapping&viewAll=department&page=,£4.00,£0.80/each,,New,/groceries/en-GB/products/311769409,https://digitalcontent.api.tesco.com/v2/media/ghs/9264720d-637e-444d-903c-c85391421e11/3d408066-f4d3-4b9d-a124-fbd034d59748_1818392103.jpeg?h=225&w=225,
311769381,Tesco Luxury Christmas Pudding Cards 5 Pack,https://www.tesco.com/groceries/en-GB/shop/home-and-ents/all?department=Christmas%20Cards%20%26%20Wrapping&viewAll=department&page=,£4.00,£0.80/each,,New,/groceries/en-GB/products/311769381,https://digitalcontent.api.tesco.com/v2/media/ghs/e016fda9-9e9c-4050-84e0-84c4637aaf80/c33f20a5-285b-41cd-8021-3eff1ab2e1fe_2075120396.jpeg?h=225&w=225,
311769375,Tesco Luxury Front Door Cards 5 Pack,https://www.tesco.com/groceries/en-GB/shop/home-and-ents/all?department=Christmas%20Cards%20%26%20Wrapping&viewAll=department&page=,£4.00,£0.80/each,,New,/groceries/en-GB/products/311769375,https://digitalcontent.api.tesco.com/v2/media/ghs/b1d1e053-deb9-449b-a7a0-22cb6f3b333f/e9119b88-d95a-4fd8-8f56-329388ffcc6b_2144664439.jpeg?h=225&w=225,
311769369,Tesco Luxury 3D Stag Scene Cards 5 Pack,https://www.tesco.com/groceries/en-GB/shop/home-and-ents/all?department=Christmas%20Cards%20%26%20Wrapping&viewAll=department&page=,£4.00,£0.80/each,,New,/groceries/en-GB/products/311769369,https://digitalcontent.api.tesco.com/v2/media/ghs/d6e05e0c-1e47-4601-8218-eb31b317062c/450f81a7-b5aa-4982-aeff-4d6ff22d5fdf_1108728767.jpeg?h=225&w=225,
311769398,Tesco Luxury Advent Calendar Cards 5 Pack,https://www.tesco.com/groceries/en-GB/shop/home-and-ents/all?department=Christmas%20Cards%20%26%20Wrapping&viewAll=department&page=,£4.00,£0.80/each,,New,/groceries/en-GB/products/311769398,https://digitalcontent.api.tesco.com/v2/media/ghs/a9474631-b10c-4621-9573-fb5526a7ef11/bd97ddb3-922d-4ac5-928e-377af8ce2c10_1149022695.jpeg?h=225&w=225,
271018513,Sellotape Double Sided Tape 12Mmx33m,https://www.tesco.com/groceries/en-GB/shop/home-and-ents/all?department=Christmas%20Cards%20%26%20Wrapping&viewAll=department&page=,£3.65,£3.65/each,,,/groceries/en-GB/products/271018513,https://digitalcontent.api.tesco.com/v2/media/ghs/dd1ab814-c5fc-4470-a94c-a6116d44a916/7e8c0396-4d3c-403a-8ce9-7c82c3aebd66_1621307607.jpeg?h=225&w=225,
311769565,Tesco Luxury Alchemy Merry Christmas Cards 5 Pack,https://www.tesco.com/groceries/en-GB/shop/home-and-ents/all?department=Christmas%20Cards%20%26%20Wrapping&viewAll=department&page=,£3.00,£0.60/each,,New,/groceries/en-GB/products/311769565,https://digitalcontent.api.tesco.com/v2/media/ghs/d3cf9338-0fec-49ed-be33-b3a916cae5b4/38ba38e3-4455-4fe7-9c1c-6f41a920518f_1636341782.jpeg?h=225&w=225,
311769605,Tesco Humble Cards 20 Pack,https://www.tesco.com/groceries/en-GB/shop/home-and-ents/all?department=Christmas%20Cards%20%26%20Wrapping&viewAll=department&page=,£3.00,£0.15/each,,New,/groceries/en-GB/products/311769605,https://digitalcontent.api.tesco.com/v2/media/ghs/2c6e9906-23d1-4d97-93df-0c6e3d12c25e/af20cf0a-971a-46fa-b84d-0c579bfc784b_1233926001.jpeg?h=225&w=225,
311769663,Tesco Luxury Sparkle Cards 5 Pack,https://www.tesco.com/groceries/en-GB/shop/home-and-ents/all?department=Christmas%20Cards%20%26%20Wrapping&viewAll=department&page=,£3.00,£0.60/each,,New,/groceries/en-GB/products/311769663,https://digitalcontent.api.tesco.com/v2/media/ghs/d66c3698-aa4a-4d98-85b5-9629ddcf08b1/0b5e89dc-9f72-4b12-99f3-261d9d607413_111074444.jpeg?h=225&w=225,
311769677,Tesco Luxury Gonk Cards 5 Pack,https://www.tesco.com/groceries/en-GB/shop/home-and-ents/all?department=Christmas%20Cards%20%26%20Wrapping&viewAll=department&page=,£3.00,£0.60/each,,New,/groceries/en-GB/products/311769677,https://digitalcontent.api.tesco.com/v2/media/ghs/c7d49194-9c3d-4cbb-b86d-4f26990c9fa1/b8a38045-d602-408d-a4ad-c659d3fffddd_490708083.jpeg?h=225&w=225,
311769749,Tesco Christmas Bauble Cards 20 Pack,https://www.tesco.com/groceries/en-GB/shop/home-and-ents/all?department=Christmas%20Cards%20%26%20Wrapping&viewAll=department&page=,£3.00,£0.15/each,,New,/groceries/en-GB/products/311769749,https://digitalcontent.api.tesco.com/v2/media/ghs/43383c1e-3239-4f09-a04d-7393337bb986/38ebd53a-39b4-44b3-a2a3-446d3029dcfe_1446834446.jpeg?h=225&w=225,
311769717,Tesco Luxury Kraft Santa And Angel Cards 12 Pack,https://www.tesco.com/groceries/en-GB/shop/home-and-ents/all?department=Christmas%20Cards%20%26%20Wrapping&viewAll=department&page=,£3.00,£0.25/each,,New,/groceries/en-GB/products/311769717,https://digitalcontent.api.tesco.com/v2/media/ghs/22674481-11aa-4b36-af58-79ad0989b907/a5eb05ec-52ab-4db8-a938-1ae364ea9f27_1269026324.jpeg?h=225&w=225,
259048731,Tesco Parcel Tape 48Mmx66m 3 Pack,https://www.tesco.com/groceries/en-GB/shop/home-and-ents/all?department=Christmas%20Cards%20%26%20Wrapping&viewAll=department&page=,£3.30,£1.10/each,,,/groceries/en-GB/products/259048731,https://digitalcontent.api.tesco.com/v2/media/ghs/2c7a5145-0bdc-42af-8145-8c0444b2230d/3fd184b1-6901-47ad-911e-e2820d275a45_506876382.jpeg?h=225&w=225,
312612749,Disney Christmas Character Cards 10 Pack,https://www.tesco.com/groceries/en-GB/shop/home-and-ents/all?department=Christmas%20Cards%20%26%20Wrapping&viewAll=department&page=,£2.00,£0.20/each,,New,/groceries/en-GB/products/312612749,https://digitalcontent.api.tesco.com/v2/media/ghs/0f285d85-c53e-4654-b88f-39ba5feab10c/37fb6db1-b1b1-4ad4-a921-20085e3cde1b_1193591051.jpeg?h=225&w=225,
311769487,Tesco Woodland Animal Cards 10 Pack,https://www.tesco.com/groceries/en-GB/shop/home-and-ents/all?department=Christmas%20Cards%20%26%20Wrapping&viewAll=department&page=,£1.50,£0.15/each,Any 2 for £2 Clubcard Price - Selected Tesco Boxed  Christmas Cards 2 For £ 2  ,,/groceries/en-GB/products/311769487,https://digitalcontent.api.tesco.com/v2/media/ghs/12d4ec83-442f-4ba4-a3d1-cca91a7f3e59/a4338ba5-50a2-4896-afa6-064865c98e2d_1328303775.jpeg?h=225&w=225,
311769527,Tesco Christmas Carol Cards 10 Pack,https://www.tesco.com/groceries/en-GB/shop/home-and-ents/all?department=Christmas%20Cards%20%26%20Wrapping&viewAll=department&page=,£1.50,£0.15/each,Any 2 for £2 Clubcard Price - Selected Tesco Boxed  Christmas Cards 2 For £ 2  ,,/groceries/en-GB/products/311769527,https://digitalcontent.api.tesco.com/v2/media/ghs/50b0440b-ab2b-4c7e-8474-18fcfe8d77df/87a232fe-a76a-45f8-a8e7-9997d567389f_2031593191.jpeg?h=225&w=225,
309139997,Tesco Pinecones Present Toppers 9 Pack,https://www.tesco.com/groceries/en-GB/shop/home-and-ents/all?department=Christmas%20Cards%20%26%20Wrapping&viewAll=department&page=,£1.25,£0.14/each,,,/groceries/en-GB/products/309139997,https://digitalcontent.api.tesco.com/v2/media/ghs/00885bbd-d524-4eb5-9877-3579d3591835/093ab034-6844-478f-8fad-4d31ada1a97d_1061266461.jpeg?h=225&w=225,
312105336,Paper Husband Navy Christmas Bow & Ribbon,https://www.tesco.com/groceries/en-GB/shop/home-and-ents/all?department=Christmas%20Cards%20%26%20Wrapping&viewAll=department&page=,£1.50,£1.50/each,,,/groceries/en-GB/products/312105336,https://digitalcontent.api.tesco.com/v2/media/ghs/6ddc969a-c0a1-4c17-b12e-069cf0bcfcd8/52bb6c5d-828c-431f-b576-7300e1c03c33_1141563665.jpeg?h=225&w=225,
312123850,Tesco Bobble Hats Bottle Bag,https://www.tesco.com/groceries/en-GB/shop/home-and-ents/all?department=Christmas%20Cards%20%26%20Wrapping&viewAll=department&page=,£1.00,£1.00/each,,,/groceries/en-GB/products/312123850,https://digitalcontent.api.tesco.com/v2/media/ghs/26b1753b-c88a-46cf-931e-29dd8ef05cac/7cef3c17-38d7-40a4-bceb-b8cff6d2b32f_737614217.jpeg?h=225&w=225,
312458822,Tesco Red Star 2 Sheets 2 Tags,https://www.tesco.com/groceries/en-GB/shop/home-and-ents/all?department=Christmas%20Cards%20%26%20Wrapping&viewAll=department&page=,£1.00,£0.25/each,,,/groceries/en-GB/products/312458822,https://digitalcontent.api.tesco.com/v2/media/ghs/d2dc2cb9-ae6e-4389-ba8b-68e7a8dba0e9/18e8e709-4898-4035-be78-bfe16e32648d_1730763737.jpeg?h=225&w=225,
312096817,Paper Husband Wreath Present Toppers With Tags 4 Pack,https://www.tesco.com/groceries/en-GB/shop/home-and-ents/all?department=Christmas%20Cards%20%26%20Wrapping&viewAll=department&page=,£1.25,£0.31/each,,,/groceries/en-GB/products/312096817,https://digitalcontent.api.tesco.com/v2/media/ghs/2e009d77-dfcb-44ee-a731-86709f6e059e/bdead17e-29d7-4c76-9f34-b02d43296b20_864286507.jpeg?h=225&w=225,
311798386,Paper Husband 4X Snowflake Present Toppers,https://www.tesco.com/groceries/en-GB/shop/home-and-ents/all?department=Christmas%20Cards%20%26%20Wrapping&viewAll=department&page=,£1.25,£0.31/each,,,/groceries/en-GB/products/311798386,https://digitalcontent.api.tesco.com/v2/media/ghs/da2fa871-99b4-4a33-b623-148620563497/fdfa3866-dafd-4eea-b5c2-30a6b5badac8_618063751.jpeg?h=225&w=225,
311779789,Paper Husband Christmas Ribbon 2M X 3,https://www.tesco.com/groceries/en-GB/shop/home-and-ents/all?department=Christmas%20Cards%20%26%20Wrapping&viewAll=department&page=,£1.50,£0.25/metre,,,/groceries/en-GB/products/311779789,https://digitalcontent.api.tesco.com/v2/media/ghs/4e4b0dca-1254-42b7-90d4-b4d8a471f0ba/0e309978-9d05-4b32-8128-0b1b6a808520_434670825.jpeg?h=225&w=225,
312114141,Tesco Red Bow And Gift Tag,https://www.tesco.com/groceries/en-GB/shop/home-and-ents/all?department=Christmas%20Cards%20%26%20Wrapping&viewAll=department&page=,£1.00,£1.00/each,,,/groceries/en-GB/products/312114141,https://digitalcontent.api.tesco.com/v2/media/ghs/d3d3c952-46a0-4322-8a1a-f6fb9103e741/68cf3078-f25a-4441-a9e7-26ae07ebe24a_273466765.jpeg?h=225&w=225,
309139876,Tesco Red Shredded Tissue 35g,https://www.tesco.com/groceries/en-GB/shop/home-and-ents/all?department=Christmas%20Cards%20%26%20Wrapping&viewAll=department&page=,£1.00,£28.58/kg,,,/groceries/en-GB/products/309139876,https://digitalcontent.api.tesco.com/v2/media/ghs/5a987379-359d-4fb6-8adc-5cda86bf65ee/521d278a-2ba2-46aa-bb79-fe5445160089_1734352271.jpeg?h=225&w=225,
309141187,Tesco Gold Foil Bows 25 pack,https://www.tesco.com/groceries/en-GB/shop/home-and-ents/all?department=Christmas%20Cards%20%26%20Wrapping&viewAll=department&page=,£1.00,£0.04/each,,,/groceries/en-GB/products/309141187,https://digitalcontent.api.tesco.com/v2/media/ghs/509be9a1-5e4d-4609-b563-706226016d7a/4c5d0760-f610-43a0-aa1e-c2da8c1f5ae3_1313331577.jpeg?h=225&w=225,
309141170,Tesco Silver Foil Bows 25 pack,https://www.tesco.com/groceries/en-GB/shop/home-and-ents/all?department=Christmas%20Cards%20%26%20Wrapping&viewAll=department&page=,£1.00,£0.04/each,,New,/groceries/en-GB/products/309141170,https://digitalcontent.api.tesco.com/v2/media/ghs/1d10c9ec-cc69-4c09-84e0-7635054401c8/acfdcd50-5837-4c2a-b2d2-88f01885d06d_1094341717.jpeg?h=225&w=225,
312114095,Tesco Gold Raffia Ribbon 10M,https://www.tesco.com/groceries/en-GB/shop/home-and-ents/all?department=Christmas%20Cards%20%26%20Wrapping&viewAll=department&page=,£1.00,£0.10/metre,,,/groceries/en-GB/products/312114095,https://digitalcontent.api.tesco.com/v2/media/ghs/85c44f92-47a2-492a-b272-a1497d248cef/cf6b29bd-e59d-46e1-8d52-31f1ff374822_241745466.jpeg?h=225&w=225,
311769611,Tesco Scandi Reindeer Cards 16 Pack,https://www.tesco.com/groceries/en-GB/shop/home-and-ents/all?department=Christmas%20Cards%20%26%20Wrapping&viewAll=department&page=,£1.00,£0.06/each,,New,/groceries/en-GB/products/311769611,https://digitalcontent.api.tesco.com/v2/media/ghs/6418292b-8e1b-46a7-a552-2d1aec1304b5/efa5ee24-6f03-40f1-8d54-ee6bbc8c9de3_788141922.jpeg?h=225&w=225,
312114089,Tesco Red And Green Raffia Ribbon,https://www.tesco.com/groceries/en-GB/shop/home-and-ents/all?department=Christmas%20Cards%20%26%20Wrapping&viewAll=department&page=,£1.00,£0.04/metre,,,/groceries/en-GB/products/312114089,https://digitalcontent.api.tesco.com/v2/media/ghs/67bca0ae-ba21-4e2d-a9c2-2994b140b89d/71526e5e-1b5f-4cba-acff-a9ee82d402af_1626639313.jpeg?h=225&w=225,
309140159,Tesco White Let It Snow Ribbon 5m,https://www.tesco.com/groceries/en-GB/shop/home-and-ents/all?department=Christmas%20Cards%20%26%20Wrapping&viewAll=department&page=,£1.00,£0.20/metre,,,/groceries/en-GB/products/309140159,https://digitalcontent.api.tesco.com/v2/media/ghs/01d7b4c9-5011-4d77-8595-1ad7721b4589/02d9b9ea-eae2-4977-9790-7d8a9f92fbd4_381268294.jpeg?h=225&w=225,
311437929,Paper Husband Natural Parcel Twine 10M,https://www.tesco.com/groceries/en-GB/shop/home-and-ents/all?department=Christmas%20Cards%20%26%20Wrapping&viewAll=department&page=,£1.00,£0.10/metre,,,/groceries/en-GB/products/311437929,https://digitalcontent.api.tesco.com/v2/media/ghs/f5d918c8-a6e4-4b75-bc5b-ba582ad4d60c/df06f4df-f727-488d-8837-a7a1a076f19b_261981741.jpeg?h=225&w=225,
312339284,Disney Christmas Stacking Gift Boxes 3 Pack,https://www.tesco.com/groceries/en-GB/shop/home-and-ents/all?department=Christmas%20Cards%20%26%20Wrapping&viewAll=department&page=,£6.00,£2.00/each,,,/groceries/en-GB/products/312339284,https://digitalcontent.api.tesco.com/v2/media/ghs/87c63f3e-008e-4ad6-b571-0ca55e5a08c4/5b0b9e8c-2abd-4592-9ae0-50c0d91fbf2b_1521145296.jpeg?h=225&w=225,
312339290,Marvel Christmas Stacking Gift Boxes 3 Pack,https://www.tesco.com/groceries/en-GB/shop/home-and-ents/all?department=Christmas%20Cards%20%26%20Wrapping&viewAll=department&page=,£6.00,£2.00/each,,New,/groceries/en-GB/products/312339290,https://digitalcontent.api.tesco.com/v2/media/ghs/f9835ec5-fdba-422b-8302-3625d8d8114e/2f85db52-0515-4a94-970b-fe5da02c38e4_840377666.jpeg?h=225&w=225,
311429035,Paper Husband Belonging Wrap Accessory Kit Assortment,https://www.tesco.com/groceries/en-GB/shop/home-and-ents/all?department=Christmas%20Cards%20%26%20Wrapping&viewAll=department&page=,£4.00,£4.00/each,,,/groceries/en-GB/products/311429035,https://digitalcontent.api.tesco.com/v2/media/ghs/768ddc93-7fa1-4f52-b950-28b2d77031fb/f885453c-3aa6-4cc6-995a-496a641d5c06_1849870427.jpeg?h=225&w=225,
286188915,Maped Advanced 21Cm Scissors/ Oxford Scissors,https://www.tesco.com/groceries/en-GB/shop/home-and-ents/all?department=Christmas%20Cards%20%26%20Wrapping&viewAll=department&page=,£5.10,£5.10/each,£3.50 Clubcard Price,,/groceries/en-GB/products/286188915,https://digitalcontent.api.tesco.com/v2/media/ghs/ee48696a-08d9-4bc6-9017-4fdb7becfa0c/ea356434-531e-47c7-bbe4-01358b1e523e_1882948255.jpeg?h=225&w=225,
311769559,Tesco Luxury Magic Wreath Cards 5 Pack,https://www.tesco.com/groceries/en-GB/shop/home-and-ents/all?department=Christmas%20Cards%20%26%20Wrapping&viewAll=department&page=,£4.00,£0.80/each,,New,/groceries/en-GB/products/311769559,https://digitalcontent.api.tesco.com/v2/media/ghs/1f19d0de-f43e-4e51-814e-f53f21c44085/28ddbe8d-83fc-484a-a2d4-c722099071bb_458227105.jpeg?h=225&w=225,
311769415,Tesco Luxury Nutcracker Cards 5 Pack,https://www.tesco.com/groceries/en-GB/shop/home-and-ents/all?department=Christmas%20Cards%20%26%20Wrapping&viewAll=department&page=,£4.00,£0.80/each,,New,/groceries/en-GB/products/311769415,https://digitalcontent.api.tesco.com/v2/media/ghs/37a238c9-3867-41ff-b897-56b58e0c8969/3d2d354f-d5b7-4cfd-be08-a02e72b3eb37_773932120.jpeg?h=225&w=225,
291502930,Tesco Cleareasytear Tape Dispenser And 4 Refills,https://www.tesco.com/groceries/en-GB/shop/home-and-ents/all?department=Christmas%20Cards%20%26%20Wrapping&viewAll=department&page=,£3.60,£3.60/each,,,/groceries/en-GB/products/291502930,https://digitalcontent.api.tesco.com/v2/media/ghs/30229c44-f6a4-4925-8125-2acec89fca6e/347a3823-fd5c-4c6b-a9ee-ee25aaeb4049_86735539.jpeg?h=225&w=225,
311769536,Tesco Luxury Christmas Cafe Cards 5 Pack,https://www.tesco.com/groceries/en-GB/shop/home-and-ents/all?department=Christmas%20Cards%20%26%20Wrapping&viewAll=department&page=,£4.00,£0.80/each,,New,/groceries/en-GB/products/311769536,https://digitalcontent.api.tesco.com/v2/media/ghs/5b51628a-cfbe-434c-a352-789bd6d7030b/d7aacd02-140a-418e-bf0c-0412b2c95822_1257901629.jpeg?h=225&w=225,
277306981,Sellotape On Hand Dispenser,https://www.tesco.com/groceries/en-GB/shop/home-and-ents/all?department=Christmas%20Cards%20%26%20Wrapping&viewAll=department&page=,£3.25,£3.25/each,,,/groceries/en-GB/products/277306981,https://digitalcontent.api.tesco.com/v2/media/ghs/46a8c05f-5c8e-443d-8881-238f953674df/abcdd08a-085c-4474-b2ad-24ea339fbb77_1674926379.jpeg?h=225&w=225,
282483399,Maped Scissors,https://www.tesco.com/groceries/en-GB/shop/home-and-ents/all?department=Christmas%20Cards%20%26%20Wrapping&viewAll=department&page=,£3.10,£3.10/each,,,/groceries/en-GB/products/282483399,https://digitalcontent.api.tesco.com/v2/media/ghs/5a8f0bb0-091b-47aa-b9b8-e6ac9e633e84/345588d9-ec60-4790-8ff8-62255be371e7_456423921.jpeg?h=225&w=225,
311955926,Paper Husband Humble Wrap Accessory Kit,https://www.tesco.com/groceries/en-GB/shop/home-and-ents/all?department=Christmas%20Cards%20%26%20Wrapping&viewAll=department&page=,£3.00,£3.00/each,,,/groceries/en-GB/products/311955926,https://digitalcontent.api.tesco.com/v2/media/ghs/ce2d4ba8-bc42-4022-aa13-0c99cc3db735/cf970c3c-6f4c-4d92-a27a-5348eb2c2e34_1499754716.jpeg?h=225&w=225,
259806566,Scotch Gift Wrap Tape,https://www.tesco.com/groceries/en-GB/shop/home-and-ents/all?department=Christmas%20Cards%20%26%20Wrapping&viewAll=department&page=,£3.15,£3.15/each,,,/groceries/en-GB/products/259806566,https://digitalcontent.api.tesco.com/v2/media/ghs/d1b4cbad-13ad-4bf9-8c39-134dd22236cd/21a3d4f5-5e0c-422c-8f04-ddea4abe778c_1774209271.jpeg?h=225&w=225,
311769571,Tesco Luxury Kraft Ice Skate Cards 5 Pack,https://www.tesco.com/groceries/en-GB/shop/home-and-ents/all?department=Christmas%20Cards%20%26%20Wrapping&viewAll=department&page=,£3.00,£0.60/each,,New,/groceries/en-GB/products/311769571,https://digitalcontent.api.tesco.com/v2/media/ghs/e802373a-e6dc-4afd-910d-c633c80ff7f1/475f902a-8c93-4fec-8173-0d999b3c902e_2009535449.jpeg?h=225&w=225,
261373008,Tesco Safewrap Fragile Tape 48Mmx66m,https://www.tesco.com/groceries/en-GB/shop/home-and-ents/all?department=Christmas%20Cards%20%26%20Wrapping&viewAll=department&page=,£2.75,£2.75/each,,,/groceries/en-GB/products/261373008,https://digitalcontent.api.tesco.com/v2/media/ghs/eb80aa50-5387-49e7-80d1-3670d7ed4f0d/fb378caa-5471-4a46-90c8-9557b3e84d30_700237156.jpeg?h=225&w=225,
260880728,Tesco Clear Easy Tear Tape And Dispenser 2 Pack,https://www.tesco.com/groceries/en-GB/shop/home-and-ents/all?department=Christmas%20Cards%20%26%20Wrapping&viewAll=department&page=,£1.90,£0.95/each,,,/groceries/en-GB/products/260880728,https://digitalcontent.api.tesco.com/v2/media/ghs/10b37717-4dc0-4a7f-a04d-be20df4d795c/19833b58-ac8d-4503-91eb-023518695d7a_1784532739.jpeg?h=225&w=225,
285222892,Tesco Soft Handled Scissors 12Cm,https://www.tesco.com/groceries/en-GB/shop/home-and-ents/all?department=Christmas%20Cards%20%26%20Wrapping&viewAll=department&page=,£1.65,£1.65/each,,,/groceries/en-GB/products/285222892,https://digitalcontent.api.tesco.com/v2/media/ghs/464ab883-b77b-44ee-bd19-7fb12c12c08a/c64189f0-057c-43a2-bb4d-acdb1f6163e7_1853694216.jpeg?h=225&w=225,
310042833,Christmas Stamp Kit,https://www.tesco.com/groceries/en-GB/shop/home-and-ents/all?department=Christmas%20Cards%20%26%20Wrapping&viewAll=department&page=,£4.00,£4.00/each,,,/groceries/en-GB/products/310042833,https://digitalcontent.api.tesco.com/v2/media/ghs/cc039a64-5218-4fd1-8e44-9eaffd2439d4/e74fb9df-9995-4b1c-9772-237a311cdb50_738741784.jpeg?h=225&w=225,
311825614,Tesco Gonk Plastic Drinks Dispenser,https://www.tesco.com/groceries/en-GB/shop/home-and-ents/all?department=Christmas%20Decorations%20%26%20Home&viewAll=department&page=,£8.00,£8.00/each,,New,/groceries/en-GB/products/311825614,https://digitalcontent.api.tesco.com/v2/media/ghs/8456b0fe-8cf7-4c55-b456-2e8c0808d1aa/cde2c673-9241-435c-9af3-4925c6ccf302_2044446393.jpeg?h=225&w=225,
311463229,Tesco Disney Minnie Mouse Wipeclean Tablecloth,https://www.tesco.com/groceries/en-GB/shop/home-and-ents/all?department=Christmas%20Decorations%20%26%20Home&viewAll=department&page=,£8.50,£8.50/each,,New,/groceries/en-GB/products/311463229,https://digitalcontent.api.tesco.com/v2/media/ghs/22269ca6-2e03-495c-a99e-a28a6cb2660f/3d47f97c-9847-4e26-a60d-4399b6c8f327_1555438344.jpeg?h=225&w=225,
311825620,Tesco Disney Mickey & Minnie Drink Dispenser,https://www.tesco.com/groceries/en-GB/shop/home-and-ents/all?department=Christmas%20Decorations%20%26%20Home&viewAll=department&page=,£8.00,£8.00/each,,New,/groceries/en-GB/products/311825620,https://digitalcontent.api.tesco.com/v2/media/ghs/d22e961f-d02e-4895-af3d-888479058d43/95ef88b6-d27c-48bd-b589-c670fbd7d746_788718938.jpeg?h=225&w=225,
309142520,Tesco Luxury Gold Mini Crackers 6 Pack,https://www.tesco.com/groceries/en-GB/shop/home-and-ents/all?department=Christmas%20Decorations%20%26%20Home&viewAll=department&page=,£4.00,£0.67/each,,New,/groceries/en-GB/products/309142520,https://digitalcontent.api.tesco.com/v2/media/ghs/5d79f5c2-2697-43fe-b4a3-d2dcbc1014ca/8d43f28e-1b61-4b49-a4c0-608942244f76_1829142819.jpeg?h=225&w=225,
311721593,Tesco Fill Your Own Crackers 6 Pack,https://www.tesco.com/groceries/en-GB/shop/home-and-ents/all?department=Christmas%20Decorations%20%26%20Home&viewAll=department&page=,£4.00,£0.67/each,,New,/groceries/en-GB/products/311721593,https://digitalcontent.api.tesco.com/v2/media/ghs/6a46625b-1ee8-472f-abfb-8a1d90b907e7/acc741f6-91d6-4985-98d8-e7d0ff580cf7_687541859.jpeg?h=225&w=225,
311722465,Tesco Disney Villains Mug,https://www.tesco.com/groceries/en-GB/shop/home-and-ents/all?department=Christmas%20Decorations%20%26%20Home&viewAll=department&page=,£4.50,£4.50/each,,New,/groceries/en-GB/products/311722465,https://digitalcontent.api.tesco.com/v2/media/ghs/07da77f7-e50b-4ba6-8d11-d1f6d212e959/30d2de7f-ae77-4ded-ad23-b3b46b64f51d_1704662902.jpeg?h=225&w=225,
311722471,Tesco Disney Belle Mug,https://www.tesco.com/groceries/en-GB/shop/home-and-ents/all?department=Christmas%20Decorations%20%26%20Home&viewAll=department&page=,£4.50,£4.50/each,,New,/groceries/en-GB/products/311722471,https://digitalcontent.api.tesco.com/v2/media/ghs/7df4c044-a46c-4fa2-a960-4ae36cbf74bf/1000f08a-ecf5-4c6f-8d98-1fe15d84a304_1364928767.jpeg?h=225&w=225,
311925070,Tesco Disney Festive Mickey Plate,https://www.tesco.com/groceries/en-GB/shop/home-and-ents/all?department=Christmas%20Decorations%20%26%20Home&viewAll=department&page=,£4.50,£4.50/each,,New,/groceries/en-GB/products/311925070,https://digitalcontent.api.tesco.com/v2/media/ghs/7b6f1875-9877-406e-ae97-a3e824b7a126/4263d0b2-0a41-4059-948f-19cadc3947cb_2121719630.jpeg?h=225&w=225,
311925087,Tesco Disney Festive Mickey Bowl,https://www.tesco.com/groceries/en-GB/shop/home-and-ents/all?department=Christmas%20Decorations%20%26%20Home&viewAll=department&page=,£4.50,£4.50/each,,New,/groceries/en-GB/products/311925087,https://digitalcontent.api.tesco.com/v2/media/ghs/5236a8c9-711a-4aaf-81a3-fca19f7d3b25/604dc14b-0b02-4874-94bf-9103e1c32fe7_917830868.jpeg?h=225&w=225,
311463172,Tesco Disney Bambi Skating Bowl,https://www.tesco.com/groceries/en-GB/shop/home-and-ents/all?department=Christmas%20Decorations%20%26%20Home&viewAll=department&page=,£4.50,£4.50/each,,,/groceries/en-GB/products/311463172,https://digitalcontent.api.tesco.com/v2/media/ghs/34b93117-cff1-4f24-b6d1-de051b451e5a/a03f45be-8bf4-49e4-b490-564bbf3df7d9_1702258219.jpeg?h=225&w=225,
311825643,Tesco Disney Mickey Lidded Plastic Cup,https://www.tesco.com/groceries/en-GB/shop/home-and-ents/all?department=Christmas%20Decorations%20%26%20Home&viewAll=department&page=,£4.00,£4.00/each,,New,/groceries/en-GB/products/311825643,https://digitalcontent.api.tesco.com/v2/media/ghs/b6583f78-2e45-4984-8a30-504f7614e606/648fa3fe-ef0a-406e-b509-9e1a3e3b5528_2122062172.jpeg?h=225&w=225,
309141613,Tesco Cube Crackers 12 Pack Silver,https://www.tesco.com/groceries/en-GB/shop/home-and-ents/all?department=Christmas%20Decorations%20%26%20Home&viewAll=department&page=,£4.00,£0.33/each,,,/groceries/en-GB/products/309141613,https://digitalcontent.api.tesco.com/v2/media/ghs/d85f79e6-3e96-4b41-88a2-cbfbebed85cf/5e44d6f4-5065-4a31-88ba-1307f4902178_991540851.jpeg?h=225&w=225,
309142416,Tesco Cube Crackers 12 Pack Red Green,https://www.tesco.com/groceries/en-GB/shop/home-and-ents/all?department=Christmas%20Decorations%20%26%20Home&viewAll=department&page=,£4.00,£0.33/each,,,/groceries/en-GB/products/309142416,https://digitalcontent.api.tesco.com/v2/media/ghs/3e4630c0-6650-4c59-ba70-6511b8357970/33410ea0-54eb-4ecb-bb3c-f6ff043114ea_2017797341.jpeg?h=225&w=225,
311722488,Tesco Disney Marvel Superhero Mug,https://www.tesco.com/groceries/en-GB/shop/home-and-ents/all?department=Christmas%20Decorations%20%26%20Home&viewAll=department&page=,£3.50,£3.50/each,,New,/groceries/en-GB/products/311722488,https://digitalcontent.api.tesco.com/v2/media/ghs/fc51a652-9eed-4fae-9704-52d36c2f416a/6c0ab7b8-3b99-48d5-8719-c8c7c8126d98_535495426.jpeg?h=225&w=225,
311722505,Tesco Disney Yoda Mug,https://www.tesco.com/groceries/en-GB/shop/home-and-ents/all?department=Christmas%20Decorations%20%26%20Home&viewAll=department&page=,£3.50,£3.50/each,,New,/groceries/en-GB/products/311722505,https://digitalcontent.api.tesco.com/v2/media/ghs/6b760fd1-b545-4254-87f3-04bf6b0cffcc/38742d1b-5b41-495e-8e52-bc96def63057_735256878.jpeg?h=225&w=225,
311722494,Tesco Disney I Need Space Buzz Mug,https://www.tesco.com/groceries/en-GB/shop/home-and-ents/all?department=Christmas%20Decorations%20%26%20Home&viewAll=department&page=,£3.50,£3.50/each,,New,/groceries/en-GB/products/311722494,https://digitalcontent.api.tesco.com/v2/media/ghs/f4c08431-2316-49c5-8a89-eb89f4704fe1/02ec19b4-afab-4c05-88ef-e24cd3baf3da_308774934.jpeg?h=225&w=225,
311825507,Tesco Gonk Swirly Straw,https://www.tesco.com/groceries/en-GB/shop/home-and-ents/all?department=Christmas%20Decorations%20%26%20Home&viewAll=department&page=,£2.50,£2.50/each,,New,/groceries/en-GB/products/311825507,https://digitalcontent.api.tesco.com/v2/media/ghs/ebbc4afb-0220-471d-a995-e12c2954d391/7676f705-a9d1-478c-ad6a-b6b52192c226_491455548.jpeg?h=225&w=225,
311825539,Tesco Gonk Christmas Drinking Jar,https://www.tesco.com/groceries/en-GB/shop/home-and-ents/all?department=Christmas%20Decorations%20%26%20Home&viewAll=department&page=,£2.50,£2.50/each,,New,/groceries/en-GB/products/311825539,https://digitalcontent.api.tesco.com/v2/media/ghs/bd7a388b-2165-4419-b961-467193965376/5d242f25-26ed-402b-a227-f7c9f4a56e23_379243571.jpeg?h=225&w=225,
311825608,Tesco Rudi Swirly Straw,https://www.tesco.com/groceries/en-GB/shop/home-and-ents/all?department=Christmas%20Decorations%20%26%20Home&viewAll=department&page=,£2.50,£2.50/each,,New,/groceries/en-GB/products/311825608,https://digitalcontent.api.tesco.com/v2/media/ghs/2b8b35aa-6398-40a4-90e9-ef61a064f660/f9ce5ab5-2cca-4c98-89e3-a3f611e69b33_1567283095.jpeg?h=225&w=225,
311825637,Tesco Disney Classic Minnie Swirly Straw,https://www.tesco.com/groceries/en-GB/shop/home-and-ents/all?department=Christmas%20Decorations%20%26%20Home&viewAll=department&page=,£2.50,£2.50/each,,New,/groceries/en-GB/products/311825637,https://digitalcontent.api.tesco.com/v2/media/ghs/34a61bb3-4f8b-4e75-8d62-a0c8d7a572b4/c6cf5eaf-51a2-4e5b-a154-7da31284cc16_1953159152.jpeg?h=225&w=225,
311825568,Tesco Disney Classic Mickey Swirly Straw,https://www.tesco.com/groceries/en-GB/shop/home-and-ents/all?department=Christmas%20Decorations%20%26%20Home&viewAll=department&page=,£2.50,£2.50/each,,New,/groceries/en-GB/products/311825568,https://digitalcontent.api.tesco.com/v2/media/ghs/f6b872d1-f9dd-4fb5-95c9-c80aa23cfb96/afdb95d4-6e9b-417b-bbbb-b8b8b0e3fcd7_154866981.jpeg?h=225&w=225,
312146932,Tesco Silver Snowflake Napkin 3Ply 20 Pack,https://www.tesco.com/groceries/en-GB/shop/home-and-ents/all?department=Christmas%20Decorations%20%26%20Home&viewAll=department&page=,£1.50,£0.08/each,,New,/groceries/en-GB/products/312146932,https://digitalcontent.api.tesco.com/v2/media/ghs/dbb045ae-9b9a-46b7-9ef1-8ab5ce9a01b6/54e05e50-81c3-4459-bf73-4b4eea38c771_640501413.jpeg?h=225&w=225,
312146811,Tesco Christmas Pudding Napkin 3Ply 20 Pack,https://www.tesco.com/groceries/en-GB/shop/home-and-ents/all?department=Christmas%20Decorations%20%26%20Home&viewAll=department&page=,£1.50,£0.08/each,,New,/groceries/en-GB/products/312146811,https://digitalcontent.api.tesco.com/v2/media/ghs/ec05410a-6f2d-4bf4-aaa1-a1fcb5673823/11b4c834-0444-427d-b5b4-e375b9c9c712_551197809.jpeg?h=225&w=225,
253524618,Tesco Napkins Cream 33Cm 2Ply 50 Pack,https://www.tesco.com/groceries/en-GB/shop/home-and-ents/all?department=Christmas%20Decorations%20%26%20Home&viewAll=department&page=,£1.50,£0.03/each,,,/groceries/en-GB/products/253524618,https://digitalcontent.api.tesco.com/v2/media/ghs/c51eed1d-0708-45db-8ddb-548cdc3670bb/dd551e0a-056f-47cc-8771-76490f4b054a_1270968539.jpeg?h=225&w=225,
262271980,Tesco Napkins White 33Cm 2Ply 50 Pack,https://www.tesco.com/groceries/en-GB/shop/home-and-ents/all?department=Christmas%20Decorations%20%26%20Home&viewAll=department&page=,£1.50,£0.03/each,,,/groceries/en-GB/products/262271980,https://digitalcontent.api.tesco.com/v2/media/ghs/04b4970f-1fa1-41bf-b1f6-68314a083773/1145c8a5-82a0-4074-be00-68b79c444cc0_688703624.jpeg?h=225&w=225,
312146886,Tesco 12 Days Of Christmas Napkin 3Ly 20 Pack,https://www.tesco.com/groceries/en-GB/shop/home-and-ents/all?department=Christmas%20Decorations%20%26%20Home&viewAll=department&page=,£1.50,£0.08/each,,New,/groceries/en-GB/products/312146886,https://digitalcontent.api.tesco.com/v2/media/ghs/f89e048b-b71f-4208-a6de-6259297e7b7d/adf335dd-5da3-4bc3-8a83-0ca36f51b71d_1532174028.jpeg?h=225&w=225,
312146621,Tesco Traditional Santa Plate 23Cm 10 Pack,https://www.tesco.com/groceries/en-GB/shop/home-and-ents/all?department=Christmas%20Decorations%20%26%20Home&viewAll=department&page=,£1.50,£0.15/each,,New,/groceries/en-GB/products/312146621,https://digitalcontent.api.tesco.com/v2/media/ghs/cb126ba1-17d4-4061-8941-595d680e6011/4decb6bd-c7af-4241-8868-3e4de288dc59_96113547.jpeg?h=225&w=225,
309067442,Tesco Faux Fur Ball White Hanging Decoration,https://www.tesco.com/groceries/en-GB/shop/home-and-ents/all?department=Christmas%20Decorations%20%26%20Home&viewAll=department&page=,£1.75,£1.75/each,,,/groceries/en-GB/products/309067442,https://digitalcontent.api.tesco.com/v2/media/ghs/15367446-7f80-42f8-a9de-19ef6686fcfd/bb2cb431-6842-4355-a686-ed01fc90e581_923687598.jpeg?h=225&w=225,
312146949,Tesco Flitter Reindeer Napkin 3Ply X20,https://www.tesco.com/groceries/en-GB/shop/home-and-ents/all?department=Christmas%20Decorations%20%26%20Home&viewAll=department&page=,£1.50,£0.08/each,,New,/groceries/en-GB/products/312146949,https://digitalcontent.api.tesco.com/v2/media/ghs/4f6dc219-f493-4ba1-958c-902ac740dbcf/0ab29428-b894-4bdd-8286-34ad8c73d91f_490396162.jpeg?h=225&w=225,
257396321,Tesco Paper Bowls White 16Cm 25Pk,https://www.tesco.com/groceries/en-GB/shop/home-and-ents/all?department=Christmas%20Decorations%20%26%20Home&viewAll=department&page=,£1.25,£0.05/each,,,/groceries/en-GB/products/257396321,https://digitalcontent.api.tesco.com/v2/media/ghs/80a212e4-e746-4573-a7bc-27861b4b7289/97bdeef4-a815-49a7-93fd-c42f81045fff_1874547715.jpeg?h=225&w=225,
253524578,Tesco Napkins Red 33Cm 2Ply 50 Pack,https://www.tesco.com/groceries/en-GB/shop/home-and-ents/all?department=Christmas%20Decorations%20%26%20Home&viewAll=department&page=,£1.50,£0.03/each,,,/groceries/en-GB/products/253524578,https://digitalcontent.api.tesco.com/v2/media/ghs/cca78f90-486b-4243-acff-074bfe2802f8/262dfa7f-334c-4118-90da-8e2f70f907c9_921685991.jpeg?h=225&w=225,
312268027,Tesco Santa Gnome Napkin 33Cm 3Ply 20 Pack,https://www.tesco.com/groceries/en-GB/shop/home-and-ents/all?department=Christmas%20Decorations%20%26%20Home&viewAll=department&page=,£1.50,£0.08/each,,New,/groceries/en-GB/products/312268027,https://digitalcontent.api.tesco.com/v2/media/ghs/b9866821-c51b-467a-ada6-813ff8b11bf6/426c4013-d3d7-4596-a46f-e5cbd38a2615_1688476908.jpeg?h=225&w=225,
312146828,Tesco Penguin Napkin 33Cm 3Ply 20 Pack,https://www.tesco.com/groceries/en-GB/shop/home-and-ents/all?department=Christmas%20Decorations%20%26%20Home&viewAll=department&page=,£1.50,£0.08/each,,New,/groceries/en-GB/products/312146828,https://digitalcontent.api.tesco.com/v2/media/ghs/3cb9d497-c79a-4c2b-9347-ce3277f56dbf/52c1212a-c5ab-489f-b2af-79c3abb92ef3_2006812308.jpeg?h=225&w=225,
312146840,Tesco Sprouts Napkin 33Cm 3Ply 20 Pack,https://www.tesco.com/groceries/en-GB/shop/home-and-ents/all?department=Christmas%20Decorations%20%26%20Home&viewAll=department&page=,£1.50,£0.08/each,,New,/groceries/en-GB/products/312146840,https://digitalcontent.api.tesco.com/v2/media/ghs/615a0d18-5bce-4a00-aced-383cf8470ca5/7d771e94-b0bc-4244-8d77-084531e160b3_1944173897.jpeg?h=225&w=225,
312146857,Tesco Christmas Scene Napkin 33Cm 3Ply 20 Pack,https://www.tesco.com/groceries/en-GB/shop/home-and-ents/all?department=Christmas%20Decorations%20%26%20Home&viewAll=department&page=,£1.50,£0.08/each,,New,/groceries/en-GB/products/312146857,https://digitalcontent.api.tesco.com/v2/media/ghs/525b3b63-ee44-47b1-b5ad-75dd21ab8821/7fb33c6d-0273-4ecb-a908-3ca606d5951b_296681935.jpeg?h=225&w=225,
312146877,Tesco Christmas Santa Ruby Napkin 33Cm 3Ply 20 Pack,https://www.tesco.com/groceries/en-GB/shop/home-and-ents/all?department=Christmas%20Decorations%20%26%20Home&viewAll=department&page=,£1.50,£0.08/each,,New,/groceries/en-GB/products/312146877,https://digitalcontent.api.tesco.com/v2/media/ghs/fce1048d-f0af-4dd8-b8d0-dde9a7b914e8/7787ac25-3747-4b19-a111-e75ed8478db8_1463200534.jpeg?h=225&w=225,
312146892,Tesco Snowy Pudding Napkin 3Ply 20 Pack,https://www.tesco.com/groceries/en-GB/shop/home-and-ents/all?department=Christmas%20Decorations%20%26%20Home&viewAll=department&page=,£1.50,£0.08/each,,New,/groceries/en-GB/products/312146892,https://digitalcontent.api.tesco.com/v2/media/ghs/49c3f4dc-5cbb-4d77-a800-0f615ae3ff28/19146185-2e99-4aa7-8ea3-d68899891b5d_1040724509.jpeg?h=225&w=225,
312146609,Tesco 12 Days Of Christmas Plate 23Cm 10 Pack,https://www.tesco.com/groceries/en-GB/shop/home-and-ents/all?department=Christmas%20Decorations%20%26%20Home&viewAll=department&page=,£1.50,£0.15/each,,New,/groceries/en-GB/products/312146609,https://digitalcontent.api.tesco.com/v2/media/ghs/f1774414-0ae3-402b-bf57-bd44f4441715/4f0c5454-ef3e-4ce8-aa42-b844127d7025_1976282889.jpeg?h=225&w=225,
259396076,Tesco Extra Strength Paper Plates 22Cm 25Pk,https://www.tesco.com/groceries/en-GB/shop/home-and-ents/all?department=Christmas%20Decorations%20%26%20Home&viewAll=department&page=,£2.00,£0.08/each,,,/groceries/en-GB/products/259396076,https://digitalcontent.api.tesco.com/v2/media/ghs/7a8f97f8-83e5-457f-bb4e-40904e9a83f1/d5f19b11-0850-4021-a2d2-25d2c151270a_1796166256.jpeg?h=225&w=225,
312146955,Tesco Fairisle Napkin 33Cm 3Ply 20 Pack,https://www.tesco.com/groceries/en-GB/shop/home-and-ents/all?department=Christmas%20Decorations%20%26%20Home&viewAll=department&page=,£1.50,£0.08/each,,New,/groceries/en-GB/products/312146955,https://digitalcontent.api.tesco.com/v2/media/ghs/51086862-2642-4804-89c8-98037803578e/01d06712-b00c-42c7-b666-3a022f833396_1410991382.jpeg?h=225&w=225,
312146581,Tesco Christmas Pudding Plate 23Cm 10 Pack,https://www.tesco.com/groceries/en-GB/shop/home-and-ents/all?department=Christmas%20Decorations%20%26%20Home&viewAll=department&page=,£1.50,£0.15/each,,New,/groceries/en-GB/products/312146581,https://digitalcontent.api.tesco.com/v2/media/ghs/50e0c55a-4103-4961-9400-ae382fbc3b6b/ca7aaeb5-90d1-476f-96e8-63c311ceedfb_1029871464.jpeg?h=225&w=225,
312146615,Tesco Woodland Plate 23Cm 10 Pack,https://www.tesco.com/groceries/en-GB/shop/home-and-ents/all?department=Christmas%20Decorations%20%26%20Home&viewAll=department&page=,£1.50,£0.15/each,,New,/groceries/en-GB/products/312146615,https://digitalcontent.api.tesco.com/v2/media/ghs/fa212e4f-1a37-4775-8a7c-522bdbb65244/139acfda-36e8-4b74-86b0-ca5f659bca44_428203169.jpeg?h=225&w=225,
312146650,Tesco Fairisle Heart Plate 23Cm 10 Pack,https://www.tesco.com/groceries/en-GB/shop/home-and-ents/all?department=Christmas%20Decorations%20%26%20Home&viewAll=department&page=,£1.50,£0.15/each,,New,/groceries/en-GB/products/312146650,https://digitalcontent.api.tesco.com/v2/media/ghs/a77f468b-73bc-435f-baff-4dfa619c58f8/9f799dbb-a340-4d2c-886b-c9d00c7b4cb8_1760079899.jpeg?h=225&w=225,
312146598,Tesco Christmas Santa Rudy Plate 23Cm 10 Pack,https://www.tesco.com/groceries/en-GB/shop/home-and-ents/all?department=Christmas%20Decorations%20%26%20Home&viewAll=department&page=,£1.50,£0.15/each,,New,/groceries/en-GB/products/312146598,https://digitalcontent.api.tesco.com/v2/media/ghs/57256132-44d4-4b06-825d-908c97a93a15/d7ea0502-5102-47dd-8835-84250c25f4ca_1505608359.jpeg?h=225&w=225,
312146644,Tesco Flitter Reindeer Plate 23Cm 10 Pack,https://www.tesco.com/groceries/en-GB/shop/home-and-ents/all?department=Christmas%20Decorations%20%26%20Home&viewAll=department&page=,£1.50,£0.15/each,,New,/groceries/en-GB/products/312146644,https://digitalcontent.api.tesco.com/v2/media/ghs/51751e70-1171-4033-bc7a-e220077c2c4a/30a9d509-e781-410d-8008-2d4cbb06b0cb_787695122.jpeg?h=225&w=225,
257391879,Tesco Napkins White 30Cm 1Ply 100 Pack,https://www.tesco.com/groceries/en-GB/shop/home-and-ents/all?department=Christmas%20Decorations%20%26%20Home&viewAll=department&page=,£1.00,£0.01/each,,,/groceries/en-GB/products/257391879,https://digitalcontent.api.tesco.com/v2/media/ghs/9497634d-bd03-47b6-aa30-f1ef3e37b423/fcc1770f-4798-47eb-8b57-2bf89ce486ed_1872178096.jpeg?h=225&w=225,
259396030,Tesco Paper Plates White 23Cm 50 Pack,https://www.tesco.com/groceries/en-GB/shop/home-and-ents/all?department=Christmas%20Decorations%20%26%20Home&viewAll=department&page=,£1.25,£0.02/each,,,/groceries/en-GB/products/259396030,https://digitalcontent.api.tesco.com/v2/media/ghs/7e9daa0e-5a0f-47df-a003-5d4f2c44247a/16efa063-a11f-4613-8d93-921da7b4d35e_576365341.jpeg?h=225&w=225,
308386676,Jena Wooden Cocktail Sticks 300 Pack,https://www.tesco.com/groceries/en-GB/shop/home-and-ents/all?department=Christmas%20Decorations%20%26%20Home&viewAll=department&page=,£0.60,£0.00/each,,,/groceries/en-GB/products/308386676,https://digitalcontent.api.tesco.com/v2/media/ghs/94cc7dcf-6029-47b8-bf79-5b0fcbb21ac9/02b3f007-b102-409b-b01f-afdcfde06d2a_665636843.jpeg?h=225&w=225,
311826348,Tesco Luxury Silver Crackers 6 Pack,https://www.tesco.com/groceries/en-GB/shop/home-and-ents/all?department=Christmas%20Decorations%20%26%20Home&viewAll=department&page=,£10.00,£1.67/each,,New,/groceries/en-GB/products/311826348,https://digitalcontent.api.tesco.com/v2/media/ghs/5881736f-e7e5-4596-8bae-6cc791f6522c/f76fdf04-de69-4a23-851f-59a9faec7336_1027649487.jpeg?h=225&w=225,
311721506,Tesco Luxury Gold Reindeer Crackers 6 Pack,https://www.tesco.com/groceries/en-GB/shop/home-and-ents/all?department=Christmas%20Decorations%20%26%20Home&viewAll=department&page=,£10.00,£1.67/each,,New,/groceries/en-GB/products/311721506,https://digitalcontent.api.tesco.com/v2/media/ghs/40d16a41-54d4-4a53-93ad-c95737c0eeae/4a1f04b2-6fc3-4d49-b4a3-74ef30da576f_881854826.jpeg?h=225&w=225,
311721512,Tesco Luxury Merry Christmas Crackers 6 Pack,https://www.tesco.com/groceries/en-GB/shop/home-and-ents/all?department=Christmas%20Decorations%20%26%20Home&viewAll=department&page=,£10.00,£1.67/each,,New,/groceries/en-GB/products/311721512,https://digitalcontent.api.tesco.com/v2/media/ghs/7592272a-69ea-41be-9f5f-87a78b3c0b39/e773621a-a8af-4ceb-8bd8-d9239647eb46_394507979.jpeg?h=225&w=225,
312612732,Disney Christmas Crackers 12 Pack,https://www.tesco.com/groceries/en-GB/shop/home-and-ents/all?department=Christmas%20Decorations%20%26%20Home&viewAll=department&page=,£8.00,£0.67/each,,New,/groceries/en-GB/products/312612732,https://digitalcontent.api.tesco.com/v2/media/ghs/d6150c48-8588-453c-a1a2-e318d052e56e/782d959a-aea0-460a-8d4e-dcf0ca6e781d_608517358.jpeg?h=225&w=225,
311721570,Tesco Gonk Crackers 4 Pack,https://www.tesco.com/groceries/en-GB/shop/home-and-ents/all?department=Christmas%20Decorations%20%26%20Home&viewAll=department&page=,£6.00,£1.50/each,,New,/groceries/en-GB/products/311721570,https://digitalcontent.api.tesco.com/v2/media/ghs/8b555e10-1cd1-44a9-8e33-db174e99ade5/b7b8d5f6-7be6-4217-a9c3-99b4125e227f_981073625.jpeg?h=225&w=225,
311721564,Tesco Rudi Reindeer Crackers 6 Pack,https://www.tesco.com/groceries/en-GB/shop/home-and-ents/all?department=Christmas%20Decorations%20%26%20Home&viewAll=department&page=,£6.00,£1.00/each,,New,/groceries/en-GB/products/311721564,https://digitalcontent.api.tesco.com/v2/media/ghs/b6d34bed-ae70-4570-b7af-e94f75a0e0c6/3bb2a235-75c5-4a0d-8bd1-76e67899fdec_1240995081.jpeg?h=225&w=225,
294508526,Tesco White Table Cover 180X118cm,https://www.tesco.com/groceries/en-GB/shop/home-and-ents/all?department=Christmas%20Decorations%20%26%20Home&viewAll=department&page=,£2.75,£2.75/each,,,/groceries/en-GB/products/294508526,https://digitalcontent.api.tesco.com/v2/media/ghs/d714b28b-37e8-4aee-a9f6-609b08d5470d/373f59cd-1bc3-4dc9-a6f7-47cc9cac6193_1843218470.jpeg?h=225&w=225,
309141629,Tesco Cube Crackers 12 Pack Gold,https://www.tesco.com/groceries/en-GB/shop/home-and-ents/all?department=Christmas%20Decorations%20%26%20Home&viewAll=department&page=,£4.00,£0.33/each,,,/groceries/en-GB/products/309141629,https://digitalcontent.api.tesco.com/v2/media/ghs/dca3a46f-00be-474f-b4c7-b5398ec163d4/466aacbc-dc28-47bb-a5a1-4046a3b8bd21_51248076.jpeg?h=225&w=225,
311721541,Tesco Dinner Party Silver Crackers 8 Pack,https://www.tesco.com/groceries/en-GB/shop/home-and-ents/all?department=Christmas%20Decorations%20%26%20Home&viewAll=department&page=,£5.00,£0.62/each,,New,/groceries/en-GB/products/311721541,https://digitalcontent.api.tesco.com/v2/media/ghs/6d5b3515-9865-47cf-beb7-b9d31b786790/4a038ff7-2773-4265-9dce-0f1a30a54bc7_2122210716.jpeg?h=225&w=225,
310246742,Tesco Green Disney Winnie The Pooh Mug,https://www.tesco.com/groceries/en-GB/shop/home-and-ents/all?department=Christmas%20Decorations%20%26%20Home&viewAll=department&page=,£4.00,£4.00/each,,New,/groceries/en-GB/products/310246742,https://digitalcontent.api.tesco.com/v2/media/ghs/98eb58f4-e38c-4871-9831-7aa63ff36b23/029b1827-b3c0-4c06-ae19-61c4552303c5_1598014382.jpeg?h=225&w=225,
312025350,Tesco Multicoloured Baubles 12 Pack,https://www.tesco.com/groceries/en-GB/shop/home-and-ents/all?department=Christmas%20Decorations%20%26%20Home&viewAll=department&page=,£4.00,£0.33/each,,New,/groceries/en-GB/products/312025350,https://digitalcontent.api.tesco.com/v2/media/ghs/340d516a-308d-42b9-a449-e5b879d08c15/45f7ff29-bbcd-4f86-a7b5-ef769c7806fa_63749069.jpeg?h=225&w=225,
312146759,Silver Snowflake Table Cover 180Cm X 120Cm,https://www.tesco.com/groceries/en-GB/shop/home-and-ents/all?department=Christmas%20Decorations%20%26%20Home&viewAll=department&page=,£2.75,£2.75/each,,New,/groceries/en-GB/products/312146759,https://digitalcontent.api.tesco.com/v2/media/ghs/08fa82d8-6f65-43b2-8736-613f4ba8c02f/c371788c-598a-4712-acc8-31ef598c7f98_1729559400.jpeg?h=225&w=225,
311721535,Tesco Dinner Party Crackers Red 8Pk,https://www.tesco.com/groceries/en-GB/shop/home-and-ents/all?department=Christmas%20Decorations%20%26%20Home&viewAll=department&page=,£5.00,£0.62/each,,New,/groceries/en-GB/products/311721535,https://digitalcontent.api.tesco.com/v2/media/ghs/28d6d2b7-e1d0-446b-a83e-a7e45c96c882/66b151d5-13ce-40aa-9aa6-2d5f541dac8a_103773887.jpeg?h=225&w=225,
311521207,Tesco Disney Christmas Tea Towels 2 Pack,https://www.tesco.com/groceries/en-GB/shop/home-and-ents/all?department=Christmas%20Decorations%20%26%20Home&viewAll=department&page=,£4.00,£2.00/each,,New,/groceries/en-GB/products/311521207,https://digitalcontent.api.tesco.com/v2/media/ghs/113bd615-3a26-4d5d-bbcd-798175bbcbd9/76696a4b-5393-48f1-8e5f-dd2608c6b392_1763319522.jpeg?h=225&w=225,
312146707,Christmas Pudding Table Cover 180 X 120Cm,https://www.tesco.com/groceries/en-GB/shop/home-and-ents/all?department=Christmas%20Decorations%20%26%20Home&viewAll=department&page=,£2.75,£2.75/each,,New,/groceries/en-GB/products/312146707,https://digitalcontent.api.tesco.com/v2/media/ghs/5542968a-8a08-4925-ba32-69531ed81aea/84284ac0-e33b-45b3-9439-d11b020537e1_938474453.jpeg?h=225&w=225,
311721558,Tesco Dinner Party Kraft Snowflake Crackers 8 Pack,https://www.tesco.com/groceries/en-GB/shop/home-and-ents/all?department=Christmas%20Decorations%20%26%20Home&viewAll=department&page=,£5.00,£0.62/each,,New,/groceries/en-GB/products/311721558,https://digitalcontent.api.tesco.com/v2/media/ghs/ed845fd2-3d23-4c43-a8be-784a2fe5e024/7b6ff761-ecd2-4a46-b67c-a9ba786600d0_1568188821.jpeg?h=225&w=225,
312146742,Santa Table Cover 180 X 120Cm,https://www.tesco.com/groceries/en-GB/shop/home-and-ents/all?department=Christmas%20Decorations%20%26%20Home&viewAll=department&page=,£2.75,£2.75/each,,New,/groceries/en-GB/products/312146742,https://digitalcontent.api.tesco.com/v2/media/ghs/60a27a33-fd07-4ed0-8780-3aed4e50e022/dcb585c2-f482-4d1e-813a-c093b4ee5235_113713298.jpeg?h=225&w=225,
312146765,Flitter Reindeer Table Cover 180 X 120Cm,https://www.tesco.com/groceries/en-GB/shop/home-and-ents/all?department=Christmas%20Decorations%20%26%20Home&viewAll=department&page=,£2.75,£2.75/each,,New,/groceries/en-GB/products/312146765,https://digitalcontent.api.tesco.com/v2/media/ghs/b0079233-e1ef-44ba-aa21-6acf4cece915/9dab15f2-66f4-4bf4-be2d-e7beb3db86c6_2034928449.jpeg?h=225&w=225,
309988849,Eco Wooden Mixed Cutlery 18 Pack,https://www.tesco.com/groceries/en-GB/shop/home-and-ents/all?department=Christmas%20Decorations%20%26%20Home&viewAll=department&page=,£2.00,£0.11/each,,,/groceries/en-GB/products/309988849,https://digitalcontent.api.tesco.com/v2/media/ghs/95af7447-2d89-4a29-8adc-fa72b4526371/f30cfda0-486b-4746-b1d8-74ba5eedb434_961408015.jpeg?h=225&w=225,
309066731,Tesco 6 Pack Candy Cane Hanging Decorations,https://www.tesco.com/groceries/en-GB/shop/home-and-ents/all?department=Christmas%20Decorations%20%26%20Home&viewAll=department&page=,£2.00,£0.33/each,,,/groceries/en-GB/products/309066731,https://digitalcontent.api.tesco.com/v2/media/ghs/a285817b-4808-432a-b76b-473b5a9e206f/64ee63aa-76f3-4b45-937e-59f50be77aa3_1584345368.jpeg?h=225&w=225,
312146794,Celebrate Table Cover 180 X 120Cm,https://www.tesco.com/groceries/en-GB/shop/home-and-ents/all?department=Christmas%20Decorations%20%26%20Home&viewAll=department&page=,£2.75,£2.75/each,,New,/groceries/en-GB/products/312146794,https://digitalcontent.api.tesco.com/v2/media/ghs/ab109116-73db-4864-9aa0-e2450a1e2aaa/be2d143d-4a9f-4135-a2c3-d8f22134348b_1940600345.jpeg?h=225&w=225,
312146713,Christmas Santa Rudy Table Cover 180 X 120Cm,https://www.tesco.com/groceries/en-GB/shop/home-and-ents/all?department=Christmas%20Decorations%20%26%20Home&viewAll=department&page=,£2.75,£2.75/each,,New,/groceries/en-GB/products/312146713,https://digitalcontent.api.tesco.com/v2/media/ghs/93167576-e2ef-417a-a0be-09013317bab6/1898f5af-cabd-4568-875e-d147447aecd3_2013011743.jpeg?h=225&w=225,
312146727,12 Days Of Christmas Table Cover 180 X 120 Cm,https://www.tesco.com/groceries/en-GB/shop/home-and-ents/all?department=Christmas%20Decorations%20%26%20Home&viewAll=department&page=,£2.75,£2.75/each,,New,/groceries/en-GB/products/312146727,https://digitalcontent.api.tesco.com/v2/media/ghs/7c2922a5-1166-400b-a198-c0b8d25ee57e/b8f8d0e8-3c90-4c94-896e-3f3a00aed1d0_216156110.jpeg?h=225&w=225,
312146771,Fairisle Heart Table Cover 180 X 120Cm,https://www.tesco.com/groceries/en-GB/shop/home-and-ents/all?department=Christmas%20Decorations%20%26%20Home&viewAll=department&page=,£2.75,£2.75/each,,New,/groceries/en-GB/products/312146771,https://digitalcontent.api.tesco.com/v2/media/ghs/4bc710b5-3f78-409a-9e12-8dc6f8f5c782/bf61ce43-ad04-4f9f-b65d-603bec1fb2b9_1402619053.jpeg?h=225&w=225,
312146736,Woodland Table Cover 180 X 120Cm,https://www.tesco.com/groceries/en-GB/shop/home-and-ents/all?department=Christmas%20Decorations%20%26%20Home&viewAll=department&page=,£2.75,£2.75/each,,New,/groceries/en-GB/products/312146736,https://digitalcontent.api.tesco.com/v2/media/ghs/68c39597-9510-49c0-8958-92195abcbd6c/8121694c-7aec-4d69-abce-8f03f3be7799_1733549919.jpeg?h=225&w=225,
312146788,Constellation Star Table Cover 180 X 120Cm,https://www.tesco.com/groceries/en-GB/shop/home-and-ents/all?department=Christmas%20Decorations%20%26%20Home&viewAll=department&page=,£2.75,£2.75/each,,New,/groceries/en-GB/products/312146788,https://digitalcontent.api.tesco.com/v2/media/ghs/0910874a-d006-40a5-bdfd-5b1e3c1979c9/b6ece1ff-e38b-4378-8ce0-654c2c1356df_299374184.jpeg?h=225&w=225,
296700773,Naughty Elf,https://www.tesco.com/groceries/en-GB/shop/home-and-ents/all?department=Christmas%20Decorations%20%26%20Home&viewAll=department&page=,£3.00,£3.00/each,,,/groceries/en-GB/products/296700773,https://digitalcontent.api.tesco.com/v2/media/ghs/d93f9522-16ad-451b-b69e-50622601f066/69df36d2-bc28-4574-a268-6b79a1116d18_1316161908.jpeg?h=225&w=225,
263637190,Tesco Napkins White 40Cm 2Ply 50 Pack,https://www.tesco.com/groceries/en-GB/shop/home-and-ents/all?department=Christmas%20Decorations%20%26%20Home&viewAll=department&page=,£2.00,£0.04/each,,,/groceries/en-GB/products/263637190,https://digitalcontent.api.tesco.com/v2/media/ghs/a5062be1-74c9-467c-b2f8-50ac46bba599/a5cbb065-2fd2-4633-8806-91743f3a3358_608862837.jpeg?h=225&w=225,
304584989,Naughty Elf Sleeping Bag,https://www.tesco.com/groceries/en-GB/shop/home-and-ents/all?department=Christmas%20Decorations%20%26%20Home&viewAll=department&page=,£2.00,£2.00/each,,New,/groceries/en-GB/products/304584989,https://digitalcontent.api.tesco.com/v2/media/ghs/ab52d630-91a8-4de7-ba0d-9a996f5d8842/7fe2260f-4a01-485e-bac4-912a59e9a85b_1061167553.jpeg?h=225&w=225,
311825277,Tesco Candy Cane Glass Mug,https://www.tesco.com/groceries/en-GB/shop/home-and-ents/all?department=Christmas%20Decorations%20%26%20Home&viewAll=department&page=,£2.50,£2.50/each,,New,/groceries/en-GB/products/311825277,https://digitalcontent.api.tesco.com/v2/media/ghs/1d175798-b9e5-4d3d-a8cc-ca36e7d591fc/d3597e6b-c53a-4454-a6c6-3aaf62ac2f84_1702636549.jpeg?h=225&w=225,
311825317,Tesco Robin Glass Latte,https://www.tesco.com/groceries/en-GB/shop/home-and-ents/all?department=Christmas%20Decorations%20%26%20Home&viewAll=department&page=,£2.00,£2.00/each,,,/groceries/en-GB/products/311825317,https://digitalcontent.api.tesco.com/v2/media/ghs/c1e0279a-04d2-44f2-828f-b4ac54506041/04eed40e-2467-494a-a643-9d3902779f86_340095864.jpeg?h=225&w=225,
311961734,Tesco Gonk Melamine Small Bowl,https://www.tesco.com/groceries/en-GB/shop/home-and-ents/all?department=Christmas%20Decorations%20%26%20Home&viewAll=department&page=,£2.00,£2.00/each,,New,/groceries/en-GB/products/311961734,https://digitalcontent.api.tesco.com/v2/media/ghs/09b15b14-29b7-4ac3-ac5c-36417dcfd80a/95ae8995-2e6e-45a8-91b6-f5b2c1188a11_768702497.jpeg?h=225&w=225,
312024938,Tesco Robin And Red Berry Pick Assortment,https://www.tesco.com/groceries/en-GB/shop/home-and-ents/all?department=Christmas%20Decorations%20%26%20Home&viewAll=department&page=,£2.00,£2.00/each,,New,/groceries/en-GB/products/312024938,https://digitalcontent.api.tesco.com/v2/media/ghs/d8f2b74a-739f-4bac-832e-201fb939cdf1/96780060-bbd1-4375-a438-8c14b8420c62_2053363116.jpeg?h=225&w=225,
312026308,Tesco Rainbow Honeycomb Tree Decoration,https://www.tesco.com/groceries/en-GB/shop/home-and-ents/all?department=Christmas%20Decorations%20%26%20Home&viewAll=department&page=,£2.00,£2.00/each,,New,/groceries/en-GB/products/312026308,https://digitalcontent.api.tesco.com/v2/media/ghs/c48c1d9e-9335-4784-b1f7-917771605cb5/1e8f74ca-520f-40a9-bd8b-09eca57516d4_1846785333.jpeg?h=225&w=225,
312146903,Tesco Woodland Napkin 3Ply 20 Pack,https://www.tesco.com/groceries/en-GB/shop/home-and-ents/all?department=Christmas%20Decorations%20%26%20Home&viewAll=department&page=,£1.50,£0.08/each,,,/groceries/en-GB/products/312146903,https://digitalcontent.api.tesco.com/v2/media/ghs/4a67f447-fd25-4c9a-a4cf-28a2b31c1bfc/9107ab8b-8576-4a96-8c3b-c9a0c1b0c216_1642619785.jpeg?h=225&w=225,
312146863,Tesco Christmas Tree Napkin 3Ply 20 Pack,https://www.tesco.com/groceries/en-GB/shop/home-and-ents/all?department=Christmas%20Decorations%20%26%20Home&viewAll=department&page=,£1.50,£0.08/each,,,/groceries/en-GB/products/312146863,https://digitalcontent.api.tesco.com/v2/media/ghs/671c61b1-c30a-44b2-96b3-09fefd6a5b4b/7ade7f2c-7aa5-4351-b26c-0b0d035fbcd5_1546538514.jpeg?h=225&w=225,
311313903,Decorata Party Red Papers 10 Pack,https://www.tesco.com/groceries/en-GB/shop/home-and-ents/all?department=Christmas%20Decorations%20%26%20Home&viewAll=department&page=,£1.50,£0.15/each,Any 5 for 4 Clubcard Price - Cheapest Product Free - Selected Tesco Party ,,/groceries/en-GB/products/311313903,https://digitalcontent.api.tesco.com/v2/media/ghs/f622611e-8af0-4152-98ea-b621fe482025/7c605abe-430e-48a2-87ab-a8bb650832dc_380939401.jpeg?h=225&w=225,
311711449,Tesco Charger Plate Bordeaux,https://www.tesco.com/groceries/en-GB/shop/home-and-ents/all?department=Christmas%20Decorations%20%26%20Home&viewAll=department&page=,£1.75,£1.75/each,,New,/groceries/en-GB/products/311711449,https://digitalcontent.api.tesco.com/v2/media/ghs/e38302d6-3b6e-4fe2-9636-5e959ced030e/5ff720c5-b4cc-4140-9504-e044d64d300d_99399869.jpeg?h=225&w=225,
292167534,Tesco Charger Silver,https://www.tesco.com/groceries/en-GB/shop/home-and-ents/all?department=Christmas%20Decorations%20%26%20Home&viewAll=department&page=,£1.75,£1.75/each,,New,/groceries/en-GB/products/292167534,https://digitalcontent.api.tesco.com/v2/media/ghs/e4751f95-2b0b-41f8-94cd-c14738e033a8/snapshotimagehandler_366070408.jpeg?h=225&w=225,
284601396,Tesco Paper Plates Paper Plates,https://www.tesco.com/groceries/en-GB/shop/home-and-ents/all?department=Christmas%20Decorations%20%26%20Home&viewAll=department&page=,£1.00,£0.04/each,,,/groceries/en-GB/products/284601396,https://digitalcontent.api.tesco.com/v2/media/ghs/37adb7b3-563d-443d-80f5-aaa6246937bf/04f8a5e9-ac66-424e-be34-a1c104a790ab_1024877644.jpeg?h=225&w=225,
312146673,Tesco Celebrate Plate 23Cm 10 Pack,https://www.tesco.com/groceries/en-GB/shop/home-and-ents/all?department=Christmas%20Decorations%20%26%20Home&viewAll=department&page=,£1.50,£0.15/each,,New,/groceries/en-GB/products/312146673,https://digitalcontent.api.tesco.com/v2/media/ghs/34de6d37-6573-4823-b31d-55e2a5f544cf/b748be3b-91a0-4eff-aa65-9a741ca14ec3_817223080.jpeg?h=225&w=225,
312268047,Tesco Green Tree Christmas Napkin 2Ply 50 Pack,https://www.tesco.com/groceries/en-GB/shop/home-and-ents/all?department=Christmas%20Decorations%20%26%20Home&viewAll=department&page=,£1.75,£0.04/each,,New,/groceries/en-GB/products/312268047,https://digitalcontent.api.tesco.com/v2/media/ghs/8061686f-57fc-4b26-a185-2ebba6e13b12/7eb4e36e-77f3-469d-bff8-63967ffe0d6c_1090828933.jpeg?h=225&w=225,
309065719,Tesco Green Eucalyptus Pick,https://www.tesco.com/groceries/en-GB/shop/home-and-ents/all?department=Christmas%20Decorations%20%26%20Home&viewAll=department&page=,£1.50,£1.50/each,,,/groceries/en-GB/products/309065719,https://digitalcontent.api.tesco.com/v2/media/ghs/23e8373c-66c8-4196-bdf6-a03186ed53c2/0373e069-3af8-472d-a323-a8b5db30338d_1686119100.jpeg?h=225&w=225,
309222057,Tesco Kraft Paper Plates 23Cm 25Pk,https://www.tesco.com/groceries/en-GB/shop/home-and-ents/all?department=Christmas%20Decorations%20%26%20Home&viewAll=department&page=,£1.00,£0.04/each,,,/groceries/en-GB/products/309222057,https://digitalcontent.api.tesco.com/v2/media/ghs/3f930938-da49-42b8-964f-fbc347bc721a/756d3db1-bb63-40ae-a89c-720d68233cf7_322322643.jpeg?h=225&w=225,
309065346,Tesco Silver Snowflake 2 Pack Hanging Decorations,https://www.tesco.com/groceries/en-GB/shop/home-and-ents/all?department=Christmas%20Decorations%20%26%20Home&viewAll=department&page=,£0.50,£0.25/each,,,/groceries/en-GB/products/309065346,https://digitalcontent.api.tesco.com/v2/media/ghs/c88a4f0d-7314-447d-b27d-d93da2e51729/b43ccca9-23d6-4060-97e1-951e48a77cdf_1943155954.jpeg?h=225&w=225,
312213473,Disney Mickey Present Sack,https://www.tesco.com/groceries/en-GB/shop/home-and-ents/all?department=Christmas%20Decorations%20%26%20Home&viewAll=department&page=,£10.00,£10.00/each,,New,/groceries/en-GB/products/312213473,https://digitalcontent.api.tesco.com/v2/media/ghs/03b243a3-46d9-4f3e-a8d6-1e148cff2406/fc287a78-2560-428f-9aae-1e9dfcce6cad_846506622.jpeg?h=225&w=225,
311961757,Tesco Gonk Melamine Chip & Dip Platter,https://www.tesco.com/groceries/en-GB/shop/home-and-ents/all?department=Christmas%20Decorations%20%26%20Home&viewAll=department&page=,£7.50,£7.50/each,,New,/groceries/en-GB/products/311961757,https://digitalcontent.api.tesco.com/v2/media/ghs/78dc8d81-8090-4bf1-80d5-763949520b23/a080d183-69bf-4b4c-abe2-12c712e27013_1151978687.jpeg?h=225&w=225,
309066760,Tesco 60cm Snow And Berry Tree,https://www.tesco.com/groceries/en-GB/shop/home-and-ents/all?department=Christmas%20Decorations%20%26%20Home&viewAll=department&page=,£6.00,£6.00/each,,New,/groceries/en-GB/products/309066760,https://digitalcontent.api.tesco.com/v2/media/ghs/8afb1ada-950f-4fab-a1b7-87a991d0b62a/c7601eee-2ada-4444-bb80-175684418250_1049036323.jpeg?h=225&w=225,
312025367,Tesco Multicoloured Diamond Hanging Decorations 8Pk,https://www.tesco.com/groceries/en-GB/shop/home-and-ents/all?department=Christmas%20Decorations%20%26%20Home&viewAll=department&page=,£5.00,£0.62/each,,New,/groceries/en-GB/products/312025367,https://digitalcontent.api.tesco.com/v2/media/ghs/5ff090a8-98d4-4470-b8b7-539068a6495c/5d010908-7408-4fb5-84d2-3882552ebd12_649143924.jpeg?h=225&w=225,
312025062,Tesco Gold Fan Decorations 9Pk,https://www.tesco.com/groceries/en-GB/shop/home-and-ents/all?department=Christmas%20Decorations%20%26%20Home&viewAll=department&page=,£5.00,£0.56/each,,New,/groceries/en-GB/products/312025062,https://digitalcontent.api.tesco.com/v2/media/ghs/4525084a-df0c-44e5-8624-106ac6433aa9/09611f9e-cbfe-4394-85e9-a9802a9b3ee5_1536742924.jpeg?h=225&w=225,
312024783,Tesco Silver Fan Decorations 9Pk,https://www.tesco.com/groceries/en-GB/shop/home-and-ents/all?department=Christmas%20Decorations%20%26%20Home&viewAll=department&page=,£5.00,£0.56/each,,New,/groceries/en-GB/products/312024783,https://digitalcontent.api.tesco.com/v2/media/ghs/9734273c-2b0c-4ae1-83fe-7a194151011d/16846afc-7ec2-4617-9d20-4ffcda5e4958_1814921498.jpeg?h=225&w=225,
309067217,Tesco Cream Knit / Faux Fur Stocking,https://www.tesco.com/groceries/en-GB/shop/home-and-ents/all?department=Christmas%20Decorations%20%26%20Home&viewAll=department&page=,£6.00,£6.00/each,,,/groceries/en-GB/products/309067217,https://digitalcontent.api.tesco.com/v2/media/ghs/8fa32604-cd48-4432-a3aa-93027677ab36/880bef77-158c-4085-a299-1294b33dd7bd_1823471526.jpeg?h=225&w=225,
311941689,Christmas Time Wooden Crate,https://www.tesco.com/groceries/en-GB/shop/home-and-ents/all?department=Christmas%20Decorations%20%26%20Home&viewAll=department&page=,£6.00,£6.00/each,,New,/groceries/en-GB/products/311941689,https://digitalcontent.api.tesco.com/v2/media/ghs/d2e23bbd-00c3-4ab3-84ae-c4944bb157a3/5e0b5a5e-12b3-4b15-9a0b-2b2afc482859_515400100.jpeg?h=225&w=225,
311825286,Tesco Gonk 3D Mug,https://www.tesco.com/groceries/en-GB/shop/home-and-ents/all?department=Christmas%20Decorations%20%26%20Home&viewAll=department&page=,£4.50,£4.50/each,,New,/groceries/en-GB/products/311825286,https://digitalcontent.api.tesco.com/v2/media/ghs/d762b408-81a7-4706-90d6-ff1944ffc7da/4679a292-9d19-485c-8de9-83f4f0cce0cc_1801832043.jpeg?h=225&w=225,
306528242,Tesco Reindeer 3D Mug,https://www.tesco.com/groceries/en-GB/shop/home-and-ents/all?department=Christmas%20Decorations%20%26%20Home&viewAll=department&page=,£4.50,£4.50/each,,New,/groceries/en-GB/products/306528242,https://digitalcontent.api.tesco.com/v2/media/ghs/8a19a72e-9678-48b8-b65c-11f41337d0e6/snapshotimagehandler_2051882634.jpeg?h=225&w=225,
312107645,Disney Mickey Wire Bauble,https://www.tesco.com/groceries/en-GB/shop/home-and-ents/all?department=Christmas%20Decorations%20%26%20Home&viewAll=department&page=,£4.50,£4.50/each,,New,/groceries/en-GB/products/312107645,https://digitalcontent.api.tesco.com/v2/media/ghs/993226e5-63e3-466d-8885-5f8e3150b756/5e16db4e-241d-48a7-b08f-66931e18b742_362998034.jpeg?h=225&w=225,
309067298,Tesco Woollen Robin Hanging Decoration,https://www.tesco.com/groceries/en-GB/shop/home-and-ents/all?department=Christmas%20Decorations%20%26%20Home&viewAll=department&page=,£3.75,£3.75/each,,New,/groceries/en-GB/products/309067298,https://digitalcontent.api.tesco.com/v2/media/ghs/f2b19c0b-c4ec-4d6a-9f78-a7f071556710/4e609aa0-e2d7-4d66-a8ee-85b5721160ff_489442384.jpeg?h=225&w=225,
312026268,Tesco Woollen White Dog Hanging Decorations,https://www.tesco.com/groceries/en-GB/shop/home-and-ents/all?department=Christmas%20Decorations%20%26%20Home&viewAll=department&page=,£3.75,£3.75/each,,New,/groceries/en-GB/products/312026268,https://digitalcontent.api.tesco.com/v2/media/ghs/344ce30a-b5d2-46af-8be8-a596d785674d/62375713-57c9-45d7-ad20-534dbddf313b_1041741005.jpeg?h=225&w=225,
312026251,Tesco Woollen Brown Dog Hanging Decorations,https://www.tesco.com/groceries/en-GB/shop/home-and-ents/all?department=Christmas%20Decorations%20%26%20Home&viewAll=department&page=,£3.75,£3.75/each,,New,/groceries/en-GB/products/312026251,https://digitalcontent.api.tesco.com/v2/media/ghs/1eaae48b-b77b-4f2b-9608-d8b28aa6723d/bb918d6f-5186-40d5-a8ea-eb43166ac923_674061852.jpeg?h=225&w=225,
309067085,Tesco Woollen Ball Reindeer Hanging Decoration,https://www.tesco.com/groceries/en-GB/shop/home-and-ents/all?department=Christmas%20Decorations%20%26%20Home&viewAll=department&page=,£3.75,£3.75/each,,New,/groceries/en-GB/products/309067085,https://digitalcontent.api.tesco.com/v2/media/ghs/74925faa-6bb8-49be-9514-c59f7ccf8d5e/d7651d01-5103-45a7-830a-738fd327ed27_327022917.jpeg?h=225&w=225,
312025387,Tesco Red Glass Hanging Onion,https://www.tesco.com/groceries/en-GB/shop/home-and-ents/all?department=Christmas%20Decorations%20%26%20Home&viewAll=department&page=,£3.75,£3.75/each,,New,/groceries/en-GB/products/312025387,https://digitalcontent.api.tesco.com/v2/media/ghs/eb78618b-22ee-450c-b70e-af27c522714b/409572e7-e523-4c52-b085-8c6dbcea3081_600038382.jpeg?h=225&w=225,
312024852,Tesco Penguin Blue Scarf Hanging Decoration,https://www.tesco.com/groceries/en-GB/shop/home-and-ents/all?department=Christmas%20Decorations%20%26%20Home&viewAll=department&page=,£3.75,£3.75/each,,New,/groceries/en-GB/products/312024852,https://digitalcontent.api.tesco.com/v2/media/ghs/aa7d00ec-0293-491e-8efe-448c73a6eae5/f037456a-7d22-4958-9414-b26255917373_344017525.jpeg?h=225&w=225,
309110593,Fox & Ivy Highland Dinner Plate,https://www.tesco.com/groceries/en-GB/shop/home-and-ents/all?department=Christmas%20Decorations%20%26%20Home&viewAll=department&page=,£4.00,£4.00/each,£3.00 Clubcard Price,,/groceries/en-GB/products/309110593,https://digitalcontent.api.tesco.com/v2/media/ghs/15035cc9-1001-401b-9003-31068fb9eae7/0156b22b-0c8a-4225-949a-02c055d42f35_1172269338.jpeg?h=225&w=225,
312082632,Disney Candy Cane Hanging Decoration,https://www.tesco.com/groceries/en-GB/shop/home-and-ents/all?department=Christmas%20Decorations%20%26%20Home&viewAll=department&page=,£3.50,£3.50/each,,New,/groceries/en-GB/products/312082632,https://digitalcontent.api.tesco.com/v2/media/ghs/a28b7fcb-60c8-4817-85ad-c097a26e93ed/264fb329-69cd-499d-a151-bbf6c48887bd_204279193.jpeg?h=225&w=225,
312025407,Tesco Tartan Wire Star Hanging Decoration,https://www.tesco.com/groceries/en-GB/shop/home-and-ents/all?department=Christmas%20Decorations%20%26%20Home&viewAll=department&page=,£2.75,£2.75/each,,New,/groceries/en-GB/products/312025407,https://digitalcontent.api.tesco.com/v2/media/ghs/a7634dd8-865e-4010-9019-2b3ab2f1ec6d/a360cb19-3a80-4934-b297-94e2c4e9ccb4_232149172.jpeg?h=225&w=225,
312025177,Tesco Fluffy Acorns Hanging Decoration,https://www.tesco.com/groceries/en-GB/shop/home-and-ents/all?department=Christmas%20Decorations%20%26%20Home&viewAll=department&page=,£2.75,£2.75/each,,New,/groceries/en-GB/products/312025177,https://digitalcontent.api.tesco.com/v2/media/ghs/9b8b4f64-346a-4e5f-ba8a-ab304223e14c/f1f2f7ab-ba94-4413-92e8-92719f617f13_514564556.jpeg?h=225&w=225,
312026343,Tesco Wooden Tree Hanging Decoration,https://www.tesco.com/groceries/en-GB/shop/home-and-ents/all?department=Christmas%20Decorations%20%26%20Home&viewAll=department&page=,£2.75,£2.75/each,,New,/groceries/en-GB/products/312026343,https://digitalcontent.api.tesco.com/v2/media/ghs/73a94f04-afeb-492c-a1a5-361134f3d314/70dca227-94c7-4ebb-b9fa-68af0c65c13d_554651923.jpeg?h=225&w=225,
312025119,Tesco Fluffy Reindeer Hanging Decoration,https://www.tesco.com/groceries/en-GB/shop/home-and-ents/all?department=Christmas%20Decorations%20%26%20Home&viewAll=department&page=,£2.75,£2.75/each,,New,/groceries/en-GB/products/312025119,https://digitalcontent.api.tesco.com/v2/media/ghs/31f2184d-fadd-469f-9267-2d73dc09abc2/084f3794-9d13-422c-9709-9444f66c6d7e_122356267.jpeg?h=225&w=225,
312024944,Tesco Jute Heart & Star Hanging Decoration Assorted,https://www.tesco.com/groceries/en-GB/shop/home-and-ents/all?department=Christmas%20Decorations%20%26%20Home&viewAll=department&page=,£2.75,£2.75/each,,,/groceries/en-GB/products/312024944,https://digitalcontent.api.tesco.com/v2/media/ghs/0b0e40f2-cb3d-4386-9633-0519eb4bb240/e4905eed-06cc-4595-a7ac-4aae72704d76_639667028.jpeg?h=225&w=225,
312024973,Tesco Stag Head Hanging Decoration,https://www.tesco.com/groceries/en-GB/shop/home-and-ents/all?department=Christmas%20Decorations%20%26%20Home&viewAll=department&page=,£2.75,£2.75/each,,New,/groceries/en-GB/products/312024973,https://digitalcontent.api.tesco.com/v2/media/ghs/51776114-d7a6-4a57-975f-ce6720dcfd7f/d7b405b0-1f02-4793-b2ec-33b7ed3e9867_882109716.jpeg?h=225&w=225,
311673401,Christmas Workshop Wooden Star Hanging Decoration,https://www.tesco.com/groceries/en-GB/shop/home-and-ents/all?department=Christmas%20Decorations%20%26%20Home&viewAll=department&page=,£2.75,£2.75/each,,New,/groceries/en-GB/products/311673401,https://digitalcontent.api.tesco.com/v2/media/ghs/8aa5eea9-3d0d-4646-8f39-a4f71e117b41/00d7e345-012e-42d6-93f4-f30ae3cdc783_946774336.jpeg?h=225&w=225,
312025160,Tesco Peace Heart Cushion Hanging Decorations,https://www.tesco.com/groceries/en-GB/shop/home-and-ents/all?department=Christmas%20Decorations%20%26%20Home&viewAll=department&page=,£2.75,£2.75/each,,,/groceries/en-GB/products/312025160,https://digitalcontent.api.tesco.com/v2/media/ghs/0e53d90f-d795-4f85-8485-c6fe4497b685/8597fd02-f7dc-407e-b32a-bb3f86a2f744_254281496.jpeg?h=225&w=225,
312025315,Tesco Colourful Bristle Tree Room Decoration,https://www.tesco.com/groceries/en-GB/shop/home-and-ents/all?department=Christmas%20Decorations%20%26%20Home&viewAll=department&page=,£3.00,£3.00/each,,New,/groceries/en-GB/products/312025315,https://digitalcontent.api.tesco.com/v2/media/ghs/48ab0d93-25d0-4965-b7e9-3236e0a57441/34977a2c-269c-4f49-a21c-481f936ddc74_730710289.jpeg?h=225&w=225,
309065778,Tesco Frosty Mistletoe Hanging Decoration,https://www.tesco.com/groceries/en-GB/shop/home-and-ents/all?department=Christmas%20Decorations%20%26%20Home&viewAll=department&page=,£1.75,£1.75/each,,,/groceries/en-GB/products/309065778,https://digitalcontent.api.tesco.com/v2/media/ghs/e04437cc-aade-4dc7-9b86-70092137cb68/f694e601-3170-4f8d-9941-2d77a4a34c1d_603662484.jpeg?h=225&w=225,
309065939,Tesco Red Nutcracker Hanging Decoration,https://www.tesco.com/groceries/en-GB/shop/home-and-ents/all?department=Christmas%20Decorations%20%26%20Home&viewAll=department&page=,£1.75,£1.75/each,,,/groceries/en-GB/products/309065939,https://digitalcontent.api.tesco.com/v2/media/ghs/eebb363c-0e78-4be8-a948-7013d581895f/53dbd475-6ae7-4eb4-b5b8-1087f241908a_212196328.jpeg?h=225&w=225,
309065761,Tesco Silver Nutcracker Hanging Decoration,https://www.tesco.com/groceries/en-GB/shop/home-and-ents/all?department=Christmas%20Decorations%20%26%20Home&viewAll=department&page=,£1.75,£1.75/each,,,/groceries/en-GB/products/309065761,https://digitalcontent.api.tesco.com/v2/media/ghs/fc6182eb-c4e8-4648-9abc-e6bd019f2199/f95aeedb-bcd5-4b7e-a201-3ce0a399b964_208510423.jpeg?h=225&w=225,
309110921,Tesco Drinking Bauble Red,https://www.tesco.com/groceries/en-GB/shop/home-and-ents/all?department=Christmas%20Decorations%20%26%20Home&viewAll=department&page=,£2.50,£2.50/each,,,/groceries/en-GB/products/309110921,https://digitalcontent.api.tesco.com/v2/media/ghs/8877f621-4fd7-44b4-84c5-97adde2886cb/cf67d377-6f02-4e8a-b0d4-27189f4ebb80_567792424.jpeg?h=225&w=225,
309059170,"Tesco 20 Warm White Lights - Battery Powered, Suitable For Indoor Use",https://www.tesco.com/groceries/en-GB/shop/home-and-ents/all?department=Christmas%20Decorations%20%26%20Home&viewAll=department&page=,£2.25,£0.11/each,£1.50 Clubcard Price,,/groceries/en-GB/products/309059170,https://digitalcontent.api.tesco.com/v2/media/ghs/ee7d96a8-ffe2-4074-b78b-86be434ecf57/378bedc2-0c6b-4924-98ca-54817e0e7704_66900950.jpeg?h=225&w=225,
312026274,Tesco Honeycomb Ombre Decorations 3 Pack,https://www.tesco.com/groceries/en-GB/shop/home-and-ents/all?department=Christmas%20Decorations%20%26%20Home&viewAll=department&page=,£2.00,£0.67/each,,New,/groceries/en-GB/products/312026274,https://digitalcontent.api.tesco.com/v2/media/ghs/7654be0e-04f0-42a4-b786-5627c832369f/4a6e991a-3855-4378-8372-6c44cec437e9_1802881268.jpeg?h=225&w=225,
309066881,Tesco Felt Gingerbread Hanging Decoration,https://www.tesco.com/groceries/en-GB/shop/home-and-ents/all?department=Christmas%20Decorations%20%26%20Home&viewAll=department&page=,£1.75,£1.75/each,,,/groceries/en-GB/products/309066881,https://digitalcontent.api.tesco.com/v2/media/ghs/8c1ca426-d214-4986-938a-b74bf0206f5e/113a36a3-7f53-450f-acbc-495d6f64c985_738761274.jpeg?h=225&w=225,
311825326,Tesco Rudi Mug,https://www.tesco.com/groceries/en-GB/shop/home-and-ents/all?department=Christmas%20Decorations%20%26%20Home&viewAll=department&page=,£2.50,£2.50/each,,New,/groceries/en-GB/products/311825326,https://digitalcontent.api.tesco.com/v2/media/ghs/8c75cdfc-16df-412f-82d2-90563ba65045/ec8d1476-03c8-4738-a87b-d77dd3db4581_1736294213.jpeg?h=225&w=225,
312025027,Tesco Felt Stocking Hanging Decoration Assortment,https://www.tesco.com/groceries/en-GB/shop/home-and-ents/all?department=Christmas%20Decorations%20%26%20Home&viewAll=department&page=,£1.75,£1.75/each,,New,/groceries/en-GB/products/312025027,https://digitalcontent.api.tesco.com/v2/media/ghs/b83d6379-b358-4532-83d9-3238e576e91e/67da08f1-ec01-4da5-8d64-9282eba68725_2136960305.jpeg?h=225&w=225,
312025033,Tesco Pom Pom Pinecone Hanging Decoration,https://www.tesco.com/groceries/en-GB/shop/home-and-ents/all?department=Christmas%20Decorations%20%26%20Home&viewAll=department&page=,£1.75,£1.75/each,,New,/groceries/en-GB/products/312025033,https://digitalcontent.api.tesco.com/v2/media/ghs/07188ac5-3928-4eb4-9d3a-6105c2b0e1c4/7a4e4692-d445-492a-a703-b33b205ff678_751173796.jpeg?h=225&w=225,
312025183,Tesco Made With Love Hanging Decoration,https://www.tesco.com/groceries/en-GB/shop/home-and-ents/all?department=Christmas%20Decorations%20%26%20Home&viewAll=department&page=,£1.75,£1.75/each,,New,/groceries/en-GB/products/312025183,https://digitalcontent.api.tesco.com/v2/media/ghs/531f4025-5b79-48a3-a54f-d8b948208218/e529dc9f-f06c-450d-bbb4-e1e0f21c8eea_1463814704.jpeg?h=225&w=225,
312025197,Tesco White Wooden House Hanging Decorations,https://www.tesco.com/groceries/en-GB/shop/home-and-ents/all?department=Christmas%20Decorations%20%26%20Home&viewAll=department&page=,£1.75,£1.75/each,,New,/groceries/en-GB/products/312025197,https://digitalcontent.api.tesco.com/v2/media/ghs/cead662e-1eef-4cdf-a3cb-7f95c1cd0313/e2419b30-ba5e-4693-af08-9d5fd03f51a7_2120626116.jpeg?h=225&w=225,
312146978,Tesco Celebrate Napkin 33Cm 3Ply 20 Pack,https://www.tesco.com/groceries/en-GB/shop/home-and-ents/all?department=Christmas%20Decorations%20%26%20Home&viewAll=department&page=,£1.50,£0.08/each,,,/groceries/en-GB/products/312146978,https://digitalcontent.api.tesco.com/v2/media/ghs/57fa8c1c-64f3-4b8b-b4b9-b23ad25b9813/0e080983-483a-4fd9-8f24-327231aca50c_222126138.jpeg?h=225&w=225,
309141106,Tesco 3 Pack Honeycomb Snowmen Hanging Decorations,https://www.tesco.com/groceries/en-GB/shop/home-and-ents/all?department=Christmas%20Decorations%20%26%20Home&viewAll=department&page=,£1.50,£1.50/each,,New,/groceries/en-GB/products/309141106,https://digitalcontent.api.tesco.com/v2/media/ghs/e0706f86-cbf6-42f3-bdb7-d36b8e6168fc/0e963902-ac18-496d-9ffb-180fba27708d_1395383713.jpeg?h=225&w=225,
312024898,Tesco Humble Mini Baubles 20 Pack,https://www.tesco.com/groceries/en-GB/shop/home-and-ents/all?department=Christmas%20Decorations%20%26%20Home&viewAll=department&page=,£1.50,£0.08/each,,New,/groceries/en-GB/products/312024898,https://digitalcontent.api.tesco.com/v2/media/ghs/4af58d35-3d7a-46b7-90eb-ac4102d42a9a/36a1d2a5-d3a1-4a41-b57a-f1da14f589d6_80390578.jpeg?h=225&w=225,
312024909,Tesco Belonging Mini Baubles 20 Pack,https://www.tesco.com/groceries/en-GB/shop/home-and-ents/all?department=Christmas%20Decorations%20%26%20Home&viewAll=department&page=,£1.50,£0.08/each,,New,/groceries/en-GB/products/312024909,https://digitalcontent.api.tesco.com/v2/media/ghs/1297cfcd-91da-49d5-bc8b-a69c226111ad/e80f9865-7da9-4609-9510-6c599c85c18b_828363903.jpeg?h=225&w=225,
309067125,Tesco Gold Bead Chain Decoration- 5m,https://www.tesco.com/groceries/en-GB/shop/home-and-ents/all?department=Christmas%20Decorations%20%26%20Home&viewAll=department&page=,£1.00,£0.20/metre,,,/groceries/en-GB/products/309067125,https://digitalcontent.api.tesco.com/v2/media/ghs/6d93ce45-8064-4cf5-9e6c-cd4e84cffb4f/dd6cc78c-4425-4839-bef5-7a61e7ef9d11_170742240.jpeg?h=225&w=225,
309066754,Tesco Noel Hanging Decoration,https://www.tesco.com/groceries/en-GB/shop/home-and-ents/all?department=Christmas%20Decorations%20%26%20Home&viewAll=department&page=,£0.50,£0.50/each,,,/groceries/en-GB/products/309066754,https://digitalcontent.api.tesco.com/v2/media/ghs/1775efed-5a24-4b34-b16a-d6388ffad846/dec18936-41d1-43de-a66e-8ae29c42cbfa_179968422.jpeg?h=225&w=225,
309066823,"Tesco 7 Warm White Lights Candle Bridge - Battery Powered, Suitable For Indoor Use",https://www.tesco.com/groceries/en-GB/shop/home-and-ents/all?department=Christmas%20Decorations%20%26%20Home&viewAll=department&page=,£10.00,£1.43/each,,,/groceries/en-GB/products/309066823,https://digitalcontent.api.tesco.com/v2/media/ghs/88fadca3-2da4-4f83-a208-742bd69ee936/e174d83c-d702-4d91-998c-f60f5d4f2ec0_83054266.jpeg?h=225&w=225,
309067281,Tesco Traditional Garland 6ft / 1.8m,https://www.tesco.com/groceries/en-GB/shop/home-and-ents/all?department=Christmas%20Decorations%20%26%20Home&viewAll=department&page=,£10.00,£5.56/metre,,New,/groceries/en-GB/products/309067281,https://digitalcontent.api.tesco.com/v2/media/ghs/6233f7a5-e3e1-44f2-9e0c-771185f3691f/cad63f7c-110d-409e-828b-70f201088f80_102902029.jpeg?h=225&w=225,
312198490,Tesco Red Velour Cushion,https://www.tesco.com/groceries/en-GB/shop/home-and-ents/all?department=Christmas%20Decorations%20%26%20Home&viewAll=department&page=,£7.00,£7.00/each,,New,/groceries/en-GB/products/312198490,https://digitalcontent.api.tesco.com/v2/media/ghs/467a7bef-b0bc-4af4-a1b9-3629ee397da2/d6ffe7df-3b3e-4412-aac1-404ea1bc78ab_10680867.jpeg?h=225&w=225,
312025471,Tesco Supercharged Baubles 24 Pack,https://www.tesco.com/groceries/en-GB/shop/home-and-ents/all?department=Christmas%20Decorations%20%26%20Home&viewAll=department&page=,£6.00,£0.25/each,,New,/groceries/en-GB/products/312025471,https://digitalcontent.api.tesco.com/v2/media/ghs/d3fa4142-439c-4b74-9f11-3942d4a8ba09/79dad891-c6e1-47dd-934d-83024aee673b_257831891.jpeg?h=225&w=225,
311429801,Disney Mickey Wire Tree Topper,https://www.tesco.com/groceries/en-GB/shop/home-and-ents/all?department=Christmas%20Decorations%20%26%20Home&viewAll=department&page=,£6.00,£6.00/each,,New,/groceries/en-GB/products/311429801,https://digitalcontent.api.tesco.com/v2/media/ghs/a116d739-4ee6-43c6-9821-dafeb1bd531b/5e1d88bb-c291-43ea-bca6-76178f0ec6ca_259916189.jpeg?h=225&w=225,
309067049,Tesco White / Silver Asst. Paper Star Light Up Decorations,https://www.tesco.com/groceries/en-GB/shop/home-and-ents/all?department=Christmas%20Decorations%20%26%20Home&viewAll=department&page=,£6.00,£6.00/each,,,/groceries/en-GB/products/309067049,https://digitalcontent.api.tesco.com/v2/media/ghs/deb44971-54ab-4f57-9419-f342cafe417f/bc1f65ae-2a98-46d8-bea6-7079d7bf2cc2_1297166596.jpeg?h=225&w=225,
311798904,Disney Mickey Doormat,https://www.tesco.com/groceries/en-GB/shop/home-and-ents/all?department=Christmas%20Decorations%20%26%20Home&viewAll=department&page=,£8.00,£8.00/each,,New,/groceries/en-GB/products/311798904,https://digitalcontent.api.tesco.com/v2/media/ghs/3b6c39ab-95a0-435c-8eae-f8dabdbe13d4/20de8f98-46a2-4663-aa68-dd3751a3aaeb_304874698.jpeg?h=225&w=225,
311955696,Christmas Workshop Candy Cane Led String Lights,https://www.tesco.com/groceries/en-GB/shop/home-and-ents/all?department=Christmas%20Decorations%20%26%20Home&viewAll=department&page=,£6.00,£6.00/each,£4.00 Clubcard Price,,/groceries/en-GB/products/311955696,https://digitalcontent.api.tesco.com/v2/media/ghs/3c3cbe3c-4e54-4f23-abd0-05d71085bfb9/9f0bd80a-b65c-4d45-a4db-3c805160bba1_1074290654.jpeg?h=225&w=225,
312123896,Tesco Light Up Wire Star Room Decoration,https://www.tesco.com/groceries/en-GB/shop/home-and-ents/all?department=Christmas%20Decorations%20%26%20Home&viewAll=department&page=,£7.00,£7.00/each,,New,/groceries/en-GB/products/312123896,https://digitalcontent.api.tesco.com/v2/media/ghs/12776d4d-79cf-466a-aeb2-1d7679fd20fa/0d7d0723-3551-44ad-b5bd-bc6874fa0995_1076740053.jpeg?h=225&w=225,
311952532,Merry Christmas Light Up Jar Assorted,https://www.tesco.com/groceries/en-GB/shop/home-and-ents/all?department=Christmas%20Decorations%20%26%20Home&viewAll=department&page=,£6.00,£6.00/each,,New,/groceries/en-GB/products/311952532,https://digitalcontent.api.tesco.com/v2/media/ghs/1a8c932f-398f-4081-8457-524c1660021e/8e4d28ab-17f6-49b6-8510-9f0f41b06422_278468487.jpeg?h=225&w=225,
312024777,Tesco Merry Christmas Belonging Room Sign,https://www.tesco.com/groceries/en-GB/shop/home-and-ents/all?department=Christmas%20Decorations%20%26%20Home&viewAll=department&page=,£4.00,£4.00/each,,New,/groceries/en-GB/products/312024777,https://digitalcontent.api.tesco.com/v2/media/ghs/65e5aeb9-7422-4103-b5cb-0e91d3d212a6/ba2f5a87-a3e3-498e-bdfd-abf429723558_1646491978.jpeg?h=225&w=225,
309065824,Tesco Mini Hessian Stocking Hanging Decoration,https://www.tesco.com/groceries/en-GB/shop/home-and-ents/all?department=Christmas%20Decorations%20%26%20Home&viewAll=department&page=,£2.75,£2.75/each,,,/groceries/en-GB/products/309065824,https://digitalcontent.api.tesco.com/v2/media/ghs/1ec5ab42-69d1-459e-b078-c7b675639eb6/b87a217e-c796-4383-b0c6-a2b543a7d195_1351247147.jpeg?h=225&w=225,
309110604,Fox & Ivy Highland Pasta Bowl,https://www.tesco.com/groceries/en-GB/shop/home-and-ents/all?department=Christmas%20Decorations%20%26%20Home&viewAll=department&page=,£4.50,£4.50/each,£3.35 Clubcard Price,,/groceries/en-GB/products/309110604,https://digitalcontent.api.tesco.com/v2/media/ghs/fd42ecb0-75e6-4d84-ba0a-dc7377b67156/09ce1254-3a8e-409b-aeec-7c7165fb8a49_143843734.jpeg?h=225&w=225,
312024875,Tesco Joy Room Sign Humble,https://www.tesco.com/groceries/en-GB/shop/home-and-ents/all?department=Christmas%20Decorations%20%26%20Home&viewAll=department&page=,£3.50,£3.50/each,,New,/groceries/en-GB/products/312024875,https://digitalcontent.api.tesco.com/v2/media/ghs/07df843e-2783-4e23-8806-dcabf5303488/dbb48b3c-1d68-44b7-9427-8d33af9cdbbc_340558331.jpeg?h=225&w=225,
312317362,Amscan Tassel Tree Bunting 1.5M,https://www.tesco.com/groceries/en-GB/shop/home-and-ents/all?department=Christmas%20Decorations%20%26%20Home&viewAll=department&page=,£4.00,£2.67/metre,,New,/groceries/en-GB/products/312317362,https://digitalcontent.api.tesco.com/v2/media/ghs/190be961-ccdf-4b95-b185-fb4c340d5cd5/f474fde9-5ace-44c3-a842-4029cbbfe813_520557070.jpeg?h=225&w=225,
311798392,Christmas Workshop Merry & Bright Hanging Decoration,https://www.tesco.com/groceries/en-GB/shop/home-and-ents/all?department=Christmas%20Decorations%20%26%20Home&viewAll=department&page=,£4.00,£4.00/each,,New,/groceries/en-GB/products/311798392,https://digitalcontent.api.tesco.com/v2/media/ghs/ed823c7d-eeaf-4379-87d3-4f3446fe7303/80d9b581-7c2b-41f8-839f-ab18da36d948_1928273646.jpeg?h=225&w=225,
301974878,Christmas Animotsu Assortment,https://www.tesco.com/groceries/en-GB/shop/home-and-ents/all?department=Christmas%20Decorations%20%26%20Home&viewAll=department&page=,£4.00,£4.00/each,,,/groceries/en-GB/products/301974878,https://digitalcontent.api.tesco.com/v2/media/ghs/61e6b2b7-5dcb-4d18-a0cc-de771458987e/ac5f3724-dcf3-4629-a7fa-96f89503ec4b_1335391933.jpeg?h=225&w=225,
309065339,Tesco Ice Skates Hanging Decoration,https://www.tesco.com/groceries/en-GB/shop/home-and-ents/all?department=Christmas%20Decorations%20%26%20Home&viewAll=department&page=,£2.75,£2.75/each,,,/groceries/en-GB/products/309065339,https://digitalcontent.api.tesco.com/v2/media/ghs/d05366df-f495-4875-ab61-0e0c0b7e3a56/5df36488-2f4d-4b96-a3b4-f5030589648d_527236830.jpeg?h=225&w=225,
298242015,Jena Round Foil Platters 31Cm 3Pack,https://www.tesco.com/groceries/en-GB/shop/home-and-ents/all?department=Christmas%20Decorations%20%26%20Home&viewAll=department&page=,£3.00,£1.00/each,,,/groceries/en-GB/products/298242015,https://digitalcontent.api.tesco.com/v2/media/ghs/23a1f6a8-d457-45b1-80cb-e38c795eb094/1eee2cbe-0ed3-45a0-9bb7-5120dbe54771_1195293479.jpeg?h=225&w=225,
298242021,Jena Regal Foil Platters Large 49Cmx35cm 2Pack,https://www.tesco.com/groceries/en-GB/shop/home-and-ents/all?department=Christmas%20Decorations%20%26%20Home&viewAll=department&page=,£3.00,£1.50/each,,,/groceries/en-GB/products/298242021,https://digitalcontent.api.tesco.com/v2/media/ghs/8d0298a0-3f42-4008-a291-53c7b632a92c/5965cb4a-b75e-4b0a-bdeb-646b97266b44_1366883459.jpeg?h=225&w=225,
312392582,Tesco Paper Tree Honeycomb Decorations 2 Pack,https://www.tesco.com/groceries/en-GB/shop/home-and-ents/all?department=Christmas%20Decorations%20%26%20Home&viewAll=department&page=,£3.00,£1.50/each,,New,/groceries/en-GB/products/312392582,https://digitalcontent.api.tesco.com/v2/media/ghs/14e334a4-9544-42e6-a8fb-d9a7aaeaaf54/209130e3-e028-4f43-8eb9-95f903455e4d_869571370.jpeg?h=225&w=225,
312025091,Tesco 3 Pack Round Honeycomb Decorations,https://www.tesco.com/groceries/en-GB/shop/home-and-ents/all?department=Christmas%20Decorations%20%26%20Home&viewAll=department&page=,£3.00,£1.00/each,,New,/groceries/en-GB/products/312025091,https://digitalcontent.api.tesco.com/v2/media/ghs/a25e89fc-72b7-4808-bcf4-1280cff01513/3ed735c4-a917-4d18-bd7e-11aba3a7f310_461413932.jpeg?h=225&w=225,
312025047,Tesco Diamond Honeycomb Hanging Descorations 3 Pack,https://www.tesco.com/groceries/en-GB/shop/home-and-ents/all?department=Christmas%20Decorations%20%26%20Home&viewAll=department&page=,£3.00,£1.00/each,,New,/groceries/en-GB/products/312025047,https://digitalcontent.api.tesco.com/v2/media/ghs/39d11204-473b-4626-9309-30ff4d9c7aab/2f9bfc95-54df-4000-894e-d1d792ab1bbd_1955074694.jpeg?h=225&w=225,
312025373,Tesco Blue Diamond Hanging Decorations 3 Pack,https://www.tesco.com/groceries/en-GB/shop/home-and-ents/all?department=Christmas%20Decorations%20%26%20Home&viewAll=department&page=,£3.00,£1.00/each,,New,/groceries/en-GB/products/312025373,https://digitalcontent.api.tesco.com/v2/media/ghs/698578ae-49f6-49f1-a27f-8a1a807156f6/d8331ae2-90e0-4487-8088-d062afa1abc4_1464353964.jpeg?h=225&w=225,
309067367,Tesco White Jewel Bead Chain Decoration - 2m,https://www.tesco.com/groceries/en-GB/shop/home-and-ents/all?department=Christmas%20Decorations%20%26%20Home&viewAll=department&page=,£3.00,£1.50/metre,,,/groceries/en-GB/products/309067367,https://digitalcontent.api.tesco.com/v2/media/ghs/e88d1625-3a75-4585-b677-0d8a8f058d91/9b0bfcca-feef-4f97-95ce-b7b59328c3d6_1622682466.jpeg?h=225&w=225,
312050630,Tesco Belonging Christmas Orange & Cinnamon Candle 300G,https://www.tesco.com/groceries/en-GB/shop/home-and-ents/all?department=Christmas%20Decorations%20%26%20Home&viewAll=department&page=,£4.00,£13.34/kg,,New,/groceries/en-GB/products/312050630,https://digitalcontent.api.tesco.com/v2/media/ghs/be8e06aa-1d9a-4ec8-a396-927bc76a8a6a/5312652c-4aa6-4775-9990-d03c3d9a4e2a_735227463.jpeg?h=225&w=225,
312025465,Tesco Silver Tinsel Star Hanging Decorations,https://www.tesco.com/groceries/en-GB/shop/home-and-ents/all?department=Christmas%20Decorations%20%26%20Home&viewAll=department&page=,£2.75,£2.75/each,,,/groceries/en-GB/products/312025465,https://digitalcontent.api.tesco.com/v2/media/ghs/dce7094d-259a-421d-91cc-3855802fc812/c55a9d42-7b8a-4afd-98eb-a74348bccdaa_289583100.jpeg?h=225&w=225,
312050647,Tesco Belonging Christmas Vanilla Spice Candle 300G,https://www.tesco.com/groceries/en-GB/shop/home-and-ents/all?department=Christmas%20Decorations%20%26%20Home&viewAll=department&page=,£4.00,£13.34/kg,,New,/groceries/en-GB/products/312050647,https://digitalcontent.api.tesco.com/v2/media/ghs/7811e00f-8422-480c-aa54-f02847331512/6b878f79-b07d-4eeb-ba08-0a313379599d_1013446889.jpeg?h=225&w=225,
312162434,Go Create Make Your Own Christmas Stocking,https://www.tesco.com/groceries/en-GB/shop/home-and-ents/all?department=Christmas%20Decorations%20%26%20Home&viewAll=department&page=,£3.00,£3.00/each,,,/groceries/en-GB/products/312162434,https://digitalcontent.api.tesco.com/v2/media/ghs/c76372fe-97f3-4b19-95da-27f401612d90/12e3656e-d4c8-4541-94f1-edd72a546f3a_399608171.jpeg?h=225&w=225,
289041105,Tesco Silver Table Cover 180X118cm,https://www.tesco.com/groceries/en-GB/shop/home-and-ents/all?department=Christmas%20Decorations%20%26%20Home&viewAll=department&page=,£2.75,£2.75/each,,,/groceries/en-GB/products/289041105,https://digitalcontent.api.tesco.com/v2/media/ghs/c8862e31-b0e6-4c57-ae3f-32d05c3461ce/fce1791d-af89-408d-b178-d616cbe563ff_201014231.jpeg?h=225&w=225,
309065542,Tesco Gold Nutcracker Hanging Decoration,https://www.tesco.com/groceries/en-GB/shop/home-and-ents/all?department=Christmas%20Decorations%20%26%20Home&viewAll=department&page=,£1.75,£1.75/each,,,/groceries/en-GB/products/309065542,https://digitalcontent.api.tesco.com/v2/media/ghs/0e5b8ca4-24f3-4d04-b6ef-f4d50348c76f/e953dc9b-6670-4260-bcb6-60adb0e300f2_620783528.jpeg?h=225&w=225,
311825257,Tesco Belonging Robin Mug,https://www.tesco.com/groceries/en-GB/shop/home-and-ents/all?department=Christmas%20Decorations%20%26%20Home&viewAll=department&page=,£2.50,£2.50/each,,,/groceries/en-GB/products/311825257,https://digitalcontent.api.tesco.com/v2/media/ghs/3df12c78-292d-4277-ac14-a1a86953a684/2ce9f1c9-b12e-4a56-af4e-ce729b44e217_329661216.jpeg?h=225&w=225,
312145829,Tesco Belonging Gold Christmas Dinner Candles 6X50g,https://www.tesco.com/groceries/en-GB/shop/home-and-ents/all?department=Christmas%20Decorations%20%26%20Home&viewAll=department&page=,£3.00,£0.50/each,,New,/groceries/en-GB/products/312145829,https://digitalcontent.api.tesco.com/v2/media/ghs/b6a7c319-d1e0-41c2-a16d-9c8fb37b7c04/d06402aa-b309-4eb0-9e13-fe7193544804_1594628607.jpeg?h=225&w=225,
309065438,Tesco Flocked Deer With Scarf Hanging Decoration,https://www.tesco.com/groceries/en-GB/shop/home-and-ents/all?department=Christmas%20Decorations%20%26%20Home&viewAll=department&page=,£1.75,£1.75/each,,,/groceries/en-GB/products/309065438,https://digitalcontent.api.tesco.com/v2/media/ghs/6455e56c-397c-42f5-844a-b1099480af4a/3cc5f3e1-f1f4-4571-967d-df0e8c26a4b9_1426996296.jpeg?h=225&w=225,
312024846,Tesco Fluffy Star Hanging Decorations 6 Pack,https://www.tesco.com/groceries/en-GB/shop/home-and-ents/all?department=Christmas%20Decorations%20%26%20Home&viewAll=department&page=,£2.00,£0.33/each,,,/groceries/en-GB/products/312024846,https://digitalcontent.api.tesco.com/v2/media/ghs/f8b4ba42-39d5-4cf6-8850-978a6e361ac4/3f583418-e9d9-4cfe-8c0e-571140c7ade7_434298878.jpeg?h=225&w=225,
309065409,Tesco Flocked Penguin Hanging Decoration,https://www.tesco.com/groceries/en-GB/shop/home-and-ents/all?department=Christmas%20Decorations%20%26%20Home&viewAll=department&page=,£1.75,£1.75/each,,,/groceries/en-GB/products/309065409,https://digitalcontent.api.tesco.com/v2/media/ghs/d54f1676-3bf5-4056-8d3d-87a3c3b8772d/77826d22-e9f4-4adb-b62b-43b0111c5b74_2043313999.jpeg?h=225&w=225,
309065369,Tesco Wooden Stag Hanging Decoration,https://www.tesco.com/groceries/en-GB/shop/home-and-ents/all?department=Christmas%20Decorations%20%26%20Home&viewAll=department&page=,£1.75,£1.75/each,,,/groceries/en-GB/products/309065369,https://digitalcontent.api.tesco.com/v2/media/ghs/0c8a103b-1bba-44fb-8a49-13d017b8b771/5263f417-9105-4780-959c-874f2143e458_635361517.jpeg?h=225&w=225,
312169899,Tesco Polar Bear Candle 70G,https://www.tesco.com/groceries/en-GB/shop/home-and-ents/all?department=Christmas%20Decorations%20%26%20Home&viewAll=department&page=,£2.50,£35.72/kg,,New,/groceries/en-GB/products/312169899,https://digitalcontent.api.tesco.com/v2/media/ghs/2f8b965a-ff12-42c9-9686-391c130a1809/439a0bcd-40d0-403c-98dd-4b4fd3de55b5_1942018295.jpeg?h=225&w=225,
312146961,Tesco Constellation Star Napkin X20,https://www.tesco.com/groceries/en-GB/shop/home-and-ents/all?department=Christmas%20Decorations%20%26%20Home&viewAll=department&page=,£1.50,£0.08/each,,,/groceries/en-GB/products/312146961,https://digitalcontent.api.tesco.com/v2/media/ghs/72909ce9-d731-4d66-9333-aaff1f0732bd/f4a15189-d92e-4476-bbb0-a56f871bcba7_1484274678.jpeg?h=225&w=225,
279681382,Party Poppers 50 Pack,https://www.tesco.com/groceries/en-GB/shop/home-and-ents/all?department=Christmas%20Decorations%20%26%20Home&viewAll=department&page=,£3.50,£0.07/each,Any 5 for 4 Clubcard Price - Cheapest Product Free - Selected Tesco Party ,,/groceries/en-GB/products/279681382,https://digitalcontent.api.tesco.com/v2/media/ghs/c696e5a6-40cb-4138-ac2f-e1c5b3ad2ff0/73caa9ca-ab62-4279-83a3-be0b8af76887_1658871652.jpeg?h=225&w=225,
309641579,Gutter Hook 20 Pack,https://www.tesco.com/groceries/en-GB/shop/home-and-ents/all?department=Christmas%20Decorations%20%26%20Home&viewAll=department&page=,£1.50,£0.08/each,,,/groceries/en-GB/products/309641579,https://digitalcontent.api.tesco.com/v2/media/ghs/9ed23484-e133-40ad-9f45-f24fd0b2d78a/8a0a721e-c258-44cf-8aa3-54c5d665156a_1228493565.jpeg?h=225&w=225,
312268033,Tesco Red Stripe Napkin 33Cm 3Ply 20 Pack,https://www.tesco.com/groceries/en-GB/shop/home-and-ents/all?department=Christmas%20Decorations%20%26%20Home&viewAll=department&page=,£1.50,£0.08/each,,,/groceries/en-GB/products/312268033,https://digitalcontent.api.tesco.com/v2/media/ghs/08a76834-acf0-471b-a758-511e5f2ad41e/dcc54b96-df98-4e45-a1d2-47a5e2442552_1968552064.jpeg?h=225&w=225,
309067309,Tesco Mini Wreath Hanging Decoration,https://www.tesco.com/groceries/en-GB/shop/home-and-ents/all?department=Christmas%20Decorations%20%26%20Home&viewAll=department&page=,£2.75,£2.75/each,,,/groceries/en-GB/products/309067309,https://digitalcontent.api.tesco.com/v2/media/ghs/12bb088e-50ab-412b-a514-2e556cf8d096/65d7473c-ae3e-41c6-8819-21f8cc8ce262_1950631397.jpeg?h=225&w=225,
309067102,Tesco Red Bead Chain Decoration - 5m,https://www.tesco.com/groceries/en-GB/shop/home-and-ents/all?department=Christmas%20Decorations%20%26%20Home&viewAll=department&page=,£1.00,£0.20/metre,,,/groceries/en-GB/products/309067102,https://digitalcontent.api.tesco.com/v2/media/ghs/3f0e06ba-0b7c-45b5-9473-cd35bf3f33e5/17742ad9-032c-4e67-9482-ecf56f31191e_1899273522.jpeg?h=225&w=225,
309067131,Tesco Silver Bead Chain- 5M,https://www.tesco.com/groceries/en-GB/shop/home-and-ents/all?department=Christmas%20Decorations%20%26%20Home&viewAll=department&page=,£1.00,£0.20/metre,,,/groceries/en-GB/products/309067131,https://digitalcontent.api.tesco.com/v2/media/ghs/404efde7-27d7-4b68-b023-1128edbfaba5/dda82755-251d-4e48-ab13-8f13cebd5490_1245203273.jpeg?h=225&w=225,
306856037,Calex Smart Uk Plug,https://www.tesco.com/groceries/en-GB/shop/home-and-ents/all?department=Christmas%20Decorations%20%26%20Home&viewAll=department&page=,£12.00,£12.00/each,£8.00 Clubcard Price,,/groceries/en-GB/products/306856037,https://digitalcontent.api.tesco.com/v2/media/ghs/371db2ff-9015-49a1-b697-80783d83ce67/dc51e429-0f96-46ef-9403-159d8be2fde5_1663985653.jpeg?h=225&w=225,
312123798,Tesco Tree Curtain 190 Lights,https://www.tesco.com/groceries/en-GB/shop/home-and-ents/all?department=Christmas%20Decorations%20%26%20Home&viewAll=department&page=,£20.00,£20.00/each,£13.00 Clubcard Price,,/groceries/en-GB/products/312123798,https://digitalcontent.api.tesco.com/v2/media/ghs/6acf8708-8d06-4750-93fe-e2ac12560da6/1e612ba9-9ff9-491c-a874-ac387aa49f24_1389528879.jpeg?h=225&w=225,
312198432,Tesco Tree Cushion,https://www.tesco.com/groceries/en-GB/shop/home-and-ents/all?department=Christmas%20Decorations%20%26%20Home&viewAll=department&page=,£10.00,£10.00/each,,New,/groceries/en-GB/products/312198432,https://digitalcontent.api.tesco.com/v2/media/ghs/cc1012cb-b3bd-4d0a-bf62-9f40ea432071/1f05bb91-d106-461c-a81d-83bbe0ca7f0f_621204889.jpeg?h=225&w=225,
312123775,Tesco Green Tree Neon Light Room Decoration,https://www.tesco.com/groceries/en-GB/shop/home-and-ents/all?department=Christmas%20Decorations%20%26%20Home&viewAll=department&page=,£10.00,£10.00/each,,New,/groceries/en-GB/products/312123775,https://digitalcontent.api.tesco.com/v2/media/ghs/87ab2908-0be5-407d-bdc3-90b9e9f28308/54735652-7964-4e1f-a093-bd8fcbede7c1_1388786519.jpeg?h=225&w=225,
309059509,"Tesco 200 Mfunction Warm White Lights  - Mains Powered, Suitable For Indoor And Outdoor Use (Approx 19.9M)",https://www.tesco.com/groceries/en-GB/shop/home-and-ents/all?department=Christmas%20Decorations%20%26%20Home&viewAll=department&page=,£12.00,£12.00/each,£8.00 Clubcard Price,,/groceries/en-GB/products/309059509,https://digitalcontent.api.tesco.com/v2/media/ghs/b4a910b7-8f26-44d6-a466-22b4dd830f87/c6bbb705-b1e8-4091-8796-d3303052dfdf_511824504.jpeg?h=225&w=225,
309065916,Tesco Tinsel Polar Bear Decoration,https://www.tesco.com/groceries/en-GB/shop/home-and-ents/all?department=Christmas%20Decorations%20%26%20Home&viewAll=department&page=,£7.00,£7.00/each,,,/groceries/en-GB/products/309065916,https://digitalcontent.api.tesco.com/v2/media/ghs/112704a2-1e2c-4f53-aa58-8bcc1a3fcaf6/30eab602-1c84-4b2d-accd-b987d240bda3_1507162863.jpeg?h=225&w=225,
312024950,Tesco Belonging Baubles 24 Pack,https://www.tesco.com/groceries/en-GB/shop/home-and-ents/all?department=Christmas%20Decorations%20%26%20Home&viewAll=department&page=,£6.00,£0.25/each,,New,/groceries/en-GB/products/312024950,https://digitalcontent.api.tesco.com/v2/media/ghs/0d3c60be-4c23-46f0-91f5-fa00e42c646b/683089ee-96bd-4a89-81d8-09489e7dd7ac_1478257539.jpeg?h=225&w=225,
311757533,Tesco Disney Felt Advent Calendar,https://www.tesco.com/groceries/en-GB/shop/home-and-ents/all?department=Christmas%20Decorations%20%26%20Home&viewAll=department&page=,£8.00,£8.00/each,,New,/groceries/en-GB/products/311757533,https://digitalcontent.api.tesco.com/v2/media/ghs/9ea3a43a-64ef-4d73-8a2d-31d082746c36/84acb8ef-bb46-4bdd-9e86-d549ec31b77e_805529554.jpeg?h=225&w=225,
309059469,"Tesco 100 Mfunction Multi-Coloured Lights  - Mains Powered, Suitable For Indoor And Outdoor Use (Approx 10.4M)",https://www.tesco.com/groceries/en-GB/shop/home-and-ents/all?department=Christmas%20Decorations%20%26%20Home&viewAll=department&page=,£7.50,£7.50/each,£5.00 Clubcard Price,,/groceries/en-GB/products/309059469,https://digitalcontent.api.tesco.com/v2/media/ghs/acd1f13b-8a39-4dd5-9e14-f0c11d344898/746e49dc-ca0e-40cc-9c93-a7581359d5d4_51023626.jpeg?h=225&w=225,
309067148,Tesco Brass Effect Stag Room Decoration,https://www.tesco.com/groceries/en-GB/shop/home-and-ents/all?department=Christmas%20Decorations%20%26%20Home&viewAll=department&page=,£5.00,£5.00/each,,,/groceries/en-GB/products/309067148,https://digitalcontent.api.tesco.com/v2/media/ghs/283955f1-5557-4566-957f-8b1a17c9c173/ae99dc36-58c2-4adc-9611-35602904a910_679749722.jpeg?h=225&w=225,
309059285,"Tesco Bottle Stopper Wire Lights 4Pk - Battery Powered, Suitable For Indoor Use",https://www.tesco.com/groceries/en-GB/shop/home-and-ents/all?department=Christmas%20Decorations%20%26%20Home&viewAll=department&page=,£6.00,£1.50/each,£4.00 Clubcard Price,,/groceries/en-GB/products/309059285,https://digitalcontent.api.tesco.com/v2/media/ghs/f3021162-6b9c-433b-aac0-d081e800f1ea/86e0e883-e4e9-4716-b577-748e73ce02f1_290359825.jpeg?h=225&w=225,
312024869,Tesco Humble Baubles 24 Pack,https://www.tesco.com/groceries/en-GB/shop/home-and-ents/all?department=Christmas%20Decorations%20%26%20Home&viewAll=department&page=,£6.00,£0.25/each,,New,/groceries/en-GB/products/312024869,https://digitalcontent.api.tesco.com/v2/media/ghs/1f3d3ec4-fc7d-40ac-b137-397775985b61/8bd7e683-87d2-4892-8108-696225967cad_460953316.jpeg?h=225&w=225,
312114008,Tesco Silver Tinsel Tree Topper,https://www.tesco.com/groceries/en-GB/shop/home-and-ents/all?department=Christmas%20Decorations%20%26%20Home&viewAll=department&page=,£7.00,£7.00/each,,New,/groceries/en-GB/products/312114008,https://digitalcontent.api.tesco.com/v2/media/ghs/1b41425e-1e07-4d00-b21d-81e129e2f49d/e69bc149-3d49-4476-a358-0a615fb169fd_1265592778.jpeg?h=225&w=225,
312123809,Tesco 15 Felt Rudi Reindeer Lights,https://www.tesco.com/groceries/en-GB/shop/home-and-ents/all?department=Christmas%20Decorations%20%26%20Home&viewAll=department&page=,£6.00,£6.00/each,£4.00 Clubcard Price,,/groceries/en-GB/products/312123809,https://digitalcontent.api.tesco.com/v2/media/ghs/253a52cc-1985-4aa5-8633-f6a0a9565695/9841b064-c4e7-45e5-9bed-54d500aaffa7_813279719.jpeg?h=225&w=225,
312123815,Tesco Gold Leaves Wire Lights,https://www.tesco.com/groceries/en-GB/shop/home-and-ents/all?department=Christmas%20Decorations%20%26%20Home&viewAll=department&page=,£6.00,£6.00/each,£4.00 Clubcard Price,,/groceries/en-GB/products/312123815,https://digitalcontent.api.tesco.com/v2/media/ghs/bb8e6b13-b473-490d-88b6-076a6e516ca3/34159190-088c-4fc3-8be8-988e4b68cc70_2137649896.jpeg?h=225&w=225,
309066973,Tesco Woollen Deer Hanging Decoration,https://www.tesco.com/groceries/en-GB/shop/home-and-ents/all?department=Christmas%20Decorations%20%26%20Home&viewAll=department&page=,£3.75,£3.75/each,,,/groceries/en-GB/products/309066973,https://digitalcontent.api.tesco.com/v2/media/ghs/19cbaa14-8776-4878-8054-f2849643c6e5/0b1fcd8d-4403-42e4-afdc-f76e3555b155_1629761646.jpeg?h=225&w=225,
312198403,Tesco Robin Cushion,https://www.tesco.com/groceries/en-GB/shop/home-and-ents/all?department=Christmas%20Decorations%20%26%20Home&viewAll=department&page=,£5.00,£5.00/each,,New,/groceries/en-GB/products/312198403,https://digitalcontent.api.tesco.com/v2/media/ghs/23485d88-af15-46a2-a794-306bb167162c/f2d070ae-a50e-4bbb-9468-6dbded9794b0_1503817720.jpeg?h=225&w=225,
312198417,Tesco Photographic Stag Cushion,https://www.tesco.com/groceries/en-GB/shop/home-and-ents/all?department=Christmas%20Decorations%20%26%20Home&viewAll=department&page=,£5.00,£5.00/each,,,/groceries/en-GB/products/312198417,https://digitalcontent.api.tesco.com/v2/media/ghs/c13a5257-3ee7-42f5-a9ff-acbc54dfb749/40934dba-0526-4375-8635-2248752efb85_1603392694.jpeg?h=225&w=225,
312109211,Mighty Mat Snow Place Doormat,https://www.tesco.com/groceries/en-GB/shop/home-and-ents/all?department=Christmas%20Decorations%20%26%20Home&viewAll=department&page=,£6.00,£6.00/each,,,/groceries/en-GB/products/312109211,https://digitalcontent.api.tesco.com/v2/media/ghs/c45f04de-6a7d-4ece-95ae-144818969cf1/0ea7f194-5ee1-4362-8a71-4d5dfdb8e8a3_1954147785.jpeg?h=225&w=225,
311520744,Tesco Christmas Belonging Double Oven Glove,https://www.tesco.com/groceries/en-GB/shop/home-and-ents/all?department=Christmas%20Decorations%20%26%20Home&viewAll=department&page=,£5.00,£5.00/each,,New,/groceries/en-GB/products/311520744,https://digitalcontent.api.tesco.com/v2/media/ghs/579f26c3-dabf-44a5-9bd8-93490da64900/b5be31f7-fc90-4b41-b7a5-34ff263ed261_42027527.jpeg?h=225&w=225,
312236578,Disney Mickey & Friends Shaker Baubles 4 Pack,https://www.tesco.com/groceries/en-GB/shop/home-and-ents/all?department=Christmas%20Decorations%20%26%20Home&viewAll=department&page=,£5.00,£1.25/each,,,/groceries/en-GB/products/312236578,https://digitalcontent.api.tesco.com/v2/media/ghs/c27fc416-430a-4dc8-9ddc-30a1c06767c9/f6e44c1f-484e-48c3-90f3-8182545a1fe8_2095979679.jpeg?h=225&w=225,
312024760,Tesco Green Tree Silhouette Room Decorations,https://www.tesco.com/groceries/en-GB/shop/home-and-ents/all?department=Christmas%20Decorations%20%26%20Home&viewAll=department&page=,£5.00,£5.00/each,,New,/groceries/en-GB/products/312024760,https://digitalcontent.api.tesco.com/v2/media/ghs/e6c9dcbc-bf91-49d2-84e7-6935af91cb42/a350276a-1d19-4626-b467-d2b64e15965b_1367148613.jpeg?h=225&w=225,
309065225,Tesco 6 Pack Clear Baubles With Gold Leaves,https://www.tesco.com/groceries/en-GB/shop/home-and-ents/all?department=Christmas%20Decorations%20%26%20Home&viewAll=department&page=,£4.00,£0.67/each,,,/groceries/en-GB/products/309065225,https://digitalcontent.api.tesco.com/v2/media/ghs/82402b23-de95-457a-90d4-2120117ce688/7090f16a-74fe-4b64-a953-b9bd72b9ced8_1080030722.jpeg?h=225&w=225,
309067350,Tesco Woollen Mouse With Crown Hanging Decoration,https://www.tesco.com/groceries/en-GB/shop/home-and-ents/all?department=Christmas%20Decorations%20%26%20Home&viewAll=department&page=,£3.75,£3.75/each,,,/groceries/en-GB/products/309067350,https://digitalcontent.api.tesco.com/v2/media/ghs/475c497a-e736-4ed9-bdf2-ec7e26f61e79/b30218a0-3577-4108-bdef-5c6d14195d1d_1369480399.jpeg?h=225&w=225,
311954173,Christmas Workshop Light Up Led Ceramic Ball,https://www.tesco.com/groceries/en-GB/shop/home-and-ents/all?department=Christmas%20Decorations%20%26%20Home&viewAll=department&page=,£4.00,£4.00/each,,,/groceries/en-GB/products/311954173,https://digitalcontent.api.tesco.com/v2/media/ghs/521bf414-a89b-4f3d-b5b7-4ea3e1e90d49/8656118f-b54d-4f8a-b470-468ccba6231e_235363133.jpeg?h=225&w=225,
309067344,Tesco Woollen Polar Bear Hanging Decoration,https://www.tesco.com/groceries/en-GB/shop/home-and-ents/all?department=Christmas%20Decorations%20%26%20Home&viewAll=department&page=,£3.75,£3.75/each,,,/groceries/en-GB/products/309067344,https://digitalcontent.api.tesco.com/v2/media/ghs/66e73d76-9ae7-4e5f-b7a5-8e47b980245c/1b1d6783-c5cb-4080-8745-1188c146648d_442912761.jpeg?h=225&w=225,
304045608,Swantex Clear Plastic Chip & Dip Platter 30.5Cm Polypropylene,https://www.tesco.com/groceries/en-GB/shop/home-and-ents/all?department=Christmas%20Decorations%20%26%20Home&viewAll=department&page=,£3.00,£3.00/each,,,/groceries/en-GB/products/304045608,https://digitalcontent.api.tesco.com/v2/media/ghs/e32f94f7-7738-4d48-a0a8-918125d13196/657ade14-ce38-440c-bb27-9352f65041e4_799039787.jpeg?h=225&w=225,
309065755,Tesco Flocked Penguin Room Decoration,https://www.tesco.com/groceries/en-GB/shop/home-and-ents/all?department=Christmas%20Decorations%20%26%20Home&viewAll=department&page=,£5.00,£5.00/each,,New,/groceries/en-GB/products/309065755,https://digitalcontent.api.tesco.com/v2/media/ghs/90176e2e-487d-49d0-b177-043f3c6c9630/82364718-79bb-4072-aa38-9703d65a026c_167294107.jpeg?h=225&w=225,
309065415,Tesco 3 Pack Blue Olives With Silver Trees Hanging Decorations,https://www.tesco.com/groceries/en-GB/shop/home-and-ents/all?department=Christmas%20Decorations%20%26%20Home&viewAll=department&page=,£3.00,£1.00/each,,,/groceries/en-GB/products/309065415,https://digitalcontent.api.tesco.com/v2/media/ghs/b75a075e-e8cf-4f28-ad1e-39dfd722ac5d/46967116-e695-4f1e-bd83-20ad5835f186_546607807.jpeg?h=225&w=225,
312025102,Tesco Humble Decoupage Baubles 3 Pack,https://www.tesco.com/groceries/en-GB/shop/home-and-ents/all?department=Christmas%20Decorations%20%26%20Home&viewAll=department&page=,£3.00,£1.00/each,,,/groceries/en-GB/products/312025102,https://digitalcontent.api.tesco.com/v2/media/ghs/be9350ba-6162-4895-afda-fcb837dd9856/f73a8f3a-5147-4e81-bbd9-6282cde37881_1034053333.jpeg?h=225&w=225,
309065467,Tesco Christmas Pudding Hanging Decoration,https://www.tesco.com/groceries/en-GB/shop/home-and-ents/all?department=Christmas%20Decorations%20%26%20Home&viewAll=department&page=,£1.75,£1.75/each,,,/groceries/en-GB/products/309065467,https://digitalcontent.api.tesco.com/v2/media/ghs/340b3a25-9def-4912-a52b-b9c1d968962d/0b59b3a1-5c5b-49d3-98c0-1c2947277fb9_780487944.jpeg?h=225&w=225,
309066967,Tesco 4 Pack Frosted Acorn Hanging Decorations,https://www.tesco.com/groceries/en-GB/shop/home-and-ents/all?department=Christmas%20Decorations%20%26%20Home&viewAll=department&page=,£3.00,£0.75/each,,,/groceries/en-GB/products/309066967,https://digitalcontent.api.tesco.com/v2/media/ghs/71f40fab-5089-40bd-ac2a-81b3df83b23a/769ea8f3-0da4-427f-80e5-65867d194a4b_1681439634.jpeg?h=225&w=225,
309140142,Tesco Silver Snowflake Favour Bags,https://www.tesco.com/groceries/en-GB/shop/home-and-ents/all?department=Christmas%20Decorations%20%26%20Home&viewAll=department&page=,£1.50,£1.50/each,,,/groceries/en-GB/products/309140142,https://digitalcontent.api.tesco.com/v2/media/ghs/a21c78ab-0581-47dd-b0ae-077e7d331e59/40060029-1513-481b-a3d6-65e10fd2191f_1139004184.jpeg?h=225&w=225,
312050601,Tesco Belonging Christmas Orange & Cinnamon Wax Melts 4X18g,https://www.tesco.com/groceries/en-GB/shop/home-and-ents/all?department=Christmas%20Decorations%20%26%20Home&viewAll=department&page=,£3.00,£41.67/kg,,New,/groceries/en-GB/products/312050601,https://digitalcontent.api.tesco.com/v2/media/ghs/3d2998ac-1cfe-459e-af95-eca0b551ec9c/2983e2c6-5578-4728-b899-aaa7fc8ec446_223283299.jpeg?h=225&w=225,
309066989,Tesco 8 Pack Iridescent Icicle Decorations,https://www.tesco.com/groceries/en-GB/shop/home-and-ents/all?department=Christmas%20Decorations%20%26%20Home&viewAll=department&page=,£2.00,£0.25/each,,,/groceries/en-GB/products/309066989,https://digitalcontent.api.tesco.com/v2/media/ghs/9d71e681-d6f2-4056-bfe5-a902930ee343/2c29dc15-6f68-4001-a089-ae507036ed96_1638860812.jpeg?h=225&w=225,
309065594,Tesco 20 Pack Red Mini Baubles,https://www.tesco.com/groceries/en-GB/shop/home-and-ents/all?department=Christmas%20Decorations%20%26%20Home&viewAll=department&page=,£1.50,£0.08/each,,,/groceries/en-GB/products/309065594,https://digitalcontent.api.tesco.com/v2/media/ghs/2d1f26e9-cc39-4d83-913c-7215b7d849ef/48704ff2-6d22-4520-a914-b6d7917158d2_1569466846.jpeg?h=225&w=225,
312025131,Tesco House Hanging Decoration Assortment,https://www.tesco.com/groceries/en-GB/shop/home-and-ents/all?department=Christmas%20Decorations%20%26%20Home&viewAll=department&page=,£1.75,£1.75/each,,,/groceries/en-GB/products/312025131,https://digitalcontent.api.tesco.com/v2/media/ghs/43377eb4-2c71-4fe5-b923-6454c97c3eff/8adb08f5-17a0-42ff-b1c5-15bfaa9f317f_1605034008.jpeg?h=225&w=225,
309140038,Tesco Gold Scatter Favour Bags,https://www.tesco.com/groceries/en-GB/shop/home-and-ents/all?department=Christmas%20Decorations%20%26%20Home&viewAll=department&page=,£1.50,£1.50/each,,,/groceries/en-GB/products/309140038,https://digitalcontent.api.tesco.com/v2/media/ghs/f14b9358-33bb-43ce-aa91-20b258e0271f/fdacf192-d379-42c9-87d0-004c6934e533_1714258278.jpeg?h=225&w=225,
309222040,Tesco Napkins Kraft 33Cm 2Ply 25Pk,https://www.tesco.com/groceries/en-GB/shop/home-and-ents/all?department=Christmas%20Decorations%20%26%20Home&viewAll=department&page=,£1.00,£0.04/each,,,/groceries/en-GB/products/309222040,https://digitalcontent.api.tesco.com/v2/media/ghs/edf39b92-c43b-4ade-9f25-90e1b0b2ef23/3374e834-cac2-4042-8d61-b218b45068b5_888865360.jpeg?h=225&w=225,
309602702,Decorations Storage Bag,https://www.tesco.com/groceries/en-GB/shop/home-and-ents/all?department=Christmas%20Decorations%20%26%20Home&viewAll=department&page=,£4.00,£4.00/each,,,/groceries/en-GB/products/309602702,https://digitalcontent.api.tesco.com/v2/media/ghs/24a900d6-feea-4268-afa3-0b6f51758dff/dc8c187e-0dda-4cfe-b322-d1df70c5a0e1_828066792.jpeg?h=225&w=225,
312101640,Christmas Workshop 480 Copper Cluster String Lights,https://www.tesco.com/groceries/en-GB/shop/home-and-ents/all?department=Christmas%20Decorations%20%26%20Home&viewAll=department&page=,£25.00,£25.00/each,£16.50 Clubcard Price,,/groceries/en-GB/products/312101640,https://digitalcontent.api.tesco.com/v2/media/ghs/847d8e87-a464-4737-aade-3a8097300301/e1f5539d-b818-4828-b8cf-75c5e17922eb_1118740674.jpeg?h=225&w=225,
309602662,10M Coloured Rope Light,https://www.tesco.com/groceries/en-GB/shop/home-and-ents/all?department=Christmas%20Decorations%20%26%20Home&viewAll=department&page=,£20.00,£2.00/metre,£15.00 Clubcard Price,,/groceries/en-GB/products/309602662,https://digitalcontent.api.tesco.com/v2/media/ghs/afef51c9-1d7c-40a0-b633-94f6bf08807a/6e18d3e0-0d1b-42e7-b060-abee541b6f0d_1479295202.jpeg?h=225&w=225,
312229570,Disney Mickey Wreath,https://www.tesco.com/groceries/en-GB/shop/home-and-ents/all?department=Christmas%20Decorations%20%26%20Home&viewAll=department&page=,£20.00,£20.00/each,,,/groceries/en-GB/products/312229570,https://digitalcontent.api.tesco.com/v2/media/ghs/32d27f87-5b65-48ac-b045-d2e95a516121/ef6f6c5a-1a62-4723-97a9-6c05170e9b64_1432237901.jpeg?h=225&w=225,
312198449,Tesco Gonk Cushion,https://www.tesco.com/groceries/en-GB/shop/home-and-ents/all?department=Christmas%20Decorations%20%26%20Home&viewAll=department&page=,£12.00,£12.00/each,,,/groceries/en-GB/products/312198449,https://digitalcontent.api.tesco.com/v2/media/ghs/e263c246-8d7c-4a12-9528-44c5fd97ee4c/7ff6f75e-97a7-4a0f-bb6f-dd676b8ce36b_2015413871.jpeg?h=225&w=225,
311257278,Tesco Silver Glitter 4 Pmats & Coasters,https://www.tesco.com/groceries/en-GB/shop/home-and-ents/all?department=Christmas%20Decorations%20%26%20Home&viewAll=department&page=,£12.00,£1.50/each,£9.00 Clubcard Price,,/groceries/en-GB/products/311257278,https://digitalcontent.api.tesco.com/v2/media/ghs/705a1abf-6a8a-464a-b267-d6e1e37526c6/e0c94578-8581-4fef-8bbe-2b141b109e22_1808115034.jpeg?h=225&w=225,
312222675,Disney Mickey & Friends Baubles 6 Pack,https://www.tesco.com/groceries/en-GB/shop/home-and-ents/all?department=Christmas%20Decorations%20%26%20Home&viewAll=department&page=,£10.00,£1.67/each,,,/groceries/en-GB/products/312222675,https://digitalcontent.api.tesco.com/v2/media/ghs/51cb04b9-679a-4084-bbd8-9b555ae1dc5b/018953d1-dbbc-46e9-9caa-d6139d29e7e4_1603877591.jpeg?h=225&w=225,
312198455,Tesco Gonk Family Cushion,https://www.tesco.com/groceries/en-GB/shop/home-and-ents/all?department=Christmas%20Decorations%20%26%20Home&viewAll=department&page=,£9.00,£9.00/each,,New,/groceries/en-GB/products/312198455,https://digitalcontent.api.tesco.com/v2/media/ghs/dc8badeb-9ae2-4ee4-bec6-2babf96bfdfd/dc7d4c0f-f26a-4a7d-8d02-9cd3cfacdba3_1008269655.jpeg?h=225&w=225,
312198426,Tesco Snuggle Season Cushion,https://www.tesco.com/groceries/en-GB/shop/home-and-ents/all?department=Christmas%20Decorations%20%26%20Home&viewAll=department&page=,£9.00,£9.00/each,,New,/groceries/en-GB/products/312198426,https://digitalcontent.api.tesco.com/v2/media/ghs/d572a263-61ce-4cb6-905e-c6fced03eb7c/4753845e-d3e5-47b7-910f-d607c7609938_1413279707.jpeg?h=225&w=225,
312083372,Christmas Workshop Decorative Paper Christmas Trees 2 Pack,https://www.tesco.com/groceries/en-GB/shop/home-and-ents/all?department=Christmas%20Decorations%20%26%20Home&viewAll=department&page=,£8.00,£4.00/each,,,/groceries/en-GB/products/312083372,https://digitalcontent.api.tesco.com/v2/media/ghs/956ae6af-d6da-4b27-b10e-a882e39bbd70/011c2ced-3753-40a7-ac7b-96e5d9f47a8b_2082836201.jpeg?h=225&w=225,
303602090,Tesco 4 Socket 2 Metre Extension Lead,https://www.tesco.com/groceries/en-GB/shop/home-and-ents/all?department=Christmas%20Decorations%20%26%20Home&viewAll=department&page=,£7.00,£7.00/each,,,/groceries/en-GB/products/303602090,https://digitalcontent.api.tesco.com/v2/media/ghs/25907635-5cff-4857-8574-8d3dfc4c33cd/898cb9f1-a7f0-43b9-950a-948e2a794e31_1922350630.jpeg?h=225&w=225,
312123844,Tesco Merry Christmas Wooden String Battery Lights,https://www.tesco.com/groceries/en-GB/shop/home-and-ents/all?department=Christmas%20Decorations%20%26%20Home&viewAll=department&page=,£8.00,£8.00/each,£5.25 Clubcard Price,,/groceries/en-GB/products/312123844,https://digitalcontent.api.tesco.com/v2/media/ghs/d432a12f-12c6-4cef-aef2-dd60af399825/e3121cdb-0cb4-4553-a11d-05ec16ec77e9_735370329.jpeg?h=225&w=225,
309065869,Tesco Silver Holo Merry Christmas Bunting,https://www.tesco.com/groceries/en-GB/shop/home-and-ents/all?department=Christmas%20Decorations%20%26%20Home&viewAll=department&page=,£4.00,£4.00/each,,,/groceries/en-GB/products/309065869,https://digitalcontent.api.tesco.com/v2/media/ghs/06909886-c9f1-432a-9b15-68bc8a32ad1b/f03a9c7e-4c57-4f9e-a2c5-7d7a6a3b5ab1_1986683875.jpeg?h=225&w=225,
309065507,Tesco Hessian Printed Stocking,https://www.tesco.com/groceries/en-GB/shop/home-and-ents/all?department=Christmas%20Decorations%20%26%20Home&viewAll=department&page=,£5.00,£5.00/each,,,/groceries/en-GB/products/309065507,https://digitalcontent.api.tesco.com/v2/media/ghs/d43d7808-bab9-4b6e-a67e-563ba25dd238/2d4a6a25-9306-41dc-a8d7-7c96db44b7fd_998199035.jpeg?h=225&w=225,
303602078,Tesco 4Way Extension Lead 0.75M,https://www.tesco.com/groceries/en-GB/shop/home-and-ents/all?department=Christmas%20Decorations%20%26%20Home&viewAll=department&page=,£5.50,£5.50/each,,,/groceries/en-GB/products/303602078,https://digitalcontent.api.tesco.com/v2/media/ghs/ddd28833-9e85-49c5-9e98-ef2419f165f5/f73d8870-5010-4214-b53a-9776e202c314_795444128.jpeg?h=225&w=225,
311951055,Candlelight 70G Light Up Silver Candle White Spice,https://www.tesco.com/groceries/en-GB/shop/home-and-ents/all?department=Christmas%20Decorations%20%26%20Home&viewAll=department&page=,£8.50,£121.43/kg,,New,/groceries/en-GB/products/311951055,https://digitalcontent.api.tesco.com/v2/media/ghs/755a1c93-5c05-40bf-a1d1-c3bc93609153/0320f7d3-16f3-44d8-b630-5b1fa2d9b74a_1658985957.jpeg?h=225&w=225,
255673708,Tesco 3 Way Adaptor Plug,https://www.tesco.com/groceries/en-GB/shop/home-and-ents/all?department=Christmas%20Decorations%20%26%20Home&viewAll=department&page=,£4.00,£4.00/each,,,/groceries/en-GB/products/255673708,https://digitalcontent.api.tesco.com/v2/media/ghs/48dd4eb6-ebab-4f00-b763-fbd85f7800f2/d5de24bb-b115-4144-a660-fab33078336f_612626868.jpeg?h=225&w=225,
309065882,Tesco Merry Christmas Hessian Bunting,https://www.tesco.com/groceries/en-GB/shop/home-and-ents/all?department=Christmas%20Decorations%20%26%20Home&viewAll=department&page=,£5.00,£5.00/each,,,/groceries/en-GB/products/309065882,https://digitalcontent.api.tesco.com/v2/media/ghs/938e6709-142c-4eca-8815-43afbe1fe228/327b777b-b28e-43a3-9489-a33033c7eb4b_835688889.jpeg?h=225&w=225,
312102339,Marvel Shaker Baubles 4 Pack,https://www.tesco.com/groceries/en-GB/shop/home-and-ents/all?department=Christmas%20Decorations%20%26%20Home&viewAll=department&page=,£5.00,£1.25/each,,,/groceries/en-GB/products/312102339,https://digitalcontent.api.tesco.com/v2/media/ghs/0f90aab8-74fd-422a-8b0c-43517d259ae9/e8738295-c0ae-432b-a6ae-c9cbe99614e5_167843739.jpeg?h=225&w=225,
312026337,Tesco Embroidery Gold Reindeer Hanging Decoration,https://www.tesco.com/groceries/en-GB/shop/home-and-ents/all?department=Christmas%20Decorations%20%26%20Home&viewAll=department&page=,£3.75,£3.75/each,,,/groceries/en-GB/products/312026337,https://digitalcontent.api.tesco.com/v2/media/ghs/ca12ce05-b37b-4f7e-9263-f76fe1f7707a/51c000b8-e938-4f87-934e-f00bc175693e_1683063466.jpeg?h=225&w=225,
309065565,Tesco White Flocked Stag Room Decoration,https://www.tesco.com/groceries/en-GB/shop/home-and-ents/all?department=Christmas%20Decorations%20%26%20Home&viewAll=department&page=,£5.00,£5.00/each,,New,/groceries/en-GB/products/309065565,https://digitalcontent.api.tesco.com/v2/media/ghs/61aee5e4-b094-4b63-ac5a-fee4e8f71c16/3c3603f8-be5b-4965-a73c-79f936fe2078_1925250587.jpeg?h=225&w=225,
312101692,Mighty Mat Winter Wishes Doormat,https://www.tesco.com/groceries/en-GB/shop/home-and-ents/all?department=Christmas%20Decorations%20%26%20Home&viewAll=department&page=,£6.00,£6.00/each,,,/groceries/en-GB/products/312101692,https://digitalcontent.api.tesco.com/v2/media/ghs/90eaa67b-78e0-482e-b4e8-eafab66b7345/29d82533-df0a-4126-9071-e3b473b6bc72_1837552786.jpeg?h=225&w=225,
309066719,Tesco House Silhouette Room Decoration,https://www.tesco.com/groceries/en-GB/shop/home-and-ents/all?department=Christmas%20Decorations%20%26%20Home&viewAll=department&page=,£4.50,£4.50/each,,,/groceries/en-GB/products/309066719,https://digitalcontent.api.tesco.com/v2/media/ghs/4f6587d0-238d-403b-b62e-c8e017fbff47/a5ff0d1e-c245-480c-9436-58e344add9c2_346137093.jpeg?h=225&w=225,
309059475,"Tesco 100 Mfunction Warm White Lights  - Mains Powered, Suitable For Indoor And Outdoor Use (Approx 10.4M)",https://www.tesco.com/groceries/en-GB/shop/home-and-ents/all?department=Christmas%20Decorations%20%26%20Home&viewAll=department&page=,£7.50,£7.50/each,£5.00 Clubcard Price,,/groceries/en-GB/products/309059475,https://digitalcontent.api.tesco.com/v2/media/ghs/299383ff-4ed1-485f-89b4-ef70504d8ff5/fb523410-aa1e-4646-ab09-cac9e5e2a91d_416008935.jpeg?h=225&w=225,
311426885,Christmas Workshop Ceramic Tree Decoration,https://www.tesco.com/groceries/en-GB/shop/home-and-ents/all?department=Christmas%20Decorations%20%26%20Home&viewAll=department&page=,£5.00,£5.00/each,,,/groceries/en-GB/products/311426885,https://digitalcontent.api.tesco.com/v2/media/ghs/a969188c-0d55-4de2-b793-2bdc8cf8c6ee/8d8c3ba0-8501-42f3-a11c-c5858f50fc8b_484500836.jpeg?h=225&w=225,
309067199,Tesco Felt Sleigh Bunting,https://www.tesco.com/groceries/en-GB/shop/home-and-ents/all?department=Christmas%20Decorations%20%26%20Home&viewAll=department&page=,£5.00,£5.00/each,,,/groceries/en-GB/products/309067199,https://digitalcontent.api.tesco.com/v2/media/ghs/7af9dfd6-9ced-4175-978e-89c9ec509aa1/58acc997-3e27-42d1-944c-567be4a00ab9_1974223504.jpeg?h=225&w=225,
311665820,Marvel Christmas Single Bauble,https://www.tesco.com/groceries/en-GB/shop/home-and-ents/all?department=Christmas%20Decorations%20%26%20Home&viewAll=department&page=,£4.00,£4.00/each,,,/groceries/en-GB/products/311665820,https://digitalcontent.api.tesco.com/v2/media/ghs/cf7fa539-5b40-461b-a97c-3ff5cfd21447/7206b895-99c2-4af2-8556-075f8d2bd285_308535473.jpeg?h=225&w=225,
309066950,Tesco Woollen Fox Hanging Decoration,https://www.tesco.com/groceries/en-GB/shop/home-and-ents/all?department=Christmas%20Decorations%20%26%20Home&viewAll=department&page=,£3.75,£3.75/each,,,/groceries/en-GB/products/309066950,https://digitalcontent.api.tesco.com/v2/media/ghs/c8355f54-52a8-40e4-9d0f-57af973dd9f1/b049d356-b2cb-4183-979c-6f410927f580_2121972943.jpeg?h=225&w=225,
309602691,Christmas Tree Storage Bag,https://www.tesco.com/groceries/en-GB/shop/home-and-ents/all?department=Christmas%20Decorations%20%26%20Home&viewAll=department&page=,£6.00,£6.00/each,,,/groceries/en-GB/products/309602691,https://digitalcontent.api.tesco.com/v2/media/ghs/0f963744-0279-46da-8f03-fb2e56a2ee63/90666116-cfaa-4244-a34a-286784d8fdbb_876214725.jpeg?h=225&w=225,
309523663,Disney Single Hanging 3D Mickey,https://www.tesco.com/groceries/en-GB/shop/home-and-ents/all?department=Christmas%20Decorations%20%26%20Home&viewAll=department&page=,£4.00,£4.00/each,,,/groceries/en-GB/products/309523663,https://digitalcontent.api.tesco.com/v2/media/ghs/b0c034e2-48c9-40ab-928d-826342b43018/c4859994-ae89-4e43-8781-e870d179b7b5_911331700.jpeg?h=225&w=225,
312169847,Tesco Pine Cone Pillar Candle 260G,https://www.tesco.com/groceries/en-GB/shop/home-and-ents/all?department=Christmas%20Decorations%20%26%20Home&viewAll=department&page=,£5.00,£19.24/kg,,New,/groceries/en-GB/products/312169847,https://digitalcontent.api.tesco.com/v2/media/ghs/34b542a8-2011-4cef-a588-62696695793a/c258abf6-6862-4e18-915a-5b9db3c50a57_1770364872.jpeg?h=225&w=225,
282445445,Party Wacky String,https://www.tesco.com/groceries/en-GB/shop/home-and-ents/all?department=Christmas%20Decorations%20%26%20Home&viewAll=department&page=,£3.00,£3.00/each,Any 5 for 4 Clubcard Price - Cheapest Product Free - Selected Tesco Party ,,/groceries/en-GB/products/282445445,https://digitalcontent.api.tesco.com/v2/media/ghs/26f7a6af-2893-49a8-8b7d-7240e9a82bf3/abe354af-2ad9-4887-baf2-38a3a14353fa_1958696641.jpeg?h=225&w=225,
309067119,Tesco 2 Pack Crochet Angel Hanging Decorations,https://www.tesco.com/groceries/en-GB/shop/home-and-ents/all?department=Christmas%20Decorations%20%26%20Home&viewAll=department&page=,£3.00,£1.50/each,,,/groceries/en-GB/products/309067119,https://digitalcontent.api.tesco.com/v2/media/ghs/3a57f38d-fafa-49a9-a135-8a0c69ff2d16/acbd25f8-fcdf-4d1e-9dbf-b39a95502cbe_1770312404.jpeg?h=225&w=225,
309065421,Tesco House Silhouette Hanging Decorations,https://www.tesco.com/groceries/en-GB/shop/home-and-ents/all?department=Christmas%20Decorations%20%26%20Home&viewAll=department&page=,£3.75,£3.75/each,,,/groceries/en-GB/products/309065421,https://digitalcontent.api.tesco.com/v2/media/ghs/772137fe-614d-45e2-8ab9-e7b2adf3fa01/2b8a017d-2a15-4e7c-a14e-6054c156231d_42454732.jpeg?h=225&w=225,
312050624,Tesco Belonging Christmas Wax Melt Burner,https://www.tesco.com/groceries/en-GB/shop/home-and-ents/all?department=Christmas%20Decorations%20%26%20Home&viewAll=department&page=,£4.00,£4.00/each,,,/groceries/en-GB/products/312050624,https://digitalcontent.api.tesco.com/v2/media/ghs/e393c3f6-58a4-439a-8d19-5b466023c1fd/6044911f-affd-4666-9a9d-728779ee0f44_564282997.jpeg?h=225&w=225,
312282997,Amscan White Wash Led Candle,https://www.tesco.com/groceries/en-GB/shop/home-and-ents/all?department=Christmas%20Decorations%20%26%20Home&viewAll=department&page=,£4.00,£4.00/each,,,/groceries/en-GB/products/312282997,https://digitalcontent.api.tesco.com/v2/media/ghs/0b73317d-3f7f-4e6a-9805-3ad8dcab3aed/d1c1a6cc-6046-4ed6-b58e-859bb634134d_706223331.jpeg?h=225&w=225,
312025154,Tesco Pinecone Heart Wreath Hanging Decoration,https://www.tesco.com/groceries/en-GB/shop/home-and-ents/all?department=Christmas%20Decorations%20%26%20Home&viewAll=department&page=,£2.75,£2.75/each,,,/groceries/en-GB/products/312025154,https://digitalcontent.api.tesco.com/v2/media/ghs/c8e7c0bf-fee9-474e-aa9a-9dfdf2c8c5fe/aced8d6d-4a9e-42d2-8bdf-101aacdfb183_907277601.jpeg?h=225&w=225,
312102506,Talking Tables Pudding Party Poppers 8 Pk.,https://www.tesco.com/groceries/en-GB/shop/home-and-ents/all?department=Christmas%20Decorations%20%26%20Home&viewAll=department&page=,£2.50,£0.31/each,,New,/groceries/en-GB/products/312102506,https://digitalcontent.api.tesco.com/v2/media/ghs/a6ee21bc-9d51-4601-8f9b-dd7003ef0bfa/ed0192c3-052a-4148-b50c-44fd2a36cade_574302657.jpeg?h=225&w=225,
309066921,Tesco Felt Mistletoe Hanging Decoration,https://www.tesco.com/groceries/en-GB/shop/home-and-ents/all?department=Christmas%20Decorations%20%26%20Home&viewAll=department&page=,£2.75,£2.75/each,,,/groceries/en-GB/products/309066921,https://digitalcontent.api.tesco.com/v2/media/ghs/c9bf7605-7304-40c1-b0e7-bff387516172/8fbf7c41-dbd9-4c9a-93fb-a8d59b1099aa_1564640767.jpeg?h=225&w=225,
312146667,Tesco Constellation Star Plate 10 Pack,https://www.tesco.com/groceries/en-GB/shop/home-and-ents/all?department=Christmas%20Decorations%20%26%20Home&viewAll=department&page=,£1.50,£0.15/each,,,/groceries/en-GB/products/312146667,https://digitalcontent.api.tesco.com/v2/media/ghs/6997d7a6-888c-4b20-9026-3d7d944da2a8/64740033-341d-4d0f-9924-4f666224a1ee_321547171.jpeg?h=225&w=225,
309065853,Tesco 3 Pack Iridescent Tinsel Pom Baubles,https://www.tesco.com/groceries/en-GB/shop/home-and-ents/all?department=Christmas%20Decorations%20%26%20Home&viewAll=department&page=,£3.00,£1.00/each,,,/groceries/en-GB/products/309065853,https://digitalcontent.api.tesco.com/v2/media/ghs/2754b53f-8204-483e-90c3-0ed4c55052bd/29ccb966-878e-41b1-89c6-4d48a7e8c941_1817366345.jpeg?h=225&w=225,
309066748,Tesco 2 Pack Rustic Wooden Scene Hanging Decorations,https://www.tesco.com/groceries/en-GB/shop/home-and-ents/all?department=Christmas%20Decorations%20%26%20Home&viewAll=department&page=,£1.50,£0.75/each,,,/groceries/en-GB/products/309066748,https://digitalcontent.api.tesco.com/v2/media/ghs/66db22fd-2cdb-4d17-a8c2-a60cb9a21adc/b0626e31-fdf2-4342-8322-c0d7ec359a44_732449579.jpeg?h=225&w=225,
309059567,"Tesco 500 Mfunction Multi-Coloured Lights  - Mains Powered, Suitable For Indoor And Outdoor Use (Approx 42.4M)",https://www.tesco.com/groceries/en-GB/shop/home-and-ents/all?department=Christmas%20Decorations%20%26%20Home&viewAll=department&page=,£30.00,£0.06/each,£20.00 Clubcard Price,,/groceries/en-GB/products/309059567,https://digitalcontent.api.tesco.com/v2/media/ghs/4d327382-00d4-4535-a8db-303c22c6851f/6f97e80a-cb75-483a-9cd5-3f3faa359658_1139960948.jpeg?h=225&w=225,
309059596,"Tesco 1000 Mfunction Bright White Lights  - Mains Powered, Suitable For Indoor And Outdoor Use (Approx 79.9M)",https://www.tesco.com/groceries/en-GB/shop/home-and-ents/all?department=Christmas%20Decorations%20%26%20Home&viewAll=department&page=,£45.00,£45.00/each,£30.00 Clubcard Price,,/groceries/en-GB/products/309059596,https://digitalcontent.api.tesco.com/v2/media/ghs/5e1f2400-9604-4d24-9ccc-b6b4546d930b/a77a3155-2499-4087-ae83-f0e62f94823e_1918505926.jpeg?h=225&w=225,
312317379,Tesco 200 Multicolour Net Lights,https://www.tesco.com/groceries/en-GB/shop/home-and-ents/all?department=Christmas%20Decorations%20%26%20Home&viewAll=department&page=,£20.00,£20.00/each,£13.00 Clubcard Price,,/groceries/en-GB/products/312317379,https://digitalcontent.api.tesco.com/v2/media/ghs/3a897b3c-229c-4bce-bf65-ee1552356bd5/8e5cde0d-eb50-48c9-8197-ff0e0db47df5_102133040.jpeg?h=225&w=225,
312215488,Disney Mickey Garland,https://www.tesco.com/groceries/en-GB/shop/home-and-ents/all?department=Christmas%20Decorations%20%26%20Home&viewAll=department&page=,£20.00,£20.00/each,,,/groceries/en-GB/products/312215488,https://digitalcontent.api.tesco.com/v2/media/ghs/bf53ce50-4ae7-4686-b112-fac7268df7e0/57b35657-3581-48ef-9745-ce14f0c0ab11_953506342.jpeg?h=225&w=225,
311937390,Christmas Workshop Forest Led Advent Calendar,https://www.tesco.com/groceries/en-GB/shop/home-and-ents/all?department=Christmas%20Decorations%20%26%20Home&viewAll=department&page=,£20.00,£20.00/each,,,/groceries/en-GB/products/311937390,https://digitalcontent.api.tesco.com/v2/media/ghs/5691cf98-f2e6-42d2-99c9-08478ca75c75/4991dcb7-8204-46be-806c-083742071e12_987606492.jpeg?h=225&w=225,
311853690,Tesco Gonks Easy Care Duvet Set Single,https://www.tesco.com/groceries/en-GB/shop/home-and-ents/all?department=Christmas%20Decorations%20%26%20Home&viewAll=department&page=,£14.00,£14.00/each,,New,/groceries/en-GB/products/311853690,https://digitalcontent.api.tesco.com/v2/media/ghs/929804e5-cabb-499c-99be-775858c64dd7/5b51b6cc-ea15-48b4-9cb9-a97ac0d3ede7_1003836642.jpeg?h=225&w=225,
311959542,Marvel Baubles 6 Pack,https://www.tesco.com/groceries/en-GB/shop/home-and-ents/all?department=Christmas%20Decorations%20%26%20Home&viewAll=department&page=,£10.00,£1.67/each,,,/groceries/en-GB/products/311959542,https://digitalcontent.api.tesco.com/v2/media/ghs/891a4d8c-d912-445d-ae7d-cd04d88514a1/755c28c4-cc67-40f6-ba03-e308e61e52a8_1343317976.jpeg?h=225&w=225,
309059439,"Tesco 100 Red Berry Lights - Mains Powered, Suitable For Indoor And Outdoor Use (Approx 10.4M)",https://www.tesco.com/groceries/en-GB/shop/home-and-ents/all?department=Christmas%20Decorations%20%26%20Home&viewAll=department&page=,£12.00,£12.00/each,£8.00 Clubcard Price,,/groceries/en-GB/products/309059439,https://digitalcontent.api.tesco.com/v2/media/ghs/45f813b3-e72f-41ae-8a1f-0dbd8d94ed45/87fa189d-17ad-4644-98e4-e23a46585f83_2113661263.jpeg?h=225&w=225,
309059498,"Tesco 200 Mfunction Multi-Coloured Lights  - Mains Powered, Suitable For Indoor And Outdoor Use (Approx 19.9M)",https://www.tesco.com/groceries/en-GB/shop/home-and-ents/all?department=Christmas%20Decorations%20%26%20Home&viewAll=department&page=,£12.00,£12.00/each,£8.00 Clubcard Price,,/groceries/en-GB/products/309059498,https://digitalcontent.api.tesco.com/v2/media/ghs/1d2ea920-45b0-4d5c-b853-9632f1197e1d/f761f144-82f9-4448-b96c-312ba7d988c1_1937504963.jpeg?h=225&w=225,
311870191,Tesco Belonging Robin Serving Bowl,https://www.tesco.com/groceries/en-GB/shop/home-and-ents/all?department=Christmas%20Decorations%20%26%20Home&viewAll=department&page=,£10.00,£10.00/each,,,/groceries/en-GB/products/311870191,https://digitalcontent.api.tesco.com/v2/media/ghs/2eb40604-06f6-494a-8ac6-b3539a4db76e/65226805-589e-401a-8d17-8e0480b58111_76155891.jpeg?h=225&w=225,
312123781,Tesco 20 Glitter Bulb Lights,https://www.tesco.com/groceries/en-GB/shop/home-and-ents/all?department=Christmas%20Decorations%20%26%20Home&viewAll=department&page=,£10.00,£10.00/each,,,/groceries/en-GB/products/312123781,https://digitalcontent.api.tesco.com/v2/media/ghs/e927e34f-8a1b-482b-8415-ee15ee69d682/abe7dbbc-5a22-4f8f-b881-d7e41e9cfee7_1748497074.jpeg?h=225&w=225,
309059446,"Tesco 100 White Crackle Berry Lights - Mains Powered, Suitable For Indoor And Outdoor Use (Approx 10.4M)",https://www.tesco.com/groceries/en-GB/shop/home-and-ents/all?department=Christmas%20Decorations%20%26%20Home&viewAll=department&page=,£12.00,£12.00/each,£8.00 Clubcard Price,,/groceries/en-GB/products/309059446,https://digitalcontent.api.tesco.com/v2/media/ghs/d81511a3-fe19-460f-8763-d4266e0e20c4/c4f0a5be-7a5f-4daa-b646-27b0f59f3e06_213095315.jpeg?h=225&w=225,
309110679,Tesco Snowflake Felt Placemats 4 Pack,https://www.tesco.com/groceries/en-GB/shop/home-and-ents/all?department=Christmas%20Decorations%20%26%20Home&viewAll=department&page=,£8.00,£2.00/each,,,/groceries/en-GB/products/309110679,https://digitalcontent.api.tesco.com/v2/media/ghs/9fdb38a2-e6ba-4513-9388-6d73151da40a/0505bb62-880c-4c1f-8455-433755a26121_724400442.jpeg?h=225&w=225,
311938976,Christmas Workshop Musical Snowman Snow Globe,https://www.tesco.com/groceries/en-GB/shop/home-and-ents/all?department=Christmas%20Decorations%20%26%20Home&viewAll=department&page=,£10.00,£10.00/each,,,/groceries/en-GB/products/311938976,https://digitalcontent.api.tesco.com/v2/media/ghs/c1c0ca07-2d5c-41d1-902f-d5a5b9d3e685/e380ab2b-26f7-4051-82bf-8750d797b6ba_1002758276.jpeg?h=225&w=225,
311694670,Christmas Workshop North Pole Sign Post,https://www.tesco.com/groceries/en-GB/shop/home-and-ents/all?department=Christmas%20Decorations%20%26%20Home&viewAll=department&page=,£7.00,£7.00/each,,,/groceries/en-GB/products/311694670,https://digitalcontent.api.tesco.com/v2/media/ghs/4c52072b-df6c-47bd-ad8a-1bdbad809914/33ea0e77-dda3-44de-9928-4f860d1719d1_893370565.jpeg?h=225&w=225,
306245305,Status Energy Saving 24 Hour Mechanical Timer,https://www.tesco.com/groceries/en-GB/shop/home-and-ents/all?department=Christmas%20Decorations%20%26%20Home&viewAll=department&page=,£5.50,£5.50/each,,,/groceries/en-GB/products/306245305,https://digitalcontent.api.tesco.com/v2/media/ghs/bd2eab4f-384f-4368-930f-d892acad3481/2ac2f225-ba5c-409a-bb1a-568c4cc765e5_128452803.jpeg?h=225&w=225,
312024987,Tesco Merry Christmas Light Up Star Decoration,https://www.tesco.com/groceries/en-GB/shop/home-and-ents/all?department=Christmas%20Decorations%20%26%20Home&viewAll=department&page=,£7.00,£7.00/each,,New,/groceries/en-GB/products/312024987,https://digitalcontent.api.tesco.com/v2/media/ghs/38cff0fd-94f5-4d8b-a007-fa12d527ead6/02d95083-7ed1-498a-8acb-d3d9c221228c_695495396.jpeg?h=225&w=225,
311785793,Candlelight Light Up Gold Candle Frankincense 70G,https://www.tesco.com/groceries/en-GB/shop/home-and-ents/all?department=Christmas%20Decorations%20%26%20Home&viewAll=department&page=,£8.50,£121.43/kg,,New,/groceries/en-GB/products/311785793,https://digitalcontent.api.tesco.com/v2/media/ghs/582555d6-a554-4447-945a-3b5e155237cb/b65b81fa-4f0b-4384-a5de-ec797fb9fc1f_1437911400.jpeg?h=225&w=225,
312145812,Tesco Belonging Green Christmas Tree Pillar Candle 670G,https://www.tesco.com/groceries/en-GB/shop/home-and-ents/all?department=Christmas%20Decorations%20%26%20Home&viewAll=department&page=,£8.00,£11.95/kg,,New,/groceries/en-GB/products/312145812,https://digitalcontent.api.tesco.com/v2/media/ghs/099ee32a-c814-4e7e-9ac6-31dd7b744ec2/37a83617-61db-41e8-b66f-d6070ef04dea_873620084.jpeg?h=225&w=225,
312145870,Tesco Belonging Gold Christmas Orange & Cinnamon Candle 230G,https://www.tesco.com/groceries/en-GB/shop/home-and-ents/all?department=Christmas%20Decorations%20%26%20Home&viewAll=department&page=,£8.00,£34.79/kg,,New,/groceries/en-GB/products/312145870,https://digitalcontent.api.tesco.com/v2/media/ghs/4433b764-8250-4385-ab70-cd41269deac8/d63f34f0-8ebe-4ec2-a5b7-7bf361d5eab1_278937160.jpeg?h=225&w=225,
311428514,Christmas Workshop Pom Pom Tree Skirt,https://www.tesco.com/groceries/en-GB/shop/home-and-ents/all?department=Christmas%20Decorations%20%26%20Home&viewAll=department&page=,£5.00,£5.00/each,,,/groceries/en-GB/products/311428514,https://digitalcontent.api.tesco.com/v2/media/ghs/ff0d5834-e878-44b4-9df4-7752b2a2869a/f2b2a9e7-dd4a-44c5-b04a-58d6074f66b7_1844615036.jpeg?h=225&w=225,
311825142,Tesco Belonging Alphabet Mug H,https://www.tesco.com/groceries/en-GB/shop/home-and-ents/all?department=Christmas%20Decorations%20%26%20Home&viewAll=department&page=,£5.00,£5.00/each,,,/groceries/en-GB/products/311825142,https://digitalcontent.api.tesco.com/v2/media/ghs/1490cc01-2755-410d-901f-13a4a8b54a1d/e10a7263-a0ff-4221-a3c5-61ba4554b8fd_233030417.jpeg?h=225&w=225,
312097753,Disney Mickey Stocking,https://www.tesco.com/groceries/en-GB/shop/home-and-ents/all?department=Christmas%20Decorations%20%26%20Home&viewAll=department&page=,£7.00,£7.00/each,,New,/groceries/en-GB/products/312097753,https://digitalcontent.api.tesco.com/v2/media/ghs/a46e5111-129e-4aa5-b810-26c28b0e6d56/d50435cb-caf3-4e7f-b64d-5f6a9ca85c01_1601169014.jpeg?h=225&w=225,
312145835,Tesco Belonging White Christmas Tree Pillar Candle 350G,https://www.tesco.com/groceries/en-GB/shop/home-and-ents/all?department=Christmas%20Decorations%20%26%20Home&viewAll=department&page=,£5.00,£14.29/kg,,New,/groceries/en-GB/products/312145835,https://digitalcontent.api.tesco.com/v2/media/ghs/0b7652cc-1860-413b-a200-8a0af2295e85/37fe0e45-8235-4c83-80c7-8b6448ff4955_1998903671.jpeg?h=225&w=225,
312169876,Tesco Belonging Tealight Holder And Tealight,https://www.tesco.com/groceries/en-GB/shop/home-and-ents/all?department=Christmas%20Decorations%20%26%20Home&viewAll=department&page=,£5.00,£5.00/each,,New,/groceries/en-GB/products/312169876,https://digitalcontent.api.tesco.com/v2/media/ghs/b2c76a3e-f5e3-4ed3-bc1a-1d00f17ea3ed/146b9ff5-f108-4b32-9c0d-7ae99776d696_743314417.jpeg?h=225&w=225,
312145806,Tesco Belonging Green Christmas Tree Pillar Candle 300G,https://www.tesco.com/groceries/en-GB/shop/home-and-ents/all?department=Christmas%20Decorations%20%26%20Home&viewAll=department&page=,£5.00,£16.67/kg,,New,/groceries/en-GB/products/312145806,https://digitalcontent.api.tesco.com/v2/media/ghs/057ba01f-7d72-4f64-a090-79160fb87979/269097b4-8a90-4897-a375-d1eb9a028dde_2106512482.jpeg?h=225&w=225,
309065559,Tesco 10 Pack Wooden Shapes With Green Hanging Decorations,https://www.tesco.com/groceries/en-GB/shop/home-and-ents/all?department=Christmas%20Decorations%20%26%20Home&viewAll=department&page=,£3.50,£0.35/each,,,/groceries/en-GB/products/309065559,https://digitalcontent.api.tesco.com/v2/media/ghs/5a8a960d-c238-40bb-a617-6a78239e18ce/6124a68a-7890-43c4-b4e4-f0409af2a679_1981428632.jpeg?h=225&w=225,
311943376,Wax Lyrical Merry & Bright Pot Pourri 180G,https://www.tesco.com/groceries/en-GB/shop/home-and-ents/all?department=Christmas%20Decorations%20%26%20Home&viewAll=department&page=,£5.00,£27.78/kg,,New,/groceries/en-GB/products/311943376,https://digitalcontent.api.tesco.com/v2/media/ghs/706757c7-430c-444d-8bd4-a3fb32e462fc/9154daad-6c88-48aa-93b5-fd485a5bf50b_1683355159.jpeg?h=225&w=225,
312025148,Tesco Disco Ball Hanging Decoration,https://www.tesco.com/groceries/en-GB/shop/home-and-ents/all?department=Christmas%20Decorations%20%26%20Home&viewAll=department&page=,£2.75,£2.75/each,,,/groceries/en-GB/products/312025148,https://digitalcontent.api.tesco.com/v2/media/ghs/4e9787fc-2b75-46d6-b038-be3e66f7f490/1fd70a8d-f1bf-4b71-873a-46aa0f1c6dc6_164649693.jpeg?h=225&w=225,
312025436,Tesco Blue Marble Heart Hanging Decoration,https://www.tesco.com/groceries/en-GB/shop/home-and-ents/all?department=Christmas%20Decorations%20%26%20Home&viewAll=department&page=,£2.75,£2.75/each,,,/groceries/en-GB/products/312025436,https://digitalcontent.api.tesco.com/v2/media/ghs/772bd2a9-264c-4ed9-8788-81cf718fa17f/89c94cbc-2e0a-41e2-b0d7-55dad31eb138_2100796249.jpeg?h=225&w=225,
309065663,Tesco Foliage Sleigh Hanging Decoration,https://www.tesco.com/groceries/en-GB/shop/home-and-ents/all?department=Christmas%20Decorations%20%26%20Home&viewAll=department&page=,£2.75,£2.75/each,,,/groceries/en-GB/products/309065663,https://digitalcontent.api.tesco.com/v2/media/ghs/df3a7f16-69ea-4392-a101-dfc31d6b9c93/d81dee39-3172-4102-ad07-d03b2c273e42_900609546.jpeg?h=225&w=225,
312146068,Fox & Ivy Sparkle Alphabet Candle Star 170G,https://www.tesco.com/groceries/en-GB/shop/home-and-ents/all?department=Christmas%20Decorations%20%26%20Home&viewAll=department&page=,£4.00,£23.53/kg,,New,/groceries/en-GB/products/312146068,https://digitalcontent.api.tesco.com/v2/media/ghs/351037c3-b4c2-44f5-a228-95642e29deb3/f9bd04a1-e9f4-4a44-b85d-aa20f9fd40f4_1251645913.jpeg?h=225&w=225,
312145962,Fox & Ivy Sparkle Alphabet Candle J 170G,https://www.tesco.com/groceries/en-GB/shop/home-and-ents/all?department=Christmas%20Decorations%20%26%20Home&viewAll=department&page=,£4.00,£23.53/kg,,New,/groceries/en-GB/products/312145962,https://digitalcontent.api.tesco.com/v2/media/ghs/ffd73fa0-9038-4185-9a64-e06da2d2d7a6/5b4e4033-b0e7-49bf-abc4-c80267f98794_782861249.jpeg?h=225&w=225,
312145985,Fox & Ivy Sparkle Alphabet Candle L 170G,https://www.tesco.com/groceries/en-GB/shop/home-and-ents/all?department=Christmas%20Decorations%20%26%20Home&viewAll=department&page=,£4.00,£23.53/kg,,,/groceries/en-GB/products/312145985,https://digitalcontent.api.tesco.com/v2/media/ghs/599f5c15-8622-4693-a13b-d95371dbbb0b/80f1d7a4-e5be-4b30-a300-650fe1728327_1459899211.jpeg?h=225&w=225,
309065801,Tesco 15Pk Forest Greens Tree Shape Baubles,https://www.tesco.com/groceries/en-GB/shop/home-and-ents/all?department=Christmas%20Decorations%20%26%20Home&viewAll=department&page=,£3.00,£0.20/each,,,/groceries/en-GB/products/309065801,https://digitalcontent.api.tesco.com/v2/media/ghs/c3511310-88f5-4840-b5ca-25367bcb2389/b063ab9f-9ef7-4948-82d8-2a4d0efe1736_1423117307.jpeg?h=225&w=225,
312169853,Tesco Belonging Mulled Wine Candle 170G,https://www.tesco.com/groceries/en-GB/shop/home-and-ents/all?department=Christmas%20Decorations%20%26%20Home&viewAll=department&page=,£3.50,£20.59/kg,,New,/groceries/en-GB/products/312169853,https://digitalcontent.api.tesco.com/v2/media/ghs/9ffe165a-6399-4eae-9ce3-121196616bff/e42d043a-a89c-463e-99ca-6eb8c05a8eac_625698808.jpeg?h=225&w=225,
309065513,Tesco 20 Pack Silver Mini Baubles,https://www.tesco.com/groceries/en-GB/shop/home-and-ents/all?department=Christmas%20Decorations%20%26%20Home&viewAll=department&page=,£1.50,£0.08/each,,,/groceries/en-GB/products/309065513,https://digitalcontent.api.tesco.com/v2/media/ghs/47886021-8ad9-479e-b2c9-00a4e968312a/25e81718-b65a-4204-8452-baf88f354762_913293844.jpeg?h=225&w=225,
309059417,"Tesco 400 Bright White Icicle Lights - Mains Powered, Suitable For Indoor And Outdoor Use",https://www.tesco.com/groceries/en-GB/shop/home-and-ents/all?department=Christmas%20Decorations%20%26%20Home&viewAll=department&page=,£30.00,£30.00/each,£20.00 Clubcard Price,,/groceries/en-GB/products/309059417,https://digitalcontent.api.tesco.com/v2/media/ghs/98fdbccb-ba80-4ddc-bbfc-98106eb0048a/ae2852a0-2702-4a0b-99e8-938931ff6fcd_1529104259.jpeg?h=225&w=225,
309059521,"Tesco 300 Mfunction Multi-Coloured Lights  - Mains Powered, Suitable For Indoor And Outdoor Use (Approx 27.4M)",https://www.tesco.com/groceries/en-GB/shop/home-and-ents/all?department=Christmas%20Decorations%20%26%20Home&viewAll=department&page=,£18.00,£18.00/each,£12.00 Clubcard Price,,/groceries/en-GB/products/309059521,https://digitalcontent.api.tesco.com/v2/media/ghs/b05ee97e-056d-4b09-9383-c84f124ef49a/ff9e77df-385e-44d5-b2b9-4d08c7f3c212_1494710507.jpeg?h=225&w=225,
309059538,"Tesco 300 Mfunction Warm White Lights  - Mains Powered, Suitable For Indoor And Outdoor Use (Approx 27.4M)",https://www.tesco.com/groceries/en-GB/shop/home-and-ents/all?department=Christmas%20Decorations%20%26%20Home&viewAll=department&page=,£18.00,£18.00/each,£12.00 Clubcard Price,,/groceries/en-GB/products/309059538,https://digitalcontent.api.tesco.com/v2/media/ghs/badfb449-5c75-462d-a4c1-f5d4c95c18b8/781ce5cf-8bf0-478f-baef-73a9346f7583_816271087.jpeg?h=225&w=225,
311677610,Christmas Workshop White Faux Fur Tree Skirt,https://www.tesco.com/groceries/en-GB/shop/home-and-ents/all?department=Christmas%20Decorations%20%26%20Home&viewAll=department&page=,£16.00,£16.00/each,,,/groceries/en-GB/products/311677610,https://digitalcontent.api.tesco.com/v2/media/ghs/8cfd520a-ba8a-45db-9fc4-7501b9218402/b147cd15-c915-4049-a595-dfae386ed8d5_229317206.jpeg?h=225&w=225,
312317385,Tesco 200 Warm White Net Lights,https://www.tesco.com/groceries/en-GB/shop/home-and-ents/all?department=Christmas%20Decorations%20%26%20Home&viewAll=department&page=,£20.00,£20.00/each,£13.00 Clubcard Price,,/groceries/en-GB/products/312317385,https://digitalcontent.api.tesco.com/v2/media/ghs/2dd9ce77-c33c-4b69-a625-ea944b2760a1/9dbe6094-fff9-4b31-9809-161efe1adfb9_1500959310.jpeg?h=225&w=225,
311721529,Fox & Ivy Hexangonal Crackers 6 Pack,https://www.tesco.com/groceries/en-GB/shop/home-and-ents/all?department=Christmas%20Decorations%20%26%20Home&viewAll=department&page=,£15.00,£2.50/each,,,/groceries/en-GB/products/311721529,https://digitalcontent.api.tesco.com/v2/media/ghs/e17f1cc6-7121-4165-baa9-54f8731115f6/1fb02dee-925b-480d-827b-9632ff859102_2086530409.jpeg?h=225&w=225,
311961711,Tesco Belonging Woodland Oval Platter,https://www.tesco.com/groceries/en-GB/shop/home-and-ents/all?department=Christmas%20Decorations%20%26%20Home&viewAll=department&page=,£12.00,£12.00/each,,,/groceries/en-GB/products/311961711,https://digitalcontent.api.tesco.com/v2/media/ghs/1740d633-40d4-4e0c-876a-2e8158d1f412/69a0ef63-78f3-40b0-a176-63b8cd29f91a_307294003.jpeg?h=225&w=225,
309059481,"Tesco 200 Mfunction Bright White Lights  - Mains Powered, Suitable For Indoor And Outdoor Use (Approx 19.9M)",https://www.tesco.com/groceries/en-GB/shop/home-and-ents/all?department=Christmas%20Decorations%20%26%20Home&viewAll=department&page=,£12.00,£12.00/each,£8.00 Clubcard Price,,/groceries/en-GB/products/309059481,https://digitalcontent.api.tesco.com/v2/media/ghs/09ede7b4-5679-4e07-be64-ef59f25c847b/84df2978-619c-4859-9a35-e78f5d70454a_2078320191.jpeg?h=225&w=225,
309065922,Tesco 50 Pack Red Decorations,https://www.tesco.com/groceries/en-GB/shop/home-and-ents/all?department=Christmas%20Decorations%20%26%20Home&viewAll=department&page=,£8.00,£0.16/each,,,/groceries/en-GB/products/309065922,https://digitalcontent.api.tesco.com/v2/media/ghs/ac7e186e-ffba-4d07-be32-bb0378013be0/9f0ca25e-207e-4882-8dce-bc6bc584fe8c_1346594831.jpeg?h=225&w=225,
309065818,Tesco 50 Pack Gold Decorations,https://www.tesco.com/groceries/en-GB/shop/home-and-ents/all?department=Christmas%20Decorations%20%26%20Home&viewAll=department&page=,£8.00,£0.16/each,,,/groceries/en-GB/products/309065818,https://digitalcontent.api.tesco.com/v2/media/ghs/e71e257e-6ee1-4a89-b87e-2867b5f45d5b/800487ab-72db-449e-b5f5-4c2a30297da0_1934915185.jpeg?h=225&w=225,
309065657,Tesco 50 Pack Silver Decorations,https://www.tesco.com/groceries/en-GB/shop/home-and-ents/all?department=Christmas%20Decorations%20%26%20Home&viewAll=department&page=,£8.00,£0.16/each,,,/groceries/en-GB/products/309065657,https://digitalcontent.api.tesco.com/v2/media/ghs/aa1a4cf6-058a-481b-84bc-d1c5508f7a9c/5dbe3ae7-81ab-483d-bce9-67e2ce9aee5a_706621796.jpeg?h=225&w=225,
309110691,Tesco Snowflake Felt Runner,https://www.tesco.com/groceries/en-GB/shop/home-and-ents/all?department=Christmas%20Decorations%20%26%20Home&viewAll=department&page=,£8.50,£8.50/each,,,/groceries/en-GB/products/309110691,https://digitalcontent.api.tesco.com/v2/media/ghs/5f9f5543-6a28-4de3-88a3-1232139b9728/073ad0f1-1ada-4518-866d-376c688e595a_1678426080.jpeg?h=225&w=225,
306528189,Tesco White Oval Platter,https://www.tesco.com/groceries/en-GB/shop/home-and-ents/all?department=Christmas%20Decorations%20%26%20Home&viewAll=department&page=,£7.00,£7.00/each,,,/groceries/en-GB/products/306528189,https://digitalcontent.api.tesco.com/v2/media/ghs/8d6ab0f8-c493-489f-b7b9-95f60ca535f7/snapshotimagehandler_1033128469.jpeg?h=225&w=225,
311521196,Tesco Disney Minnie Mouse Kids Apron & Hat,https://www.tesco.com/groceries/en-GB/shop/home-and-ents/all?department=Christmas%20Decorations%20%26%20Home&viewAll=department&page=,£7.00,£7.00/each,,New,/groceries/en-GB/products/311521196,https://digitalcontent.api.tesco.com/v2/media/ghs/49c9a05e-624c-43e0-9b70-5ede789d7877/5c7a2641-50f2-4e87-86ee-4db3f6fda13e_1340637813.jpeg?h=225&w=225,
309059452,"Tesco 100 Mfunction Bright White Lights  - Mains Powered, Suitable For Indoor And Outdoor Use (Approx 10.4M)",https://www.tesco.com/groceries/en-GB/shop/home-and-ents/all?department=Christmas%20Decorations%20%26%20Home&viewAll=department&page=,£7.50,£7.50/each,£5.00 Clubcard Price,,/groceries/en-GB/products/309059452,https://digitalcontent.api.tesco.com/v2/media/ghs/6437a237-6a04-4ab9-9494-3e0b1978486d/3d602c40-0fe2-41d2-878e-c7b41bfd6d8c_1409375176.jpeg?h=225&w=225,
312123769,Tesco 25 Silver Bead Battery Wire Lights,https://www.tesco.com/groceries/en-GB/shop/home-and-ents/all?department=Christmas%20Decorations%20%26%20Home&viewAll=department&page=,£6.00,£6.00/each,£4.00 Clubcard Price,,/groceries/en-GB/products/312123769,https://digitalcontent.api.tesco.com/v2/media/ghs/763b7a98-2b88-4b0d-8e2e-a8fdd0f36bfd/70a9c1fe-31ef-422f-834d-f79a6c544522_21455666.jpeg?h=225&w=225,
311870202,Tesco Belonging Robin Serving Plate,https://www.tesco.com/groceries/en-GB/shop/home-and-ents/all?department=Christmas%20Decorations%20%26%20Home&viewAll=department&page=,£6.00,£6.00/each,,,/groceries/en-GB/products/311870202,https://digitalcontent.api.tesco.com/v2/media/ghs/6759ac26-5fcf-46c1-a756-2f4c37522eef/34d62c5e-d657-4c25-80bd-1e86b2e8f0bb_93792449.jpeg?h=225&w=225,
311825087,Tesco Belonging Alphabet Mug A,https://www.tesco.com/groceries/en-GB/shop/home-and-ents/all?department=Christmas%20Decorations%20%26%20Home&viewAll=department&page=,£5.00,£5.00/each,,,/groceries/en-GB/products/311825087,https://digitalcontent.api.tesco.com/v2/media/ghs/dd54cd83-f810-40db-9f40-6f9de5bc7192/4b7a0af6-bbe3-41fb-8c7a-72aafa2169cb_2136050441.jpeg?h=225&w=225,
311825159,Tesco Belonging Alphabet Mug J,https://www.tesco.com/groceries/en-GB/shop/home-and-ents/all?department=Christmas%20Decorations%20%26%20Home&viewAll=department&page=,£5.00,£5.00/each,,,/groceries/en-GB/products/311825159,https://digitalcontent.api.tesco.com/v2/media/ghs/d3e02431-a775-4b85-af40-e89bdbf568dd/3561f81e-ad7f-46dc-8a06-206568ce4191_1037594751.jpeg?h=225&w=225,
311825263,Tesco Belonging Stag Mug,https://www.tesco.com/groceries/en-GB/shop/home-and-ents/all?department=Christmas%20Decorations%20%26%20Home&viewAll=department&page=,£5.00,£5.00/each,,,/groceries/en-GB/products/311825263,https://digitalcontent.api.tesco.com/v2/media/ghs/714b12d6-3188-4d2d-9902-33d0d69b523c/43800174-fdab-414b-a42c-37bb443399e1_1062850759.jpeg?h=225&w=225,
311825194,Tesco Belonging Alphabet Mug N,https://www.tesco.com/groceries/en-GB/shop/home-and-ents/all?department=Christmas%20Decorations%20%26%20Home&viewAll=department&page=,£5.00,£5.00/each,,,/groceries/en-GB/products/311825194,https://digitalcontent.api.tesco.com/v2/media/ghs/1b96a5fd-b3be-48b9-a148-c4025df49655/1ca269c3-e678-4f59-b11c-99a11f7d7aad_1480851596.jpeg?h=225&w=225,
312145887,Tesco Belonging Diffuser Vanilla & Spice 90Ml,https://www.tesco.com/groceries/en-GB/shop/home-and-ents/all?department=Christmas%20Decorations%20%26%20Home&viewAll=department&page=,£6.00,£66.67/litre,,New,/groceries/en-GB/products/312145887,https://digitalcontent.api.tesco.com/v2/media/ghs/bee579e0-678b-4c63-bbc0-41ae44d4497d/cd01b2b0-92ad-42ab-8828-2bf837c88963_1087825352.jpeg?h=225&w=225,
309033534,Tesco Embossed Robin Gravy Boat,https://www.tesco.com/groceries/en-GB/shop/home-and-ents/all?department=Christmas%20Decorations%20%26%20Home&viewAll=department&page=,£5.00,£5.00/each,,,/groceries/en-GB/products/309033534,https://digitalcontent.api.tesco.com/v2/media/ghs/439c0a9a-bd69-431b-96d4-22434aef7c5c/9d999bda-aafa-4cfb-bd22-9903bcfdeb91_448124563.jpeg?h=225&w=225,
312169882,Tesco Humble Ceramic Polar Bear Candle 110G,https://www.tesco.com/groceries/en-GB/shop/home-and-ents/all?department=Christmas%20Decorations%20%26%20Home&viewAll=department&page=,£5.00,£45.46/kg,,,/groceries/en-GB/products/312169882,https://digitalcontent.api.tesco.com/v2/media/ghs/861551fc-7a92-4769-908e-42bf87e64748/72636014-4d4c-45f1-ac1c-a872e622e4e6_1806029204.jpeg?h=225&w=225,
311931880,Wax Lyrical Joy To The World Pot Pourri 180G,https://www.tesco.com/groceries/en-GB/shop/home-and-ents/all?department=Christmas%20Decorations%20%26%20Home&viewAll=department&page=,£5.00,£27.78/kg,,New,/groceries/en-GB/products/311931880,https://digitalcontent.api.tesco.com/v2/media/ghs/8ed9f604-33cb-4549-bc95-2d6e4e3e8e40/2b4185e8-af5f-4141-a82d-29e16306eae6_1001410289.jpeg?h=225&w=225,
311722528,Tesco Disney Dumbo Mug,https://www.tesco.com/groceries/en-GB/shop/home-and-ents/all?department=Christmas%20Decorations%20%26%20Home&viewAll=department&page=,£3.50,£3.50/each,,,/groceries/en-GB/products/311722528,https://digitalcontent.api.tesco.com/v2/media/ghs/a55e19e4-c051-41f4-a803-9bf9a8cde166/ab08f04b-c886-46e6-93f9-483103890026_1751102886.jpeg?h=225&w=225,
312146039,Fox & Ivy Sparkle Alphabet Candle S 170G,https://www.tesco.com/groceries/en-GB/shop/home-and-ents/all?department=Christmas%20Decorations%20%26%20Home&viewAll=department&page=,£4.00,£23.53/kg,,New,/groceries/en-GB/products/312146039,https://digitalcontent.api.tesco.com/v2/media/ghs/2730f8f5-f62f-4d00-a935-001282412891/23374cae-4368-44c3-b573-53a5b15b58bf_391436672.jpeg?h=225&w=225,
312145991,Fox & Ivy Sparkle Alphabet Candle M 170G,https://www.tesco.com/groceries/en-GB/shop/home-and-ents/all?department=Christmas%20Decorations%20%26%20Home&viewAll=department&page=,£4.00,£23.53/kg,,New,/groceries/en-GB/products/312145991,https://digitalcontent.api.tesco.com/v2/media/ghs/ccc93740-2b28-48fc-9eb9-3172dd188568/29cff5cd-884c-433e-b8c1-7d1ac2c669d1_452359805.jpeg?h=225&w=225,
312146022,Fox & Ivy Sparkle Alphabet Candle R 170G,https://www.tesco.com/groceries/en-GB/shop/home-and-ents/all?department=Christmas%20Decorations%20%26%20Home&viewAll=department&page=,£4.00,£23.53/kg,,New,/groceries/en-GB/products/312146022,https://digitalcontent.api.tesco.com/v2/media/ghs/07a46b34-9999-4449-aae6-ab2069dbd8c3/bf8c5243-6bea-4b66-bfe2-339bab8934c3_1756933023.jpeg?h=225&w=225,
312145893,Fox & Ivy Sparkle Alphabet Candle A 170G,https://www.tesco.com/groceries/en-GB/shop/home-and-ents/all?department=Christmas%20Decorations%20%26%20Home&viewAll=department&page=,£4.00,£23.53/kg,,New,/groceries/en-GB/products/312145893,https://digitalcontent.api.tesco.com/v2/media/ghs/ae730464-ec6e-4bff-b2bf-47719e0ab29c/cff44907-84bc-4117-bcb6-9303c333a3e8_428697696.jpeg?h=225&w=225,
312145904,Fox & Ivy Sparkle Alphabet Candle B 170G,https://www.tesco.com/groceries/en-GB/shop/home-and-ents/all?department=Christmas%20Decorations%20%26%20Home&viewAll=department&page=,£4.00,£23.53/kg,,New,/groceries/en-GB/products/312145904,https://digitalcontent.api.tesco.com/v2/media/ghs/5bc34236-94e3-46a6-a274-8b29c101183c/a932cbad-734d-4293-b9d9-372138aade3a_923693491.jpeg?h=225&w=225,
312145979,Fox & Ivy Sparkle Alphabet Candle K 170G,https://www.tesco.com/groceries/en-GB/shop/home-and-ents/all?department=Christmas%20Decorations%20%26%20Home&viewAll=department&page=,£4.00,£23.53/kg,,,/groceries/en-GB/products/312145979,https://digitalcontent.api.tesco.com/v2/media/ghs/8811c726-d915-46fd-b007-66caf9bbc8de/2a048f77-84b3-4680-9b75-736a8c68e814_1047724013.jpeg?h=225&w=225,
312145910,Fox & Ivy Sparkle Alphabet Candle C 170G,https://www.tesco.com/groceries/en-GB/shop/home-and-ents/all?department=Christmas%20Decorations%20%26%20Home&viewAll=department&page=,£4.00,£23.53/kg,,New,/groceries/en-GB/products/312145910,https://digitalcontent.api.tesco.com/v2/media/ghs/51c22b21-5407-473a-a492-1a932f9727cc/347d1ec6-bc31-494e-a611-9af36c2de939_1472238087.jpeg?h=225&w=225,
312145927,Fox & Ivy Sparkle Alphabet Candle D 170G,https://www.tesco.com/groceries/en-GB/shop/home-and-ents/all?department=Christmas%20Decorations%20%26%20Home&viewAll=department&page=,£4.00,£23.53/kg,,New,/groceries/en-GB/products/312145927,https://digitalcontent.api.tesco.com/v2/media/ghs/adcc03cd-8ea6-471e-bd87-474ad285632e/dbc73216-8a86-4f91-87fe-9977735cc8c2_516713433.jpeg?h=225&w=225,
311463195,Tesco Disney Classic Mickey Mug,https://www.tesco.com/groceries/en-GB/shop/home-and-ents/all?department=Christmas%20Decorations%20%26%20Home&viewAll=department&page=,£3.00,£3.00/each,,,/groceries/en-GB/products/311463195,https://digitalcontent.api.tesco.com/v2/media/ghs/f63207fa-692d-471e-8aea-97d5bb6936e5/45306af5-0010-4a0f-a2f8-b1675f82de55_1930684436.jpeg?h=225&w=225,
312169867,Tesco Belonging Tree Decorating Candle 170G,https://www.tesco.com/groceries/en-GB/shop/home-and-ents/all?department=Christmas%20Decorations%20%26%20Home&viewAll=department&page=,£3.50,£20.59/kg,,New,/groceries/en-GB/products/312169867,https://digitalcontent.api.tesco.com/v2/media/ghs/5e986c01-bdf4-489e-b931-24175998831f/d7f8e2f5-da03-4bb5-87f3-94501ab1c1d3_1677877942.jpeg?h=225&w=225,
309065703,Tesco 4 Pack Painted Twig Frosted Baubles,https://www.tesco.com/groceries/en-GB/shop/home-and-ents/all?department=Christmas%20Decorations%20%26%20Home&viewAll=department&page=,£4.00,£1.00/each,,,/groceries/en-GB/products/309065703,https://digitalcontent.api.tesco.com/v2/media/ghs/5de672ee-d668-472e-875d-b38286c91f1d/c42586ce-0983-445d-ac73-ed20217b73bf_682621067.jpeg?h=225&w=225,
309059589,"Tesco 1000 Mfunction Warm White Lights  - Mains Powered, Suitable For Indoor And Outdoor Use (Approx 79.9M)",https://www.tesco.com/groceries/en-GB/shop/home-and-ents/all?department=Christmas%20Decorations%20%26%20Home&viewAll=department&page=,£45.00,£45.00/each,£30.00 Clubcard Price,,/groceries/en-GB/products/309059589,https://digitalcontent.api.tesco.com/v2/media/ghs/8a531dc5-3786-4105-b6ec-51e504b3431e/2a140a65-bb82-4b08-8168-8beed9dc188a_2091253926.jpeg?h=225&w=225,
309059573,"Tesco 500 Mfunction Warm White Lights  - Mains Powered, Suitable For Indoor And Outdoor Use (Approx 42.4M)",https://www.tesco.com/groceries/en-GB/shop/home-and-ents/all?department=Christmas%20Decorations%20%26%20Home&viewAll=department&page=,£30.00,£30.00/each,£20.00 Clubcard Price,,/groceries/en-GB/products/309059573,https://digitalcontent.api.tesco.com/v2/media/ghs/d6493c99-1e7c-4f26-a968-1fe8e224591b/02233374-a60f-4870-8a34-a4dcde94e0d8_816822373.jpeg?h=225&w=225,
309059550,"Tesco 500 Mfunction Bright White Lights  - Mains Powered, Suitable For Indoor And Outdoor Use (Approx 42.4M)",https://www.tesco.com/groceries/en-GB/shop/home-and-ents/all?department=Christmas%20Decorations%20%26%20Home&viewAll=department&page=,£30.00,£0.06/each,£20.00 Clubcard Price,,/groceries/en-GB/products/309059550,https://digitalcontent.api.tesco.com/v2/media/ghs/bb6176ff-dcf7-4454-b6d5-b1b24b962a81/6800a2fd-811c-4680-9ea1-fe8ce3db6e0b_600230745.jpeg?h=225&w=225,
309059400,"Tesco 400 Warm White Icicle Lights - Mains Powered, Suitable For Indoor And Outdoor Use",https://www.tesco.com/groceries/en-GB/shop/home-and-ents/all?department=Christmas%20Decorations%20%26%20Home&viewAll=department&page=,£30.00,£30.00/each,£20.00 Clubcard Price,,/groceries/en-GB/products/309059400,https://digitalcontent.api.tesco.com/v2/media/ghs/b62ae25e-1501-424c-818c-ca4987769e44/d0f40893-2cb0-4121-9990-87c99114a344_1681267882.jpeg?h=225&w=225,
312198478,Tesco Sherpa Tree Throw,https://www.tesco.com/groceries/en-GB/shop/home-and-ents/all?department=Christmas%20Decorations%20%26%20Home&viewAll=department&page=,£20.00,£20.00/each,,,/groceries/en-GB/products/312198478,https://digitalcontent.api.tesco.com/v2/media/ghs/63810fc0-1ec3-4412-a530-abac91076895/ac25efa2-e6c3-4f94-b5fa-175d5ff638d2_1104080890.jpeg?h=225&w=225,
309059515,"Tesco 300 Mfunction Bright White Lights  - Mains Powered, Suitable For Indoor And Outdoor Use (Approx 27.4M)",https://www.tesco.com/groceries/en-GB/shop/home-and-ents/all?department=Christmas%20Decorations%20%26%20Home&viewAll=department&page=,£18.00,£18.00/each,£12.00 Clubcard Price,,/groceries/en-GB/products/309059515,https://digitalcontent.api.tesco.com/v2/media/ghs/6c6a3c73-fa51-49f3-b3d9-c424d8bcbb45/f2131d4e-4df4-4423-906c-b98c49ff2824_1745067452.jpeg?h=225&w=225,
311853782,Tesco Wreath Easy Care Duvet Set Double,https://www.tesco.com/groceries/en-GB/shop/home-and-ents/all?department=Christmas%20Decorations%20%26%20Home&viewAll=department&page=,£17.00,£17.00/each,,New,/groceries/en-GB/products/311853782,https://digitalcontent.api.tesco.com/v2/media/ghs/32dbfa6d-e791-41f2-8b21-c90aec5ed0e2/2f38be33-7760-41c4-82e5-6759ff777c70_560488719.jpeg?h=225&w=225,
309059544,"Tesco 300 Mfunction Warm White Lights Clear Cable - Mains Powered, Suitable For Indoor And Outdoor Use (Approx 27.4M)",https://www.tesco.com/groceries/en-GB/shop/home-and-ents/all?department=Christmas%20Decorations%20%26%20Home&viewAll=department&page=,£18.00,£18.00/each,£12.00 Clubcard Price,,/groceries/en-GB/products/309059544,https://digitalcontent.api.tesco.com/v2/media/ghs/dc71e70b-5a66-4963-b8ad-2bdb4a0285b7/ed61f85d-5672-4192-afb6-66ba341144a5_213119250.jpeg?h=225&w=225,
309602633,Led Snowfall Projector,https://www.tesco.com/groceries/en-GB/shop/home-and-ents/all?department=Christmas%20Decorations%20%26%20Home&viewAll=department&page=,£30.00,£30.00/each,£20.00 Clubcard Price,,/groceries/en-GB/products/309602633,https://digitalcontent.api.tesco.com/v2/media/ghs/8c1373ec-60a5-49a6-8746-a1f5d11d0f88/f840920f-0de9-4bb2-b8ea-f9abb10cb748_1631141124.jpeg?h=225&w=225,
311853724,Tesco Robins Easy Care Duvet Set Double,https://www.tesco.com/groceries/en-GB/shop/home-and-ents/all?department=Christmas%20Decorations%20%26%20Home&viewAll=department&page=,£15.00,£15.00/each,,New,/groceries/en-GB/products/311853724,https://digitalcontent.api.tesco.com/v2/media/ghs/8cecd5f9-696a-4e7f-a1d0-00ea37c00f97/8bd56f9a-4ebd-4e23-abd6-4c892ca4a4b2_1291581024.jpeg?h=225&w=225,
312198461,Tesco Gonk Doorstop,https://www.tesco.com/groceries/en-GB/shop/home-and-ents/all?department=Christmas%20Decorations%20%26%20Home&viewAll=department&page=,£12.00,£12.00/each,,New,/groceries/en-GB/products/312198461,https://digitalcontent.api.tesco.com/v2/media/ghs/20a4f929-d537-4207-993c-0c27527d7e28/c0506c62-f257-49e6-8704-bccbb82618c2_428267906.jpeg?h=225&w=225,
309059331,"Tesco 100 Multi-Coloured Timer Lights  - Battery Powered, Suitable For Indoor Use (Approx 10.4M)",https://www.tesco.com/groceries/en-GB/shop/home-and-ents/all?department=Christmas%20Decorations%20%26%20Home&viewAll=department&page=,£6.00,£6.00/each,£4.00 Clubcard Price,,/groceries/en-GB/products/309059331,https://digitalcontent.api.tesco.com/v2/media/ghs/4991d7d2-32af-4907-9dac-58e9064e83a2/0ae586ff-04e2-4e0e-9b56-35494339e19b_263134230.jpeg?h=225&w=225,
310079628,Candlelight 50G Light Up Candle Mulled Wine,https://www.tesco.com/groceries/en-GB/shop/home-and-ents/all?department=Christmas%20Decorations%20%26%20Home&viewAll=department&page=,£8.50,£170.00/kg,,,/groceries/en-GB/products/310079628,https://digitalcontent.api.tesco.com/v2/media/ghs/d8358635-aed8-4ec9-a7a5-bcd9b4b0f412/0236cb62-474d-4378-a200-faedeab9b44f_931215851.jpeg?h=225&w=225,
312145841,Tesco Belonging White Christmas Tree Pillar Candle 680G,https://www.tesco.com/groceries/en-GB/shop/home-and-ents/all?department=Christmas%20Decorations%20%26%20Home&viewAll=department&page=,£8.00,£11.77/kg,,New,/groceries/en-GB/products/312145841,https://digitalcontent.api.tesco.com/v2/media/ghs/99dada33-6033-4177-833e-cf470ff8589e/bb2c952c-095c-43f1-865a-fb02a4a20fad_2140075725.jpeg?h=225&w=225,
311825165,Tesco Belonging Alphabet Mug K,https://www.tesco.com/groceries/en-GB/shop/home-and-ents/all?department=Christmas%20Decorations%20%26%20Home&viewAll=department&page=,£5.00,£5.00/each,,,/groceries/en-GB/products/311825165,https://digitalcontent.api.tesco.com/v2/media/ghs/df1d071e-d4af-41a5-ba10-69da03183028/cee0cb3f-e3fe-4126-8f14-e68b69fc1abb_1492328217.jpeg?h=225&w=225,
311825127,Tesco Belonging Alphabet Mug E,https://www.tesco.com/groceries/en-GB/shop/home-and-ents/all?department=Christmas%20Decorations%20%26%20Home&viewAll=department&page=,£5.00,£5.00/each,,,/groceries/en-GB/products/311825127,https://digitalcontent.api.tesco.com/v2/media/ghs/b82239da-0d65-4ff1-80a9-0c957de029b3/cf73c484-5513-4422-89c6-f755c3f0d126_622331728.jpeg?h=225&w=225,
311825228,Tesco Belonging Alphabet Mug S,https://www.tesco.com/groceries/en-GB/shop/home-and-ents/all?department=Christmas%20Decorations%20%26%20Home&viewAll=department&page=,£5.00,£5.00/each,,,/groceries/en-GB/products/311825228,https://digitalcontent.api.tesco.com/v2/media/ghs/a989143a-c622-499b-9160-7a0ececc4c2e/0efb87c2-0eb0-4eb2-aa1a-39911f037bfc_541728365.jpeg?h=225&w=225,
311825234,Tesco Belonging Alphabet Mug T,https://www.tesco.com/groceries/en-GB/shop/home-and-ents/all?department=Christmas%20Decorations%20%26%20Home&viewAll=department&page=,£5.00,£5.00/each,,,/groceries/en-GB/products/311825234,https://digitalcontent.api.tesco.com/v2/media/ghs/cba816d2-14a6-4f6a-804f-e37c42ab9468/ba449536-75ce-4278-8082-5b23f64f7259_2077084193.jpeg?h=225&w=225,
311825096,Tesco Belonging Alphabet Mug B,https://www.tesco.com/groceries/en-GB/shop/home-and-ents/all?department=Christmas%20Decorations%20%26%20Home&viewAll=department&page=,£5.00,£5.00/each,,,/groceries/en-GB/products/311825096,https://digitalcontent.api.tesco.com/v2/media/ghs/b69ea42a-c1cd-4932-ad93-1cc4396df367/eaf5d3fd-6585-4b1a-8a5b-961610afcdc3_751044618.jpeg?h=225&w=225,
311825171,Tesco Belonging Alphabet Mug L,https://www.tesco.com/groceries/en-GB/shop/home-and-ents/all?department=Christmas%20Decorations%20%26%20Home&viewAll=department&page=,£5.00,£5.00/each,,,/groceries/en-GB/products/311825171,https://digitalcontent.api.tesco.com/v2/media/ghs/40361e74-7032-4cbf-8985-514436e03b06/bf0db5fc-4d48-4cb6-9931-53664ab6159d_1559310513.jpeg?h=225&w=225,
311825107,Tesco Belonging Alphabet Mug C,https://www.tesco.com/groceries/en-GB/shop/home-and-ents/all?department=Christmas%20Decorations%20%26%20Home&viewAll=department&page=,£5.00,£5.00/each,,,/groceries/en-GB/products/311825107,https://digitalcontent.api.tesco.com/v2/media/ghs/e6f19dc9-bde8-4bb4-9c42-98aea7d0e537/87e32b90-f590-4e38-9ff4-187c8d1bd220_1701510496.jpeg?h=225&w=225,
311825113,Tesco Belonging Alphabet Mug D,https://www.tesco.com/groceries/en-GB/shop/home-and-ents/all?department=Christmas%20Decorations%20%26%20Home&viewAll=department&page=,£5.00,£5.00/each,,,/groceries/en-GB/products/311825113,https://digitalcontent.api.tesco.com/v2/media/ghs/3f570fa9-a3c3-4985-a54c-538c57c94bc2/c9c55f93-a527-48e8-b452-399e70aac1d8_200081144.jpeg?h=225&w=225,
311825205,Tesco Belonging Alphabet Mug P,https://www.tesco.com/groceries/en-GB/shop/home-and-ents/all?department=Christmas%20Decorations%20%26%20Home&viewAll=department&page=,£5.00,£5.00/each,,,/groceries/en-GB/products/311825205,https://digitalcontent.api.tesco.com/v2/media/ghs/4f682eca-d4ba-4dc6-9d37-b6eeeb483381/a03c32a5-8cb2-4679-b214-4377ef56f192_1004675560.jpeg?h=225&w=225,
311825188,Tesco Belonging Alphabet Mug M,https://www.tesco.com/groceries/en-GB/shop/home-and-ents/all?department=Christmas%20Decorations%20%26%20Home&viewAll=department&page=,£5.00,£5.00/each,,,/groceries/en-GB/products/311825188,https://digitalcontent.api.tesco.com/v2/media/ghs/864450f1-5042-49f2-919b-41b90f761a87/2b88a698-9f59-4079-9d5c-040aba1d763b_1913181826.jpeg?h=225&w=225,
311825136,Tesco Belonging Alphabet Mug G,https://www.tesco.com/groceries/en-GB/shop/home-and-ents/all?department=Christmas%20Decorations%20%26%20Home&viewAll=department&page=,£5.00,£5.00/each,,,/groceries/en-GB/products/311825136,https://digitalcontent.api.tesco.com/v2/media/ghs/b8597aac-5925-4369-861a-054fbdf07077/ea13c771-60ac-4af8-953f-0e6710e8c091_118574258.jpeg?h=225&w=225,
311825211,Tesco Belonging Alphabet Mug R,https://www.tesco.com/groceries/en-GB/shop/home-and-ents/all?department=Christmas%20Decorations%20%26%20Home&viewAll=department&page=,£5.00,£5.00/each,,,/groceries/en-GB/products/311825211,https://digitalcontent.api.tesco.com/v2/media/ghs/6768f01c-a4d3-4422-a686-5c3606363d81/bc71aa02-114b-4494-9a20-44065e729b2f_226978898.jpeg?h=225&w=225,
309066839,Tesco Rattan Tree Topper,https://www.tesco.com/groceries/en-GB/shop/home-and-ents/all?department=Christmas%20Decorations%20%26%20Home&viewAll=department&page=,£6.00,£6.00/each,,,/groceries/en-GB/products/309066839,https://digitalcontent.api.tesco.com/v2/media/ghs/0b50fa9c-78f7-4d72-9e8c-1e1e2d4120de/2f5989e4-a44e-4154-82c2-7e4e1d630ae3_1162518280.jpeg?h=225&w=225,
311463206,Tesco Disney Mickey & Minnie Bowl,https://www.tesco.com/groceries/en-GB/shop/home-and-ents/all?department=Christmas%20Decorations%20%26%20Home&viewAll=department&page=,£4.50,£4.50/each,,,/groceries/en-GB/products/311463206,https://digitalcontent.api.tesco.com/v2/media/ghs/1f854fcb-ff5b-433f-952b-6dadb402e85f/58abf215-3369-497d-94ab-bbedc5cc8d2a_697251714.jpeg?h=225&w=225,
309066869,Tesco 6 Pack Snowy Hanging Pinecone Decorations,https://www.tesco.com/groceries/en-GB/shop/home-and-ents/all?department=Christmas%20Decorations%20%26%20Home&viewAll=department&page=,£4.00,£0.67/each,,,/groceries/en-GB/products/309066869,https://digitalcontent.api.tesco.com/v2/media/ghs/a85d9860-0bb4-43e1-9118-8ce826d04d00/e006d242-f2f4-43df-a746-95ae8a14a451_2144024937.jpeg?h=225&w=225,
310646977,Tesco Green Disney Winnie The Pooh Cereal Bowl,https://www.tesco.com/groceries/en-GB/shop/home-and-ents/all?department=Christmas%20Decorations%20%26%20Home&viewAll=department&page=,£4.50,£4.50/each,,,/groceries/en-GB/products/310646977,https://digitalcontent.api.tesco.com/v2/media/ghs/73d15b3a-3689-439f-80bf-f0cb659f4803/baba47a0-4910-4055-b0c9-570f989c72c2_1952623597.jpeg?h=225&w=225,
310646960,Tesco Green Disney Winnie The Pooh Dinner Plate,https://www.tesco.com/groceries/en-GB/shop/home-and-ents/all?department=Christmas%20Decorations%20%26%20Home&viewAll=department&page=,£4.50,£4.50/each,,,/groceries/en-GB/products/310646960,https://digitalcontent.api.tesco.com/v2/media/ghs/95165587-9935-4821-a9d1-c27aafa299e8/e6a27e3a-0baf-41a7-aa4b-a774dfcc4b81_1857357879.jpeg?h=225&w=225,
311463212,Tesco Disney Mickey & Minnie Plate,https://www.tesco.com/groceries/en-GB/shop/home-and-ents/all?department=Christmas%20Decorations%20%26%20Home&viewAll=department&page=,£4.50,£4.50/each,,,/groceries/en-GB/products/311463212,https://digitalcontent.api.tesco.com/v2/media/ghs/e41a19dc-0ba4-4941-9767-913385eb9a3a/be9972a7-0ad3-4474-9f27-3d4d2091337d_748975057.jpeg?h=225&w=225,
311521115,Tesco Disney Minnie Mouse Tea Towels 2 Pack,https://www.tesco.com/groceries/en-GB/shop/home-and-ents/all?department=Christmas%20Decorations%20%26%20Home&viewAll=department&page=,£4.00,£2.00/each,,New,/groceries/en-GB/products/311521115,https://digitalcontent.api.tesco.com/v2/media/ghs/4ea442a9-c542-4020-be87-c821f445a7fe/d2eee8db-fc51-4022-adf2-6246f8ff4b37_1256255996.jpeg?h=225&w=225,
311722511,Tesco Disney Princess Be Kind Mug,https://www.tesco.com/groceries/en-GB/shop/home-and-ents/all?department=Christmas%20Decorations%20%26%20Home&viewAll=department&page=,£3.50,£3.50/each,,,/groceries/en-GB/products/311722511,https://digitalcontent.api.tesco.com/v2/media/ghs/dcee5134-dd53-425e-a750-29a37d1e7cf9/4fa3e09e-03b7-459a-b067-d8a34df1e2c4_1013918246.jpeg?h=225&w=225,
312145933,Fox & Ivy Sparkle Alphabet Candle E 170G,https://www.tesco.com/groceries/en-GB/shop/home-and-ents/all?department=Christmas%20Decorations%20%26%20Home&viewAll=department&page=,£4.00,£23.53/kg,,,/groceries/en-GB/products/312145933,https://digitalcontent.api.tesco.com/v2/media/ghs/23b40a95-b20f-4328-9f31-31aab488c4f5/4893572b-2a73-443f-87e3-404ebe7363c4_1481508150.jpeg?h=225&w=225,
312146007,Fox & Ivy Sparkle Alphabet Candle N 170G,https://www.tesco.com/groceries/en-GB/shop/home-and-ents/all?department=Christmas%20Decorations%20%26%20Home&viewAll=department&page=,£4.00,£23.53/kg,,,/groceries/en-GB/products/312146007,https://digitalcontent.api.tesco.com/v2/media/ghs/64d3b56d-2f95-4d7a-b214-1af9bd87a0bf/b2f0ca29-9657-4baf-a507-a55c9108ee44_334175814.jpeg?h=225&w=225,
312145956,Fox & Ivy Sparkle Alphabet Candle H 170G,https://www.tesco.com/groceries/en-GB/shop/home-and-ents/all?department=Christmas%20Decorations%20%26%20Home&viewAll=department&page=,£4.00,£23.53/kg,,,/groceries/en-GB/products/312145956,https://digitalcontent.api.tesco.com/v2/media/ghs/543b765a-9323-4fe8-9142-c97f36bbcf6b/2d8db874-ebac-4474-9ad4-00e973839061_1488481761.jpeg?h=225&w=225,
312145947,Fox & Ivy Sparkle Alphabet Candle G 170G,https://www.tesco.com/groceries/en-GB/shop/home-and-ents/all?department=Christmas%20Decorations%20%26%20Home&viewAll=department&page=,£4.00,£23.53/kg,,New,/groceries/en-GB/products/312145947,https://digitalcontent.api.tesco.com/v2/media/ghs/0f8e8682-38fc-4a6f-b95f-048c2e5efb6d/c77df339-833b-4e82-9062-33ed6fb9e4b9_799382532.jpeg?h=225&w=225,
311825545,Tesco Disney Mickey & Minnie Drinking Jar,https://www.tesco.com/groceries/en-GB/shop/home-and-ents/all?department=Christmas%20Decorations%20%26%20Home&viewAll=department&page=,£3.00,£3.00/each,,,/groceries/en-GB/products/311825545,https://digitalcontent.api.tesco.com/v2/media/ghs/841abcf9-da20-4cce-a453-69129d395bdd/4f7e5f70-8295-4978-8874-3bc8b9d56123_1699464125.jpeg?h=225&w=225,
311889590,Tesco Disney Classic Minnie Mug,https://www.tesco.com/groceries/en-GB/shop/home-and-ents/all?department=Christmas%20Decorations%20%26%20Home&viewAll=department&page=,£3.00,£3.00/each,,,/groceries/en-GB/products/311889590,https://digitalcontent.api.tesco.com/v2/media/ghs/89647282-ec3e-42d8-9bdb-22f4e7275f39/0c9a092d-ee38-47c8-bf32-0f327ee8a425_114830367.jpeg?h=225&w=225,
284601217,Swantex Coloured 4 Dip Dish Polypropylene,https://www.tesco.com/groceries/en-GB/shop/home-and-ents/all?department=Christmas%20Decorations%20%26%20Home&viewAll=department&page=,£2.00,£2.00/each,,,/groceries/en-GB/products/284601217,https://digitalcontent.api.tesco.com/v2/media/ghs/027a10dc-7fa9-4dda-994f-a02c32e3ded3/6267d71d-b96b-44c9-8936-15b451affdad_1940344590.jpeg?h=225&w=225,
309602656,10M White Rope Light,https://www.tesco.com/groceries/en-GB/shop/home-and-ents/all?department=Christmas%20Decorations%20%26%20Home&viewAll=department&page=,£20.00,£2.00/metre,£15.00 Clubcard Price,,/groceries/en-GB/products/309602656,https://digitalcontent.api.tesco.com/v2/media/ghs/77956e17-0337-48ce-bcb8-fe6022063958/439fd422-01db-49de-a6bb-5d497cc85fb1_984236586.jpeg?h=225&w=225,
312026280,Tesco Letter To Santa Postbox,https://www.tesco.com/groceries/en-GB/shop/home-and-ents/all?department=Christmas%20Decorations%20%26%20Home&viewAll=department&page=,£15.00,£15.00/each,,,/groceries/en-GB/products/312026280,https://digitalcontent.api.tesco.com/v2/media/ghs/602c3571-d929-4f86-868d-c90aed03ec9e/423a9962-af72-4781-b181-bbfc438af746_338445864.jpeg?h=225&w=225,
312025321,Tesco Red Baubles 4 Pack,https://www.tesco.com/groceries/en-GB/shop/home-and-ents/all?department=Christmas%20Decorations%20%26%20Home&viewAll=department&page=,£10.00,£2.50/each,,,/groceries/en-GB/products/312025321,https://digitalcontent.api.tesco.com/v2/media/ghs/a1bb8b4a-30e8-40a2-b0e1-258622a4ae42/cc010a49-2c3d-4c4e-98f9-88fe3b3a64dc_482866978.jpeg?h=225&w=225,
312025338,Tesco Gold Baubles 4 Pack,https://www.tesco.com/groceries/en-GB/shop/home-and-ents/all?department=Christmas%20Decorations%20%26%20Home&viewAll=department&page=,£10.00,£2.50/each,,,/groceries/en-GB/products/312025338,https://digitalcontent.api.tesco.com/v2/media/ghs/788c34d7-0c0a-4b50-b3ea-0a51b2b745d6/36d9734c-a74f-491f-ae69-d247f653144c_86148739.jpeg?h=225&w=225,
312231658,Disney Mickey Light Up Snow Globe,https://www.tesco.com/groceries/en-GB/shop/home-and-ents/all?department=Christmas%20Decorations%20%26%20Home&viewAll=department&page=,£8.00,£8.00/each,,New,/groceries/en-GB/products/312231658,https://digitalcontent.api.tesco.com/v2/media/ghs/a55464e6-5204-44bb-9aa5-2eeacf8e61e4/c0b73808-b39f-400a-a7d8-2f98fb8ae167_1751849109.jpeg?h=225&w=225,
312169907,Hinch Winter House Pomanders Gift Set,https://www.tesco.com/groceries/en-GB/shop/home-and-ents/all?department=Christmas%20Decorations%20%26%20Home&viewAll=department&page=,£10.00,£10.00/each,£8.00 Clubcard Price,,/groceries/en-GB/products/312169907,https://digitalcontent.api.tesco.com/v2/media/ghs/2bde310e-b181-492e-83ae-aea9105d5874/d7df8027-6bf8-444c-aae6-e99e653d1ee7_799955128.jpeg?h=225&w=225,
312169916,Hinch Winter Cashmere Spice Ceramic Candle 170G,https://www.tesco.com/groceries/en-GB/shop/home-and-ents/all?department=Christmas%20Decorations%20%26%20Home&viewAll=department&page=,£8.00,£47.06/kg,£6.40 Clubcard Price,,/groceries/en-GB/products/312169916,https://digitalcontent.api.tesco.com/v2/media/ghs/64a45920-d46b-4f70-bf59-650f197510d5/52b94bfa-be05-4ccd-b38a-77f4058d8bea_1922765156.jpeg?h=225&w=225,
312145697,Tesco Supercharged Stripe Onion Bauble 4 Pack,https://www.tesco.com/groceries/en-GB/shop/home-and-ents/all?department=Christmas%20Decorations%20%26%20Home&viewAll=department&page=,£4.00,£1.00/each,,,/groceries/en-GB/products/312145697,https://digitalcontent.api.tesco.com/v2/media/ghs/99b5d462-1aad-43f8-9d03-c4e886ea68c6/5ac6f1f8-daaa-48af-802d-6312d9d6283d_376927753.jpeg?h=225&w=225,
312169951,Hinch Foliage Pillar Candle Large 410G,https://www.tesco.com/groceries/en-GB/shop/home-and-ents/all?department=Christmas%20Decorations%20%26%20Home&viewAll=department&page=,£5.00,£12.20/kg,£4.00 Clubcard Price,,/groceries/en-GB/products/312169951,https://digitalcontent.api.tesco.com/v2/media/ghs/350f43de-2a2d-4571-a78e-56ea0d2ed043/6a893567-f636-44bb-b4e6-7437105834e5_213313497.jpeg?h=225&w=225,
312169939,Hinch Winter Candle In Box Cashmere Spice 110G,https://www.tesco.com/groceries/en-GB/shop/home-and-ents/all?department=Christmas%20Decorations%20%26%20Home&viewAll=department&page=,£5.00,£45.46/kg,£4.00 Clubcard Price,,/groceries/en-GB/products/312169939,https://digitalcontent.api.tesco.com/v2/media/ghs/e24e66a9-3e3a-47cc-aa6c-3643f9ec1885/4ecf252d-c1f8-44e8-87c3-d21377394bec_261050956.jpeg?h=225&w=225,
312025309,Tesco Colourful Round Cage Decoration,https://www.tesco.com/groceries/en-GB/shop/home-and-ents/all?department=Christmas%20Decorations%20%26%20Home&viewAll=department&page=,£2.75,£2.75/each,,,/groceries/en-GB/products/312025309,https://digitalcontent.api.tesco.com/v2/media/ghs/83e893da-e8ff-4058-9f7c-f59976e647fe/8c9c0603-c913-4a3d-89ac-f9c9d4354509_1263410663.jpeg?h=225&w=225,
312026245,Tesco Flocked Tree Hanging Decoration Assortment,https://www.tesco.com/groceries/en-GB/shop/home-and-ents/all?department=Christmas%20Decorations%20%26%20Home&viewAll=department&page=,£2.75,£2.75/each,,,/groceries/en-GB/products/312026245,https://digitalcontent.api.tesco.com/v2/media/ghs/edd45db2-ebc2-40d2-8eab-9b66b88c1f09/81d994ca-8c4d-4a43-a959-44bc65aa7924_1494399150.jpeg?h=225&w=225,
312146638,Tesco Silver Snowflake Plate 23Cm 10 Pack,https://www.tesco.com/groceries/en-GB/shop/home-and-ents/all?department=Christmas%20Decorations%20%26%20Home&viewAll=department&page=,£1.50,£0.15/each,,,/groceries/en-GB/products/312146638,https://digitalcontent.api.tesco.com/v2/media/ghs/defc967a-29dd-4482-9f3f-2341310329f5/7c7cdd03-82d0-4f5d-b9cf-575ab8954431_1456012070.jpeg?h=225&w=225,
310675032,American Tourister Urban Groove Black Backpack,https://www.tesco.com/groceries/en-GB/shop/home-and-ents/all?department=Garden%20%26%20Outdoor&viewAll=department&page=,£20.00,£20.00/each,,,/groceries/en-GB/products/310675032,https://digitalcontent.api.tesco.com/v2/media/ghs/5e2d922d-c8ab-47cc-b3f5-aeaf555d2fb4/ba271965-23e4-424f-8208-a8551d8a5866_373753398.jpeg?h=225&w=225,
307424759,Dumbbell Set 5Kg,https://www.tesco.com/groceries/en-GB/shop/home-and-ents/all?department=Garden%20%26%20Outdoor&viewAll=department&page=,£24.00,£24.00/each,,,/groceries/en-GB/products/307424759,https://digitalcontent.api.tesco.com/v2/media/ghs/aadba760-6bb7-4a3f-a085-8d625aafaa20/1072c14b-b5de-4d81-aa21-c2006604448a_1079762612.jpeg?h=225&w=225,
305862618,Hypro 6X4 Goal,https://www.tesco.com/groceries/en-GB/shop/home-and-ents/all?department=Garden%20%26%20Outdoor&viewAll=department&page=,£25.00,£25.00/each,,,/groceries/en-GB/products/305862618,https://digitalcontent.api.tesco.com/v2/media/ghs/3fd9ea55-609c-4792-87dd-9cb2554edd35/df58fd48-3969-4cdf-88c4-dc831fadeedc_130155409.jpeg?h=225&w=225,
307424743,Dumbbell Set 4Kg,https://www.tesco.com/groceries/en-GB/shop/home-and-ents/all?department=Garden%20%26%20Outdoor&viewAll=department&page=,£19.00,£19.00/each,,,/groceries/en-GB/products/307424743,https://digitalcontent.api.tesco.com/v2/media/ghs/0c6644e3-bf91-46be-9fbe-9334b1d22edc/f12a9da2-cc88-4143-89e9-50a4aedaebb6_1962199685.jpeg?h=225&w=225,
311769323,Hy-Pro Flexible Goal 4Ft X 3Ft,https://www.tesco.com/groceries/en-GB/shop/home-and-ents/all?department=Garden%20%26%20Outdoor&viewAll=department&page=,£20.00,£20.00/each,,,/groceries/en-GB/products/311769323,https://digitalcontent.api.tesco.com/v2/media/ghs/bb0642c9-1db7-4154-996a-b6d7962d7c22/85ecc918-f754-45bb-934c-8c3bd3f36e95_822364970.jpeg?h=225&w=225,
307424841,Foam Roller Asstd,https://www.tesco.com/groceries/en-GB/shop/home-and-ents/all?department=Garden%20%26%20Outdoor&viewAll=department&page=,£11.00,£11.00/each,,,/groceries/en-GB/products/307424841,https://digitalcontent.api.tesco.com/v2/media/ghs/7fd0b380-7dd4-42c1-9b43-df0b326d83ae/cc6d3acb-276a-48d1-af0e-8be77d89f4ac_352521161.jpeg?h=225&w=225,
303058998,Mitre Fa Cup Football,https://www.tesco.com/groceries/en-GB/shop/home-and-ents/all?department=Garden%20%26%20Outdoor&viewAll=department&page=,£13.00,£13.00/each,,,/groceries/en-GB/products/303058998,https://digitalcontent.api.tesco.com/v2/media/ghs/fb86f614-751e-4306-b6e7-f2bf75ee5167/d1dad716-850d-4aeb-b9dd-189dd7cc68f0_1803445735.jpeg?h=225&w=225,
308401135,Rock Digital Scale,https://www.tesco.com/groceries/en-GB/shop/home-and-ents/all?department=Garden%20%26%20Outdoor&viewAll=department&page=,£7.00,£7.00/each,,,/groceries/en-GB/products/308401135,https://digitalcontent.api.tesco.com/v2/media/ghs/cc600370-81e6-4e7e-89c2-87d71c64f016/85581849-b8c2-49f3-beb5-ef4d306df641_118905471.jpeg?h=225&w=225,
261204452,Zip Firelighters Pack 30,https://www.tesco.com/groceries/en-GB/shop/home-and-ents/all?department=Garden%20%26%20Outdoor&viewAll=department&page=,£3.40,£0.11/each,,,/groceries/en-GB/products/261204452,https://digitalcontent.api.tesco.com/v2/media/ghs/876009b4-92a3-4763-8b23-a210700c0c40/fc7f5c4d-2452-4336-a838-87c89e1ef0d6_1707264305.jpeg?h=225&w=225,
294508526,Tesco White Table Cover 180X118cm,https://www.tesco.com/groceries/en-GB/shop/home-and-ents/all?department=Garden%20%26%20Outdoor&viewAll=department&page=,£2.75,£2.75/each,,,/groceries/en-GB/products/294508526,https://digitalcontent.api.tesco.com/v2/media/ghs/d714b28b-37e8-4aee-a9f6-609b08d5470d/373f59cd-1bc3-4dc9-a6f7-47cc9cac6193_1843218470.jpeg?h=225&w=225,
300057186,X-Shot Xcess Tk-12,https://www.tesco.com/groceries/en-GB/shop/home-and-ents/all?department=Garden%20%26%20Outdoor&viewAll=department&page=,£10.00,£10.00/each,,,/groceries/en-GB/products/300057186,https://digitalcontent.api.tesco.com/v2/media/ghs/4392f74f-4c16-4197-b0cf-e873649e5ae2/snapshotimagehandler_1366847839.jpeg?h=225&w=225,
308625740,Rock Tsa Combo Cable Lock Assortment,https://www.tesco.com/groceries/en-GB/shop/home-and-ents/all?department=Garden%20%26%20Outdoor&viewAll=department&page=,£4.00,£4.00/each,,,/groceries/en-GB/products/308625740,https://digitalcontent.api.tesco.com/v2/media/ghs/2869ca45-b80d-4381-ac55-992888ecc8f1/f32728ec-2326-40dd-bbe2-dc5573e30335_1782052589.jpeg?h=225&w=225,
311769300,Hy-Pro 3 Pack Tennis Balls,https://www.tesco.com/groceries/en-GB/shop/home-and-ents/all?department=Garden%20%26%20Outdoor&viewAll=department&page=,£4.50,£1.50/each,,,/groceries/en-GB/products/311769300,https://digitalcontent.api.tesco.com/v2/media/ghs/3b9327ab-edb2-43b6-9d5d-fdbed7b65bc9/3fedce22-2034-4e5b-ab8e-ef17d599b967_789339200.jpeg?h=225&w=225,
308613224,Rock European Adapter,https://www.tesco.com/groceries/en-GB/shop/home-and-ents/all?department=Garden%20%26%20Outdoor&viewAll=department&page=,£3.00,£3.00/each,,,/groceries/en-GB/products/308613224,https://digitalcontent.api.tesco.com/v2/media/ghs/a89a1b2a-e374-46aa-ae48-8c3a00736f6b/c6a16d7e-9796-4397-9712-1d91c8e9e853_865308414.jpeg?h=225&w=225,
308613201,Rock Combination Lock Silver,https://www.tesco.com/groceries/en-GB/shop/home-and-ents/all?department=Garden%20%26%20Outdoor&viewAll=department&page=,£3.00,£3.00/each,,,/groceries/en-GB/products/308613201,https://digitalcontent.api.tesco.com/v2/media/ghs/803bef4d-7082-4fbb-acb2-a1d88ffafde8/21ba4b43-ff63-4be5-8a83-57e4d5a80283_26167750.jpeg?h=225&w=225,
289041105,Tesco Silver Table Cover 180X118cm,https://www.tesco.com/groceries/en-GB/shop/home-and-ents/all?department=Garden%20%26%20Outdoor&viewAll=department&page=,£2.75,£2.75/each,,,/groceries/en-GB/products/289041105,https://digitalcontent.api.tesco.com/v2/media/ghs/c8862e31-b0e6-4c57-ae3f-32d05c3461ce/fce1791d-af89-408d-b178-d616cbe563ff_201014231.jpeg?h=225&w=225,
310882725,Foliages Artifloral Spikey Succulent,https://www.tesco.com/groceries/en-GB/shop/home-and-ents/all?department=Garden%20%26%20Outdoor&viewAll=department&page=,£5.00,£5.00/each,£3.75 Clubcard Price,,/groceries/en-GB/products/310882725,https://digitalcontent.api.tesco.com/v2/media/ghs/922b2a7c-d111-4780-bbfe-dc87896a5e6e/1507a07a-0726-4817-a2e5-2044e73cb7ed_2062764636.jpeg?h=225&w=225,
274222047,Swantex Recyclable Shot Glasses 40 Pack,https://www.tesco.com/groceries/en-GB/shop/home-and-ents/all?department=Garden%20%26%20Outdoor&viewAll=department&page=,£2.00,£0.05/each,,,/groceries/en-GB/products/274222047,https://digitalcontent.api.tesco.com/v2/media/ghs/14e08fc5-4a41-42e5-b919-4c4f1c953d45/f179c7d9-fa4c-4e8f-a7dd-9b0213117142_565955317.jpeg?h=225&w=225,
304045620,Swantex Plastic Jug Clear Polypropylene,https://www.tesco.com/groceries/en-GB/shop/home-and-ents/all?department=Garden%20%26%20Outdoor&viewAll=department&page=,£2.00,£2.00/each,,,/groceries/en-GB/products/304045620,https://digitalcontent.api.tesco.com/v2/media/ghs/c8e697c6-3f6a-4625-90b7-b6414cf03390/d1262c7f-b82f-45ed-9a7e-c6b5aa940eca_1079031705.jpeg?h=225&w=225,
310233878,Little Red Paper Recyclable Shot Glasses 20 Pack,https://www.tesco.com/groceries/en-GB/shop/home-and-ents/all?department=Garden%20%26%20Outdoor&viewAll=department&page=,£1.50,£0.08/each,,,/groceries/en-GB/products/310233878,https://digitalcontent.api.tesco.com/v2/media/ghs/69b1e02e-84b0-48f9-83d4-5704a52747d7/828d16b7-81ed-437c-9877-a202d4f9cb1f_548631957.jpeg?h=225&w=225,
308121869,Tesco Multi Pastel Cup 10 Pack,https://www.tesco.com/groceries/en-GB/shop/home-and-ents/all?department=Garden%20%26%20Outdoor&viewAll=department&page=,£1.50,£0.15/each,Any 5 for 4 Clubcard Price - Cheapest Product Free - Selected Tesco Party ,,/groceries/en-GB/products/308121869,https://digitalcontent.api.tesco.com/v2/media/ghs/4daa169f-86d7-40c0-8a7d-e55157909f3e/44e1be5e-1bc8-4c47-97f4-f55d66bedeaf_2091373013.jpeg?h=225&w=225,
308122049,Football Cup 10 Pack,https://www.tesco.com/groceries/en-GB/shop/home-and-ents/all?department=Garden%20%26%20Outdoor&viewAll=department&page=,£1.50,£0.15/each,Any 5 for 4 Clubcard Price - Cheapest Product Free - Selected Tesco Party ,,/groceries/en-GB/products/308122049,https://digitalcontent.api.tesco.com/v2/media/ghs/205c0f72-95a5-4896-b2eb-2cde0290b040/46747fbb-7b22-42bb-92a8-1eb12833f429_1060105216.jpeg?h=225&w=225,
310647642,Tesco Bee Napkin 33Cm 3Ply 20 Pack,https://www.tesco.com/groceries/en-GB/shop/home-and-ents/all?department=Garden%20%26%20Outdoor&viewAll=department&page=,£1.50,£0.08/each,,,/groceries/en-GB/products/310647642,https://digitalcontent.api.tesco.com/v2/media/ghs/d86bf1c2-10bd-4d20-8662-998e2d361a9a/9d25def1-8de3-4436-8275-0db5b19e3644_1382503293.jpeg?h=225&w=225,
308121748,Tesco Rainbow Spot Table Cover,https://www.tesco.com/groceries/en-GB/shop/home-and-ents/all?department=Garden%20%26%20Outdoor&viewAll=department&page=,£1.75,£1.75/each,Any 5 for 4 Clubcard Price - Cheapest Product Free - Selected Tesco Party ,,/groceries/en-GB/products/308121748,https://digitalcontent.api.tesco.com/v2/media/ghs/7805e0e7-b890-41d8-b632-4c1137848667/cd17f982-99ff-43e4-946c-daf5456682fd_578343610.jpeg?h=225&w=225,
310647734,Tesco Bird Napkin 33Cm 3Ply 20 Pack,https://www.tesco.com/groceries/en-GB/shop/home-and-ents/all?department=Garden%20%26%20Outdoor&viewAll=department&page=,£1.50,£0.08/each,,,/groceries/en-GB/products/310647734,https://digitalcontent.api.tesco.com/v2/media/ghs/493e2da4-fdeb-4d21-a4c0-826c38001be3/c958e5f7-9b3c-4596-b8c3-f69e8110b938_1098485732.jpeg?h=225&w=225,
308122125,Party Tesco Dinosaur Table Cover,https://www.tesco.com/groceries/en-GB/shop/home-and-ents/all?department=Garden%20%26%20Outdoor&viewAll=department&page=,£1.75,£1.75/each,Any 5 for 4 Clubcard Price - Cheapest Product Free - Selected Tesco Party ,,/groceries/en-GB/products/308122125,https://digitalcontent.api.tesco.com/v2/media/ghs/6acd055a-e90b-46ba-ad31-18ba498a3619/ccf477a7-8509-485d-9803-56cb268508f3_1436522608.jpeg?h=225&w=225,
308122199,Tesco Bright Rainbow Table Cover,https://www.tesco.com/groceries/en-GB/shop/home-and-ents/all?department=Garden%20%26%20Outdoor&viewAll=department&page=,£1.75,£1.75/each,Any 5 for 4 Clubcard Price - Cheapest Product Free - Selected Tesco Party ,,/groceries/en-GB/products/308122199,https://digitalcontent.api.tesco.com/v2/media/ghs/9d8f3e6e-e104-4eac-b889-3f5d93aa2e31/502d30d5-bc4a-4a50-9d05-5b4b91567d5c_850161207.jpeg?h=225&w=225,
310704727,Tesco Wwf Oceans 3 Piece Tableware Set,https://www.tesco.com/groceries/en-GB/shop/home-and-ents/all?department=Garden%20%26%20Outdoor&viewAll=department&page=,£4.00,£1.34/each,Any 5 for 4 Clubcard Price - Cheapest Product Free - Selected Tesco Party ,,/groceries/en-GB/products/310704727,https://digitalcontent.api.tesco.com/v2/media/ghs/06316b4c-f9cc-4849-91b9-374106c1f1ad/e4b6cab0-c706-4455-ac5f-9973cdc72ccc_1683847260.jpeg?h=225&w=225,
308122056,Tesco Superhero Plate 10 Pack 23Cm,https://www.tesco.com/groceries/en-GB/shop/home-and-ents/all?department=Garden%20%26%20Outdoor&viewAll=department&page=,£1.50,£0.15/each,Any 5 for 4 Clubcard Price - Cheapest Product Free - Selected Tesco Party ,,/groceries/en-GB/products/308122056,https://digitalcontent.api.tesco.com/v2/media/ghs/aad6690b-fb69-4145-bdc3-0b75a4c652b1/a1ac9621-e7a0-40e4-8a70-d2c44a6afff7_1751755459.jpeg?h=225&w=225,
308122246,Tesco Balloons Plate 10 Pack 23Cm,https://www.tesco.com/groceries/en-GB/shop/home-and-ents/all?department=Garden%20%26%20Outdoor&viewAll=department&page=,£1.50,£0.15/each,Any 5 for 4 Clubcard Price - Cheapest Product Free - Selected Tesco Party ,,/groceries/en-GB/products/308122246,https://digitalcontent.api.tesco.com/v2/media/ghs/c7e9c795-8224-404e-b786-d9d92ef4d375/937c25bc-144d-49ff-8452-bb75e6a968cc_1741918550.jpeg?h=225&w=225,
308226291,Tesco Red Stars Plate 10 Pack 23Cm,https://www.tesco.com/groceries/en-GB/shop/home-and-ents/all?department=Garden%20%26%20Outdoor&viewAll=department&page=,£1.50,£0.15/each,Any 5 for 4 Clubcard Price - Cheapest Product Free - Selected Tesco Party ,,/groceries/en-GB/products/308226291,https://digitalcontent.api.tesco.com/v2/media/ghs/2eb57e00-896a-4e46-af47-02cf52d4ade4/1fdb00c8-5d01-4aab-abbd-797bc3a57aed_678111517.jpeg?h=225&w=225,
308121685,Tesco Pink Ombre Plate 10 Pack 23Cm,https://www.tesco.com/groceries/en-GB/shop/home-and-ents/all?department=Garden%20%26%20Outdoor&viewAll=department&page=,£1.50,£0.15/each,Any 5 for 4 Clubcard Price - Cheapest Product Free - Selected Tesco Party ,,/groceries/en-GB/products/308121685,https://digitalcontent.api.tesco.com/v2/media/ghs/2e4fa094-dc4e-4c48-95e1-86f9404156c3/67ca6350-be68-4efc-94df-ef4558bae0ae_1313057212.jpeg?h=225&w=225,
310835189,Pastel Rainbow Plate 10 Pack 23Cm,https://www.tesco.com/groceries/en-GB/shop/home-and-ents/all?department=Garden%20%26%20Outdoor&viewAll=department&page=,£1.50,£0.15/each,Any 5 for 4 Clubcard Price - Cheapest Product Free - Selected Tesco Party ,,/groceries/en-GB/products/310835189,https://digitalcontent.api.tesco.com/v2/media/ghs/d8539c33-3a58-43ab-98e3-c341989b1a0f/eea725ae-a7e1-4792-8eb6-464f92a7d726_884854630.jpeg?h=225&w=225,
308122010,Football Table Cover,https://www.tesco.com/groceries/en-GB/shop/home-and-ents/all?department=Garden%20%26%20Outdoor&viewAll=department&page=,£1.75,£1.75/each,Any 5 for 4 Clubcard Price - Cheapest Product Free - Selected Tesco Party ,,/groceries/en-GB/products/308122010,https://digitalcontent.api.tesco.com/v2/media/ghs/0331be29-597c-4602-8288-1c0369c81d43/e4a8f7ff-edc7-4f81-9cb6-7bb45116d073_352699327.jpeg?h=225&w=225,
282136080,Summit Poncho,https://www.tesco.com/groceries/en-GB/shop/home-and-ents/all?department=Garden%20%26%20Outdoor&viewAll=department&page=,£1.50,£1.50/each,,,/groceries/en-GB/products/282136080,https://digitalcontent.api.tesco.com/v2/media/ghs/5deb8053-1671-42be-9428-2a1323a3a270/36694e94-d793-47eb-9543-c7e4818a1c9b_1776665560.jpeg?h=225&w=225,
312580601,Hot Hands Foot Warmers 2 Pack,https://www.tesco.com/groceries/en-GB/shop/home-and-ents/all?department=Garden%20%26%20Outdoor&viewAll=department&page=,£1.00,£0.50/each,Any 5 for £4 Clubcard Price - Hot Hands Hand/foot  Warmer,,/groceries/en-GB/products/312580601,https://digitalcontent.api.tesco.com/v2/media/ghs/bdb40e2a-b0b2-4aa2-9eff-eefd05dccbfe/cf47db62-5450-44ca-8e2b-08334064819a_1541161550.jpeg?h=225&w=225,
307424795,Kettlebell 10Kg,https://www.tesco.com/groceries/en-GB/shop/home-and-ents/all?department=Garden%20%26%20Outdoor&viewAll=department&page=,£19.00,£19.00/each,,,/groceries/en-GB/products/307424795,https://digitalcontent.api.tesco.com/v2/media/ghs/6f9aff96-5838-441e-a438-0647fd2464dc/378dee56-30b4-4109-b352-7db1c6b1a304_399436625.jpeg?h=225&w=225,
310759849,Rock Platinum Shoulder Bag Black/ Olive,https://www.tesco.com/groceries/en-GB/shop/home-and-ents/all?department=Garden%20%26%20Outdoor&viewAll=department&page=,£12.00,£12.00/each,,,/groceries/en-GB/products/310759849,https://digitalcontent.api.tesco.com/v2/media/ghs/bad3e579-0c82-4949-98b0-e27abe122e6b/ca49e1a8-a7ea-4b7e-a165-3175c67b5a91_1134222112.jpeg?h=225&w=225,
307424789,Kettlebell 8Kg,https://www.tesco.com/groceries/en-GB/shop/home-and-ents/all?department=Garden%20%26%20Outdoor&viewAll=department&page=,£16.00,£16.00/each,,,/groceries/en-GB/products/307424789,https://digitalcontent.api.tesco.com/v2/media/ghs/b8c4887c-0046-4a41-9e4c-62658162d6d1/91dcb2a8-6e4a-4ad6-9012-c87bea7ff3f8_1692495863.jpeg?h=225&w=225,
276840815,Jenga,https://www.tesco.com/groceries/en-GB/shop/home-and-ents/all?department=Garden%20%26%20Outdoor&viewAll=department&page=,£18.00,£18.00/each,,,/groceries/en-GB/products/276840815,https://digitalcontent.api.tesco.com/v2/media/ghs/8b189d4e-e530-41a9-8533-0caf491bb2ff/33a76527-1f92-4622-8a19-8a7ed05bf800_163723832.jpeg?h=225&w=225,
310693816,Core Kitchen Colour Changing Cup Set X4,https://www.tesco.com/groceries/en-GB/shop/home-and-ents/all?department=Garden%20%26%20Outdoor&viewAll=department&page=,£7.00,£1.75/each,,,/groceries/en-GB/products/310693816,https://digitalcontent.api.tesco.com/v2/media/ghs/6960a7c0-d551-43d6-973e-4d493a50ad52/4477c536-b797-4c82-b19b-9476ad273b8f_340751981.jpeg?h=225&w=225,
308726062,Rock Travel Pillow Charcoal,https://www.tesco.com/groceries/en-GB/shop/home-and-ents/all?department=Garden%20%26%20Outdoor&viewAll=department&page=,£8.00,£8.00/each,,,/groceries/en-GB/products/308726062,https://digitalcontent.api.tesco.com/v2/media/ghs/31362600-285b-4c54-8df6-294a9140acda/0944cabd-0e50-44f3-9e84-05499220502f_240617194.jpeg?h=225&w=225,
307424720,Dumbbell Set 2Kg,https://www.tesco.com/groceries/en-GB/shop/home-and-ents/all?department=Garden%20%26%20Outdoor&viewAll=department&page=,£11.00,£11.00/each,,,/groceries/en-GB/products/307424720,https://digitalcontent.api.tesco.com/v2/media/ghs/17f757bd-0604-43e6-a980-bce31d7ca939/4392f910-eebb-4a45-985f-f1af8efa32d7_1829266998.jpeg?h=225&w=225,
307424858,Yoga Gymball Asstd,https://www.tesco.com/groceries/en-GB/shop/home-and-ents/all?department=Garden%20%26%20Outdoor&viewAll=department&page=,£9.50,£9.50/each,,,/groceries/en-GB/products/307424858,https://digitalcontent.api.tesco.com/v2/media/ghs/f410b62f-2bf9-4377-adb3-7cf6b94ef26a/f4cc0418-b405-45bd-8ce5-28895432c1a1_149157583.jpeg?h=225&w=225,
307491685,Yoga Mat Pure2improve,https://www.tesco.com/groceries/en-GB/shop/home-and-ents/all?department=Garden%20%26%20Outdoor&viewAll=department&page=,£9.00,£9.00/each,,,/groceries/en-GB/products/307491685,https://digitalcontent.api.tesco.com/v2/media/ghs/61629d01-6af8-42df-ad6c-7febf1d72298/3ccf04b3-af5e-412a-89f6-aed57952da7d_1355890604.jpeg?h=225&w=225,
306305241,Hypro American Football,https://www.tesco.com/groceries/en-GB/shop/home-and-ents/all?department=Garden%20%26%20Outdoor&viewAll=department&page=,£10.00,£10.00/each,,,/groceries/en-GB/products/306305241,https://digitalcontent.api.tesco.com/v2/media/ghs/4a4808ec-dab3-431d-b3d7-cc1a9c518d38/snapshotimagehandler_1135706997.jpeg?h=225&w=225,
307424766,Kettlebell 4Kg,https://www.tesco.com/groceries/en-GB/shop/home-and-ents/all?department=Garden%20%26%20Outdoor&viewAll=department&page=,£10.00,£10.00/each,,,/groceries/en-GB/products/307424766,https://digitalcontent.api.tesco.com/v2/media/ghs/ecb0e25f-6483-46d1-8508-2f044b3ad9ca/1c8df4ff-36e1-43a4-aa8f-ea91b2069393_1579757017.jpeg?h=225&w=225,
305115110,Hypro Basketball Size 5,https://www.tesco.com/groceries/en-GB/shop/home-and-ents/all?department=Garden%20%26%20Outdoor&viewAll=department&page=,£8.00,£8.00/each,,,/groceries/en-GB/products/305115110,https://digitalcontent.api.tesco.com/v2/media/ghs/4acd42d1-bd7c-448f-baee-ac22367fda3f/85cda797-dd24-4648-acd6-5ef525c9d9c2_1867639813.jpeg?h=225&w=225,
309657769,12 Tennis Balls,https://www.tesco.com/groceries/en-GB/shop/home-and-ents/all?department=Garden%20%26%20Outdoor&viewAll=department&page=,£8.00,£0.67/each,,,/groceries/en-GB/products/309657769,https://digitalcontent.api.tesco.com/v2/media/ghs/073b3b50-c10e-4dfb-baee-8a80d2159314/9377a326-7758-404e-b8f3-ee6a38927351_1097365956.jpeg?h=225&w=225,
299602880,Mitre Final Size 4,https://www.tesco.com/groceries/en-GB/shop/home-and-ents/all?department=Garden%20%26%20Outdoor&viewAll=department&page=,£10.00,£10.00/each,,,/groceries/en-GB/products/299602880,https://digitalcontent.api.tesco.com/v2/media/ghs/f4bd9a89-fc6f-4836-84ad-886e786ce7b8/60f41309-836c-40e8-a055-702d73617675_1347782666.jpeg?h=225&w=225,
299602896,Mitre Final Size 3,https://www.tesco.com/groceries/en-GB/shop/home-and-ents/all?department=Garden%20%26%20Outdoor&viewAll=department&page=,£10.00,£10.00/each,,,/groceries/en-GB/products/299602896,https://digitalcontent.api.tesco.com/v2/media/ghs/86176e4f-df7a-4935-aa81-89fa1fc20b67/62ec5baa-aebb-4c67-9b9c-a7db9f484bc0_1521087611.jpeg?h=225&w=225,
299602873,Mitre Final Size 5,https://www.tesco.com/groceries/en-GB/shop/home-and-ents/all?department=Garden%20%26%20Outdoor&viewAll=department&page=,£10.00,£10.00/each,,,/groceries/en-GB/products/299602873,https://digitalcontent.api.tesco.com/v2/media/ghs/ad81c952-98e6-464a-aef0-ebb00a7fb6fb/a71a81b4-c9a4-459a-89f5-abe2b137ede6_1019487784.jpeg?h=225&w=225,
279725625,Summit Water Bottle Tritan,https://www.tesco.com/groceries/en-GB/shop/home-and-ents/all?department=Garden%20%26%20Outdoor&viewAll=department&page=,£5.50,£5.50/each,,,/groceries/en-GB/products/279725625,https://digitalcontent.api.tesco.com/v2/media/ghs/e887d7c1-b82f-43c7-85a8-f6554c58aa2e/22568bd3-6f7c-42d5-9baa-9d0f00b1202f_2086195819.jpeg?h=225&w=225,
311846981,Hy-Pro Size 2 Football Skills Trainer,https://www.tesco.com/groceries/en-GB/shop/home-and-ents/all?department=Garden%20%26%20Outdoor&viewAll=department&page=,£8.50,£8.50/each,,,/groceries/en-GB/products/311846981,https://digitalcontent.api.tesco.com/v2/media/ghs/6f4dcbc6-cb5b-498d-90a9-75aa639eaf79/a8f23201-a133-4fa1-ad1b-426ae58c4df6_1425444981.jpeg?h=225&w=225,
307424864,Resistance Bands Set Of 3,https://www.tesco.com/groceries/en-GB/shop/home-and-ents/all?department=Garden%20%26%20Outdoor&viewAll=department&page=,£6.50,£6.50/each,,,/groceries/en-GB/products/307424864,https://digitalcontent.api.tesco.com/v2/media/ghs/0ee6213a-0eba-4e41-9196-f135da05bc95/5d6f7720-bdf3-4f05-b779-5d1536590c1e_1477898018.jpeg?h=225&w=225,
305127279,Bike Gel Saddle Cover,https://www.tesco.com/groceries/en-GB/shop/home-and-ents/all?department=Garden%20%26%20Outdoor&viewAll=department&page=,£7.50,£7.50/each,£6.00 Clubcard Price,,/groceries/en-GB/products/305127279,https://digitalcontent.api.tesco.com/v2/media/ghs/1830639a-87c1-4670-9ec4-ae320735ae32/10feb51a-e002-4fae-acd5-b23394c82113_1992802042.jpeg?h=225&w=225,
308252817,Speedo Rollup Armbands,https://www.tesco.com/groceries/en-GB/shop/home-and-ents/all?department=Garden%20%26%20Outdoor&viewAll=department&page=,£7.00,£7.00/each,£5.60 Clubcard Price,,/groceries/en-GB/products/308252817,https://digitalcontent.api.tesco.com/v2/media/ghs/770d0309-649c-437a-b7a5-6ce11794e352/44cbe95b-6d04-40bf-a5b6-8924f30fc91e_474222599.jpeg?h=225&w=225,
305127165,Bike Mini Pump,https://www.tesco.com/groceries/en-GB/shop/home-and-ents/all?department=Garden%20%26%20Outdoor&viewAll=department&page=,£7.00,£7.00/each,£5.60 Clubcard Price,,/groceries/en-GB/products/305127165,https://digitalcontent.api.tesco.com/v2/media/ghs/5c2643ad-02b1-4d64-b61c-0113716c5f18/0d667919-f2a0-4d89-bbae-51cdd819bcff_2055346004.jpeg?h=225&w=225,
305518181,Hypro Cones,https://www.tesco.com/groceries/en-GB/shop/home-and-ents/all?department=Garden%20%26%20Outdoor&viewAll=department&page=,£4.50,£0.75/each,,,/groceries/en-GB/products/305518181,https://digitalcontent.api.tesco.com/v2/media/ghs/07a5d868-f753-4bfc-8d00-3a74ea549591/7a42de35-eb08-455b-ac6f-2c093fea364c_728404565.jpeg?h=225&w=225,
308401141,Rock Luggage Strap Assortment,https://www.tesco.com/groceries/en-GB/shop/home-and-ents/all?department=Garden%20%26%20Outdoor&viewAll=department&page=,£4.00,£4.00/each,,,/groceries/en-GB/products/308401141,https://digitalcontent.api.tesco.com/v2/media/ghs/97738674-7499-41ed-97b6-0152e9cfe298/bd9abfab-b67b-46b2-ab68-eea9736d2f1d_1890887287.jpeg?h=225&w=225,
308613218,Rock Tsa Lock 2 Pack Black,https://www.tesco.com/groceries/en-GB/shop/home-and-ents/all?department=Garden%20%26%20Outdoor&viewAll=department&page=,£4.00,£2.00/each,,,/groceries/en-GB/products/308613218,https://digitalcontent.api.tesco.com/v2/media/ghs/3aaa0487-f5b7-4d11-a171-97fd09161ea2/4f3127fe-e292-41e3-9665-9c8aa8255ebf_272098885.jpeg?h=225&w=225,
307424697,Adjustable Speed Rope,https://www.tesco.com/groceries/en-GB/shop/home-and-ents/all?department=Garden%20%26%20Outdoor&viewAll=department&page=,£5.00,£5.00/each,,,/groceries/en-GB/products/307424697,https://digitalcontent.api.tesco.com/v2/media/ghs/cac1ee57-92fa-4c39-a5e6-c570bb012eb6/02d8ad13-4095-4f75-860b-01be4a426315_805583672.jpeg?h=225&w=225,
308613230,Rock Usa Adapter,https://www.tesco.com/groceries/en-GB/shop/home-and-ents/all?department=Garden%20%26%20Outdoor&viewAll=department&page=,£3.00,£3.00/each,,,/groceries/en-GB/products/308613230,https://digitalcontent.api.tesco.com/v2/media/ghs/47163ce0-91de-4f0a-9720-9b8dd436722c/91762ae9-113e-4f19-a958-4bc78e492685_666414727.jpeg?h=225&w=225,
308625826,Rock Luggage Tag Assortment,https://www.tesco.com/groceries/en-GB/shop/home-and-ents/all?department=Garden%20%26%20Outdoor&viewAll=department&page=,£3.00,£3.00/each,,,/groceries/en-GB/products/308625826,https://digitalcontent.api.tesco.com/v2/media/ghs/8a2cce4b-286b-4540-8653-63ecf17e1962/46afbb80-cb2c-4e7e-8829-a50c14f2bfaa_343245298.jpeg?h=225&w=225,
305127205,Bike 15In Schrader Pump,https://www.tesco.com/groceries/en-GB/shop/home-and-ents/all?department=Garden%20%26%20Outdoor&viewAll=department&page=,£3.50,£3.50/each,£2.80 Clubcard Price,,/groceries/en-GB/products/305127205,https://digitalcontent.api.tesco.com/v2/media/ghs/b93b1f7e-dd49-4149-8917-0b3d8199cbb2/dd5478db-288a-4554-b275-083a07b9b3ec_1153418997.jpeg?h=225&w=225,
298077429,Tesco Foot Pump,https://www.tesco.com/groceries/en-GB/shop/home-and-ents/all?department=Garden%20%26%20Outdoor&viewAll=department&page=,£5.00,£5.00/each,,,/groceries/en-GB/products/298077429,https://digitalcontent.api.tesco.com/v2/media/ghs/19a03b97-f5c0-4ae0-9e3d-f19f59966c5a/d8019573-d7e0-4de8-9868-814da6e0d10f_1514442922.jpeg?h=225&w=225,
305192823,Hypro Football Pump,https://www.tesco.com/groceries/en-GB/shop/home-and-ents/all?department=Garden%20%26%20Outdoor&viewAll=department&page=,£3.00,£3.00/each,,,/groceries/en-GB/products/305192823,https://digitalcontent.api.tesco.com/v2/media/ghs/0411bcc3-84eb-48c6-9123-6407976afc8c/dc4270a9-3511-41ce-98b9-6bc614724b28_1898754763.jpeg?h=225&w=225,
308121783,Tesco Safari Animals Table Cover,https://www.tesco.com/groceries/en-GB/shop/home-and-ents/all?department=Garden%20%26%20Outdoor&viewAll=department&page=,£1.75,£1.75/each,Any 5 for 4 Clubcard Price - Cheapest Product Free - Selected Tesco Party ,,/groceries/en-GB/products/308121783,https://digitalcontent.api.tesco.com/v2/media/ghs/a50f1ecb-d0cf-480e-a384-663466b06da2/bc2e880d-bb57-44a7-ba52-1f666cce898d_1778161464.jpeg?h=225&w=225,
298077395,Tesco Inflatable Pillow,https://www.tesco.com/groceries/en-GB/shop/home-and-ents/all?department=Garden%20%26%20Outdoor&viewAll=department&page=,£1.50,£1.50/each,,,/groceries/en-GB/products/298077395,https://digitalcontent.api.tesco.com/v2/media/ghs/4e3d1627-f63b-4196-9026-e9f0c3eb80ce/88c41489-35b3-43ce-aaa4-5956641b321f_943175697.jpeg?h=225&w=225,
310708421,Tesco Picnic Set,https://www.tesco.com/groceries/en-GB/shop/home-and-ents/all?department=Garden%20%26%20Outdoor&viewAll=department&page=,£6.00,£6.00/each,,,/groceries/en-GB/products/310708421,https://digitalcontent.api.tesco.com/v2/media/ghs/ef1c5397-ac49-4e0c-acf1-8eef3e03d7e0/a415077b-796a-4ff9-97b9-0582ddbb8dca_1618589987.jpeg?h=225&w=225,
310704713,Tesco Wwf Grasslands 3 Piece Tableware Set,https://www.tesco.com/groceries/en-GB/shop/home-and-ents/all?department=Garden%20%26%20Outdoor&viewAll=department&page=,£4.00,£1.34/each,Any 5 for 4 Clubcard Price - Cheapest Product Free - Selected Tesco Party ,,/groceries/en-GB/products/310704713,https://digitalcontent.api.tesco.com/v2/media/ghs/fa80bfdc-9d81-4643-879c-ac86b5a8646f/389675f6-aa2a-4160-a76f-a523e57c0339_1043353108.jpeg?h=225&w=225,
310759855,Rock Platinum Brief Case Black,https://www.tesco.com/groceries/en-GB/shop/home-and-ents/all?department=Garden%20%26%20Outdoor&viewAll=department&page=,£18.00,£18.00/each,,,/groceries/en-GB/products/310759855,https://digitalcontent.api.tesco.com/v2/media/ghs/aeda170d-75ab-412f-8051-eaff972d26f7/5fd97919-1321-41b6-86a9-93e07ec5cd31_642564404.jpeg?h=225&w=225,
310521854,Tesco 4 Person Double Layer Tent,https://www.tesco.com/groceries/en-GB/shop/home-and-ents/all?department=Garden%20%26%20Outdoor&viewAll=department&page=,£45.00,£45.00/each,,,/groceries/en-GB/products/310521854,https://digitalcontent.api.tesco.com/v2/media/ghs/0459aa96-c1b9-4940-bb70-996e1fa7e5ce/69869a81-73bd-41e4-ab1a-e39546097683_1916747691.jpeg?h=225&w=225,
310525176,Tesco 2 Person Double Layer Tent,https://www.tesco.com/groceries/en-GB/shop/home-and-ents/all?department=Garden%20%26%20Outdoor&viewAll=department&page=,£32.00,£32.00/each,,,/groceries/en-GB/products/310525176,https://digitalcontent.api.tesco.com/v2/media/ghs/92383801-b955-4eab-92ad-03fc43624664/323c0e59-fcaf-46fd-b63b-3a2bec363328_1726072792.jpeg?h=225&w=225,
310525280,Tesco Mummy Sleeping Bag 300Gsm Recycled,https://www.tesco.com/groceries/en-GB/shop/home-and-ents/all?department=Garden%20%26%20Outdoor&viewAll=department&page=,£20.00,£20.00/each,,,/groceries/en-GB/products/310525280,https://digitalcontent.api.tesco.com/v2/media/ghs/33e0219e-6d07-4927-abdb-a904f206d7e4/6cf752aa-c6a8-45a2-8d19-fa331620aed8_532109305.jpeg?h=225&w=225,
310525297,Tesco Rectangular Sleeping Bag 300Gsm Recycled,https://www.tesco.com/groceries/en-GB/shop/home-and-ents/all?department=Garden%20%26%20Outdoor&viewAll=department&page=,£16.00,£16.00/each,,,/groceries/en-GB/products/310525297,https://digitalcontent.api.tesco.com/v2/media/ghs/edc445f7-1f1a-4edd-b963-d13ab63d4f5b/8cd92af4-f777-4960-9e21-7768b664c299_1914688817.jpeg?h=225&w=225,
307424829,Yoga Resistance Bands,https://www.tesco.com/groceries/en-GB/shop/home-and-ents/all?department=Garden%20%26%20Outdoor&viewAll=department&page=,£6.50,£6.50/each,,,/groceries/en-GB/products/307424829,https://digitalcontent.api.tesco.com/v2/media/ghs/e576cd30-e63d-4e54-a0af-c163912da059/7e34e14b-441e-4dfe-8781-872739a784ef_2074249842.jpeg?h=225&w=225,
312713843,Lego Ideas Sonic Hedgehog 21331,https://www.tesco.com/groceries/en-GB/shop/home-and-ents/all?department=Toys%20%26%20Games&viewAll=department&page=,£70.00,£70.00/each,£56.00 Clubcard Price,,/groceries/en-GB/products/312713843,https://digitalcontent.api.tesco.com/v2/media/ghs/705ccd4b-6661-4158-9e4d-77c723000104/463987f2-aff0-46e0-b383-8abdddc85f66_1439105229.jpeg?h=225&w=225,
312368257,Lego Star Wars The Mandalorian Helmet 75328,https://www.tesco.com/groceries/en-GB/shop/home-and-ents/all?department=Toys%20%26%20Games&viewAll=department&page=,£60.00,£60.00/each,£48.00 Clubcard Price,,/groceries/en-GB/products/312368257,https://digitalcontent.api.tesco.com/v2/media/ghs/6f92dae4-265d-41db-a9ff-37cd1a9e122c/08ec2e0d-31df-44aa-97b0-46fb64044658_135995871.jpeg?h=225&w=225,
311950897,Lego Harry Potter Trunk 76399,https://www.tesco.com/groceries/en-GB/shop/home-and-ents/all?department=Toys%20%26%20Games&viewAll=department&page=,£60.00,£60.00/each,,,/groceries/en-GB/products/311950897,https://digitalcontent.api.tesco.com/v2/media/ghs/6a32ae20-e333-4534-8286-1b0f05edeed8/62ce61df-45f8-4d00-80c7-f3df571f1241_1455243798.jpeg?h=225&w=225,
312368525,Hasbro Love Actually Monopoly,https://www.tesco.com/groceries/en-GB/shop/home-and-ents/all?department=Toys%20%26%20Games&viewAll=department&page=,£34.00,£34.00/each,,,/groceries/en-GB/products/312368525,https://digitalcontent.api.tesco.com/v2/media/ghs/c7014af4-3a7d-48ee-ada7-bb0db43152a4/e09b60a9-84a5-4721-b3c3-9c9ac99ab54a_961811729.jpeg?h=225&w=225,
311790953,Lego Disney Encanto House 43202,https://www.tesco.com/groceries/en-GB/shop/home-and-ents/all?department=Toys%20%26%20Games&viewAll=department&page=,£45.00,£45.00/each,£36.00 Clubcard Price,,/groceries/en-GB/products/311790953,https://digitalcontent.api.tesco.com/v2/media/ghs/075d7524-8a84-4404-b346-9dd4e63ab3f6/b1a3dcf4-fe8b-4eaf-a895-d8a3a51cb0fd_1365622802.jpeg?h=225&w=225,
310679157,Lego City Mobile Crane 60324,https://www.tesco.com/groceries/en-GB/shop/home-and-ents/all?department=Toys%20%26%20Games&viewAll=department&page=,£40.00,£40.00/each,,,/groceries/en-GB/products/310679157,https://digitalcontent.api.tesco.com/v2/media/ghs/b37a5fa0-9596-4539-bfa8-5e693ccf372d/a99e4982-b6b5-4ac0-9e36-f48ad555fbc3_337623926.jpeg?h=225&w=225,
300234178,Classic 101 Games Black & Gold,https://www.tesco.com/groceries/en-GB/shop/home-and-ents/all?department=Toys%20%26%20Games&viewAll=department&page=,£20.00,£20.00/each,,,/groceries/en-GB/products/300234178,https://digitalcontent.api.tesco.com/v2/media/ghs/b2ab92f6-0e38-4e11-8945-0ccecc3a294d/160cc61c-3dcf-4856-9739-a42c24511239_1355262215.jpeg?h=225&w=225,
309981062,Cocomelon Bedtime Jj Doll,https://www.tesco.com/groceries/en-GB/shop/home-and-ents/all?department=Toys%20%26%20Games&viewAll=department&page=,£30.00,£30.00/each,,,/groceries/en-GB/products/309981062,https://digitalcontent.api.tesco.com/v2/media/ghs/8a0ba748-c114-4436-9d9a-fc1d44521457/ac640941-406e-4bbb-a311-06e82cb3c493_2108991903.jpeg?h=225&w=225,
310654374,Lego Super Heroes Embargo 76181,https://www.tesco.com/groceries/en-GB/shop/home-and-ents/all?department=Toys%20%26%20Games&viewAll=department&page=,£25.00,£25.00/each,,,/groceries/en-GB/products/310654374,https://digitalcontent.api.tesco.com/v2/media/ghs/e846ebb2-c39a-49b9-b1cf-0adca6ef432e/4bd2e935-b509-4bad-b5c3-d66f3213faf0_1830116700.jpeg?h=225&w=225,
312838678,Lego Super Heroes Venom 76230,https://www.tesco.com/groceries/en-GB/shop/home-and-ents/all?department=Toys%20%26%20Games&viewAll=department&page=,£25.00,£25.00/each,,New,/groceries/en-GB/products/312838678,https://digitalcontent.api.tesco.com/v2/media/ghs/56e29155-7f9a-4a64-9f87-7e8dc344211d/9d0c5fa7-336c-4192-bafa-f4c4736a5a13_1392302316.jpeg?h=225&w=225,
312232882,Mouse In House Pineapple Juice Bar Toy,https://www.tesco.com/groceries/en-GB/shop/home-and-ents/all?department=Toys%20%26%20Games&viewAll=department&page=,£20.00,£20.00/each,£16.00 Clubcard Price,,/groceries/en-GB/products/312232882,https://digitalcontent.api.tesco.com/v2/media/ghs/6bced127-8d82-49a2-a43a-aff6aa7cd272/870ea6d6-5052-4914-9d74-884359cce8e9_1340850576.jpeg?h=225&w=225,
310653162,Lego City Cement Mixer Truck 60325,https://www.tesco.com/groceries/en-GB/shop/home-and-ents/all?department=Toys%20%26%20Games&viewAll=department&page=,£18.00,£18.00/each,,,/groceries/en-GB/products/310653162,https://digitalcontent.api.tesco.com/v2/media/ghs/7b6e02e2-c3fa-4371-bd90-debc409026dd/b493d087-471a-45e8-873d-da023798dd0b_1706436060.jpeg?h=225&w=225,
312212036,Marvel Young Groot Floppy Plush,https://www.tesco.com/groceries/en-GB/shop/home-and-ents/all?department=Toys%20%26%20Games&viewAll=department&page=,£15.00,£15.00/each,,New,/groceries/en-GB/products/312212036,https://digitalcontent.api.tesco.com/v2/media/ghs/a4abedbf-396c-4d56-8f67-203432d1e2c8/72767fd5-984d-4f30-8498-1d24f01687f3_2063810902.jpeg?h=225&w=225,
271315737,Bright Starts Tiger Toy Bar,https://www.tesco.com/groceries/en-GB/shop/home-and-ents/all?department=Toys%20%26%20Games&viewAll=department&page=,£10.00,£10.00/each,,,/groceries/en-GB/products/271315737,https://digitalcontent.api.tesco.com/v2/media/ghs/4f638e40-29c1-4e45-985e-a2887f656a6f/08892d55-9060-4fd6-a679-06751669d057_2112696835.jpeg?h=225&w=225,
306793197,Keeleco Collectable Soft Toys,https://www.tesco.com/groceries/en-GB/shop/home-and-ents/all?department=Toys%20%26%20Games&viewAll=department&page=,£8.00,£8.00/each,,,/groceries/en-GB/products/306793197,https://digitalcontent.api.tesco.com/v2/media/ghs/fd2dfd18-abaa-46a5-a202-52880558f941/27f04f5d-0f32-48e5-822f-c6835e5741cc_981930484.jpeg?h=225&w=225,
313175397,Funko Pop Comic Cover Assortment,https://www.tesco.com/groceries/en-GB/shop/home-and-ents/all?department=Toys%20%26%20Games&viewAll=department&page=,£18.00,£18.00/each,,New,/groceries/en-GB/products/313175397,https://digitalcontent.api.tesco.com/v2/media/ghs/de31356c-c5af-494b-8f37-5096bd4dadac/defa02d5-89b7-458e-8d67-1c5c3b79285b_1861173240.jpeg?h=225&w=225,
308964960,Goplay Super Car,https://www.tesco.com/groceries/en-GB/shop/home-and-ents/all?department=Toys%20%26%20Games&viewAll=department&page=,£10.00,£10.00/each,,,/groceries/en-GB/products/308964960,https://digitalcontent.api.tesco.com/v2/media/ghs/d46e9693-9693-41e1-9d52-70f1463f3b13/d8f3874d-393a-4c6e-b420-a478ed2335d4_1817134560.jpeg?h=225&w=225,
311254990,Cmj Rc Cars Mclaren 675Lt Scale 1:24Rc Car,https://www.tesco.com/groceries/en-GB/shop/home-and-ents/all?department=Toys%20%26%20Games&viewAll=department&page=,£12.00,£12.00/each,,,/groceries/en-GB/products/311254990,https://digitalcontent.api.tesco.com/v2/media/ghs/69d1ecbd-4473-47d1-98e6-d92fe658b64c/374d60ca-b6a8-4dd6-8453-f9151280aaae_816830305.jpeg?h=225&w=225,
312104821,Lego Friends 41699 Pet Cafe,https://www.tesco.com/groceries/en-GB/shop/home-and-ents/all?department=Toys%20%26%20Games&viewAll=department&page=,£25.00,£25.00/each,,,/groceries/en-GB/products/312104821,https://digitalcontent.api.tesco.com/v2/media/ghs/0363869a-a1b1-407c-9598-ce1ccc15d13a/a90ffd31-63e9-47d6-8103-aa596f825dde_1089229748.jpeg?h=225&w=225,
310650919,Little Live Pets Scruff A Luv Lil Snippers,https://www.tesco.com/groceries/en-GB/shop/home-and-ents/all?department=Toys%20%26%20Games&viewAll=department&page=,£10.00,£10.00/each,Any 2 for £16 Clubcard Price - Mixed Toys,,/groceries/en-GB/products/310650919,https://digitalcontent.api.tesco.com/v2/media/ghs/744ba176-fc9b-4a24-b6c0-80b904899524/da069ea8-ae21-47ef-9cb6-b625ab1a9903_2056352285.jpeg?h=225&w=225,
309039234,Itty Bitty Prettys Angel High,https://www.tesco.com/groceries/en-GB/shop/home-and-ents/all?department=Toys%20%26%20Games&viewAll=department&page=,£10.00,£10.00/each,,,/groceries/en-GB/products/309039234,https://digitalcontent.api.tesco.com/v2/media/ghs/72a005ac-db6e-4560-b8b4-5f54a4858325/4eabbac9-5a27-4215-a831-287ea4a46f87_693152440.jpeg?h=225&w=225,
311705434,Teamsterz Monster Minis Assortment,https://www.tesco.com/groceries/en-GB/shop/home-and-ents/all?department=Toys%20%26%20Games&viewAll=department&page=,£7.00,£7.00/each,,,/groceries/en-GB/products/311705434,https://digitalcontent.api.tesco.com/v2/media/ghs/229a146d-8fe7-4000-9043-9c7716cdf15f/6a92d608-0582-4409-93cf-e6b32a9c1ee2_1541437398.jpeg?h=225&w=225,
311786469,Dc League Of Super Pets Assortment,https://www.tesco.com/groceries/en-GB/shop/home-and-ents/all?department=Toys%20%26%20Games&viewAll=department&page=,£11.00,£11.00/each,Any 2 for £16 Clubcard Price - Mixed Toys,,/groceries/en-GB/products/311786469,https://digitalcontent.api.tesco.com/v2/media/ghs/01b841c6-7bdf-471e-bd15-2ed393a0fadc/1a82b621-38a7-474e-a719-c80197b1bd52_919140640.jpeg?h=225&w=225,
272411092,Pokemon Premium Booster Blister,https://www.tesco.com/groceries/en-GB/shop/home-and-ents/all?department=Toys%20%26%20Games&viewAll=department&page=,£5.50,£5.50/each,£4.40 Clubcard Price,,/groceries/en-GB/products/272411092,https://digitalcontent.api.tesco.com/v2/media/ghs/4d85df9e-4047-4958-bf51-c15359b75081/e219df93-c1c1-42a2-9461-73983e47c687_322568600.jpeg?h=225&w=225,
310189008,Paw Patrol Rescue Knights Mini Figure Assorted,https://www.tesco.com/groceries/en-GB/shop/home-and-ents/all?department=Toys%20%26%20Games&viewAll=department&page=,£5.00,£5.00/each,,,/groceries/en-GB/products/310189008,https://digitalcontent.api.tesco.com/v2/media/ghs/c15f7d8b-d8c5-40f3-a66f-fc4d0491d640/42de2b5c-3a64-4e04-901a-642ebc123f19_723716573.jpeg?h=225&w=225,
311229410,Lego Minifigures 71033,https://www.tesco.com/groceries/en-GB/shop/home-and-ents/all?department=Toys%20%26%20Games&viewAll=department&page=,£3.50,£3.50/each,,,/groceries/en-GB/products/311229410,https://digitalcontent.api.tesco.com/v2/media/ghs/c5ac8cc1-5003-4662-b7f5-21a4147900d4/920db188-42cc-4aca-a436-63e7472af74c_2094468353.jpeg?h=225&w=225,
299100954,Zuru Slime,https://www.tesco.com/groceries/en-GB/shop/home-and-ents/all?department=Toys%20%26%20Games&viewAll=department&page=,£2.00,£2.00/each,,,/groceries/en-GB/products/299100954,https://digitalcontent.api.tesco.com/v2/media/ghs/35a383a2-dbb0-49ac-983c-96393244b619/58e0a1da-34a7-4751-be08-fdb8825e3ae1_467994463.jpeg?h=225&w=225,
309367185,Harry Potter Ooshies,https://www.tesco.com/groceries/en-GB/shop/home-and-ents/all?department=Toys%20%26%20Games&viewAll=department&page=,£2.50,£2.50/each,,,/groceries/en-GB/products/309367185,https://digitalcontent.api.tesco.com/v2/media/ghs/3cc912fa-4e75-4d63-8011-afd373fcf407/07243608-5879-48ae-a694-549176e7a199_1644201659.jpeg?h=225&w=225,
303746132,Matchbox Single Diecast,https://www.tesco.com/groceries/en-GB/shop/home-and-ents/all?department=Toys%20%26%20Games&viewAll=department&page=,£1.50,£1.50/each,,,/groceries/en-GB/products/303746132,https://digitalcontent.api.tesco.com/v2/media/ghs/b75769d5-12cd-44ee-b3e4-45924dbf9092/cdaae4d4-6ad4-49e1-9895-da1550115331_139817719.jpeg?h=225&w=225,
311257641,Recyclings Collectable Cap Pack,https://www.tesco.com/groceries/en-GB/shop/home-and-ents/all?department=Toys%20%26%20Games&viewAll=department&page=,£3.00,£3.00/each,,,/groceries/en-GB/products/311257641,https://digitalcontent.api.tesco.com/v2/media/ghs/79baaad5-0f8b-443d-af01-90c8ae2564e2/cdf8e8e0-afb5-4d3e-b922-8c55136a5cb3_1963028447.jpeg?h=225&w=225,
252472976,Hot Wheels Die Cast Car,https://www.tesco.com/groceries/en-GB/shop/home-and-ents/all?department=Toys%20%26%20Games&viewAll=department&page=,£2.00,£2.00/each,,,/groceries/en-GB/products/252472976,https://digitalcontent.api.tesco.com/v2/media/ghs/9283dcd6-795d-488f-8b75-a5df64045d23/bf9aec15-ac15-421b-8936-5129da85bbed_673755881.jpeg?h=225&w=225,
306350762,Keep It Handy Playing Cards 2 Pack,https://www.tesco.com/groceries/en-GB/shop/home-and-ents/all?department=Toys%20%26%20Games&viewAll=department&page=,£1.00,£0.50/each,,,/groceries/en-GB/products/306350762,https://digitalcontent.api.tesco.com/v2/media/ghs/76ea7bd9-7f7b-40a2-80b4-1175bde0090f/a2b33567-9953-416f-94e7-237f77248bb1_1011217881.jpeg?h=225&w=225,
255444781,Playdoh Single Tubs,https://www.tesco.com/groceries/en-GB/shop/home-and-ents/all?department=Toys%20%26%20Games&viewAll=department&page=,£1.30,£1.30/each,,,/groceries/en-GB/products/255444781,https://digitalcontent.api.tesco.com/v2/media/ghs/524c0466-53c0-4cea-b984-df4a5b5b1f3a/db36d418-2a0c-4a56-b20f-413c16cd15f7_673834.jpeg?h=225&w=225,
286667280,LEGO Classic Large Creative Brick Box Set 10698,https://www.tesco.com/groceries/en-GB/shop/home-and-ents/all?department=Toys%20%26%20Games&viewAll=department&page=,£45.00,£45.00/each,£30.00 Clubcard Price,,/groceries/en-GB/products/286667280,https://digitalcontent.api.tesco.com/v2/media/ghs/9ed03008-0985-447f-b281-38617d075e54/0f084003-6186-45c3-b23a-d6909411faab_1553751901.jpeg?h=225&w=225,
306984461,Herd Mentality,https://www.tesco.com/groceries/en-GB/shop/home-and-ents/all?department=Toys%20%26%20Games&viewAll=department&page=,£23.00,£23.00/each,,,/groceries/en-GB/products/306984461,https://digitalcontent.api.tesco.com/v2/media/ghs/84e3063d-d0a9-4f51-985f-b3ddf81fe771/365dd0b1-a271-4fe6-8d6a-1a5e230b443e_1500907784.jpeg?h=225&w=225,
306861612,Tomy Screwball Scramble Level 2,https://www.tesco.com/groceries/en-GB/shop/home-and-ents/all?department=Toys%20%26%20Games&viewAll=department&page=,£23.00,£23.00/each,,New,/groceries/en-GB/products/306861612,https://digitalcontent.api.tesco.com/v2/media/ghs/faa24cf8-ecf2-4b90-94e2-4f15ddc8d1b7/3f4c92d4-7c08-4766-869b-942c60af8dff_676768123.jpeg?h=225&w=225,
306578493,Hot Wheels Monster Truck Twin Pack,https://www.tesco.com/groceries/en-GB/shop/home-and-ents/all?department=Toys%20%26%20Games&viewAll=department&page=,£20.00,£20.00/each,£10.00 Clubcard Price,,/groceries/en-GB/products/306578493,https://digitalcontent.api.tesco.com/v2/media/ghs-mktg/b0b04216-fa73-466d-a9d7-c9fcfa1ce9b3/no-image.jpeg,
311806741,Sylvanian Family Weekend Travel Set Assortment,https://www.tesco.com/groceries/en-GB/shop/home-and-ents/all?department=Toys%20%26%20Games&viewAll=department&page=,£20.00,£20.00/each,,,/groceries/en-GB/products/311806741,https://digitalcontent.api.tesco.com/v2/media/ghs/192b5d14-d732-462b-9006-f01977f5a06c/c8ea2976-76e4-4fdc-8117-8d021c15b848_1587935501.jpeg?h=225&w=225,
312093711,Lego Fast And Furious Charger Rt 76912,https://www.tesco.com/groceries/en-GB/shop/home-and-ents/all?department=Toys%20%26%20Games&viewAll=department&page=,£20.00,£20.00/each,,,/groceries/en-GB/products/312093711,https://digitalcontent.api.tesco.com/v2/media/ghs/1ef480a9-2100-4386-b0fd-0eb7539bb059/1cebc31e-4ce2-421b-a5f6-50f2c40958fb_658980373.jpeg?h=225&w=225,
312236371,Jurassic World Dominion Dinos Sound Assortment,https://www.tesco.com/groceries/en-GB/shop/home-and-ents/all?department=Toys%20%26%20Games&viewAll=department&page=,£21.00,£21.00/each,£16.50 Clubcard Price,,/groceries/en-GB/products/312236371,https://digitalcontent.api.tesco.com/v2/media/ghs/41d205cc-9b9f-4ce2-8117-b9394fb27fe0/c875d9e4-9c6a-4df1-a946-c7d79719f9aa_1458095883.jpeg?h=225&w=225,
310127970,Lego Jurassic World Embargo 76943,https://www.tesco.com/groceries/en-GB/shop/home-and-ents/all?department=Toys%20%26%20Games&viewAll=department&page=,£18.00,£18.00/each,,,/groceries/en-GB/products/310127970,https://digitalcontent.api.tesco.com/v2/media/ghs/97e65465-2e5b-4cc7-89e4-10ba1a2fd3b1/0d538487-d42f-450f-bddd-7be3672306d8_477290929.jpeg?h=225&w=225,
311435776,Paw Patrol Big Truck Assortment Rescue Truck,https://www.tesco.com/groceries/en-GB/shop/home-and-ents/all?department=Toys%20%26%20Games&viewAll=department&page=,£18.00,£18.00/each,,,/groceries/en-GB/products/311435776,https://digitalcontent.api.tesco.com/v2/media/ghs/1d45c271-3625-4aee-9e08-26edea811524/46757409-fdf0-4626-96f3-eb94bd43e01a_1816387344.jpeg?h=225&w=225,
311449495,Leapfrog A - Z Dictionary Learn With Me,https://www.tesco.com/groceries/en-GB/shop/home-and-ents/all?department=Toys%20%26%20Games&viewAll=department&page=,£32.00,£32.00/each,,,/groceries/en-GB/products/311449495,https://digitalcontent.api.tesco.com/v2/media/ghs/1e943714-9bbd-4812-b228-6c9c5ee982e4/42845344-0193-4ca0-b41b-ea3c432aaddf_1259121166.jpeg?h=225&w=225,
312869670,Disney Encanto Character Assortment,https://www.tesco.com/groceries/en-GB/shop/home-and-ents/all?department=Toys%20%26%20Games&viewAll=department&page=,£15.00,£15.00/each,,New,/groceries/en-GB/products/312869670,https://digitalcontent.api.tesco.com/v2/media/ghs/f22e69ac-3497-4c89-a4bd-77b23e6d0746/54d3fd9f-8f76-46c9-9e4a-f513fc92761f_935609078.jpeg?h=225&w=225,
307905612,Zuru Oosh Potion,https://www.tesco.com/groceries/en-GB/shop/home-and-ents/all?department=Toys%20%26%20Games&viewAll=department&page=,£11.00,£11.00/each,Any 2 for £16 Clubcard Price - Mixed Toys,,/groceries/en-GB/products/307905612,https://digitalcontent.api.tesco.com/v2/media/ghs/1ab76f4b-dd90-43ea-946c-549c487d3b3c/f71ca92e-5b47-416e-be3e-cf00f6592bfc_2066682064.jpeg?h=225&w=225,
308953627,Go Play Sleepover Backpack,https://www.tesco.com/groceries/en-GB/shop/home-and-ents/all?department=Toys%20%26%20Games&viewAll=department&page=,£11.00,£11.00/each,,,/groceries/en-GB/products/308953627,https://digitalcontent.api.tesco.com/v2/media/ghs/33bc810a-17cc-4083-a766-4530c5230b1f/5f075c15-24ee-48be-9996-9c6ea179dd77_927873440.jpeg?h=225&w=225,
311530029,Keel Toys Eco Teddy Bear,https://www.tesco.com/groceries/en-GB/shop/home-and-ents/all?department=Toys%20%26%20Games&viewAll=department&page=,£10.00,£10.00/each,,New,/groceries/en-GB/products/311530029,https://digitalcontent.api.tesco.com/v2/media/ghs/62ac828d-91bc-4828-8019-a559dea0bcb6/16f29fb2-7682-4e8e-a69d-ef4a801eebdd_1131282815.jpeg?h=225&w=225,
311800782,Octonauts Crew Plush Assortment,https://www.tesco.com/groceries/en-GB/shop/home-and-ents/all?department=Toys%20%26%20Games&viewAll=department&page=,£9.00,£9.00/each,Any 2 for £16 Clubcard Price - Mixed Toys,,/groceries/en-GB/products/311800782,https://digitalcontent.api.tesco.com/v2/media/ghs/7be1196a-fb64-4dd9-aad7-4dcfd6f05a82/0e5f5aa1-bf6a-4fd6-9588-82e35103ebda_1547445425.jpeg?h=225&w=225,
300057186,X-Shot Xcess Tk-12,https://www.tesco.com/groceries/en-GB/shop/home-and-ents/all?department=Toys%20%26%20Games&viewAll=department&page=,£10.00,£10.00/each,,,/groceries/en-GB/products/300057186,https://digitalcontent.api.tesco.com/v2/media/ghs/4392f74f-4c16-4197-b0cf-e873649e5ae2/snapshotimagehandler_1366847839.jpeg?h=225&w=225,
310671140,Keel Eco Adoptable Collectables,https://www.tesco.com/groceries/en-GB/shop/home-and-ents/all?department=Toys%20%26%20Games&viewAll=department&page=,£8.00,£8.00/each,,,/groceries/en-GB/products/310671140,https://digitalcontent.api.tesco.com/v2/media/ghs/b0a07ef4-c6ec-4fe6-98e1-b2a920cb9d9e/f44c1acf-50bc-49f7-b479-def45c88dca0_1555622461.jpeg?h=225&w=225,
311801737,Lego Lego Friends Pizzeria 41705,https://www.tesco.com/groceries/en-GB/shop/home-and-ents/all?department=Toys%20%26%20Games&viewAll=department&page=,£13.00,£13.00/each,Any 2 for £16 Clubcard Price - Mixed Toys,,/groceries/en-GB/products/311801737,https://digitalcontent.api.tesco.com/v2/media/ghs/d13c4924-d02e-4975-9ad9-b789fd7b4672/921c06b7-3ef6-4494-a5fd-22602e263320_1100242243.jpeg?h=225&w=225,
287005400,Super Mario Bros Plush Assorted,https://www.tesco.com/groceries/en-GB/shop/home-and-ents/all?department=Toys%20%26%20Games&viewAll=department&page=,£11.00,£11.00/each,,,/groceries/en-GB/products/287005400,https://digitalcontent.api.tesco.com/v2/media/ghs/d01615a1-df18-43e0-ba5e-01d0f0c44f32/13851529-57d7-4844-8bb9-a333db6d28bc_1530724049.jpeg?h=225&w=225,
311650169,5 Surprise Foodies Mini Brands,https://www.tesco.com/groceries/en-GB/shop/home-and-ents/all?department=Toys%20%26%20Games&viewAll=department&page=,£8.50,£8.50/each,,,/groceries/en-GB/products/311650169,https://digitalcontent.api.tesco.com/v2/media/ghs/e197c14b-d4fd-44e5-b30e-f48c48edf613/f1029c00-0b2f-4939-b423-e7c8f44d304f_914194365.jpeg?h=225&w=225,
291057568,Stikbot Single Pack,https://www.tesco.com/groceries/en-GB/shop/home-and-ents/all?department=Toys%20%26%20Games&viewAll=department&page=,£5.00,£5.00/each,,,/groceries/en-GB/products/291057568,https://digitalcontent.api.tesco.com/v2/media/ghs/24786f41-ce68-412f-8320-fe516fc7277e/bb1e22a2-d879-4100-a6e4-e13aa45e9793_1092027875.jpeg?h=225&w=225,
301643458,Polly Pocket Tiny Pocket World,https://www.tesco.com/groceries/en-GB/shop/home-and-ents/all?department=Toys%20%26%20Games&viewAll=department&page=,£6.00,£6.00/each,,,/groceries/en-GB/products/301643458,https://digitalcontent.api.tesco.com/v2/media/ghs/b30f9ba9-352f-4a57-b62f-49aed3ba06e3/8b9294d2-b043-4ae4-9563-ef0538b90bf1_218460766.jpeg?h=225&w=225,
308056369,Cry Babies Collectable,https://www.tesco.com/groceries/en-GB/shop/home-and-ents/all?department=Toys%20%26%20Games&viewAll=department&page=,£10.00,£10.00/each,Any 2 for £16 Clubcard Price - Mixed Toys,,/groceries/en-GB/products/308056369,https://digitalcontent.api.tesco.com/v2/media/ghs/0363f00b-4ee0-4760-9882-ed54d9a3e662/b46fea05-9046-431a-8a0e-9392c9cfd080_1766144081.jpeg?h=225&w=225,
303191096,Monster Trucks 1/64 Assorted,https://www.tesco.com/groceries/en-GB/shop/home-and-ents/all?department=Toys%20%26%20Games&viewAll=department&page=,£5.50,£5.50/each,£4.40 Clubcard Price,,/groceries/en-GB/products/303191096,https://digitalcontent.api.tesco.com/v2/media/ghs/3dc782ef-45b8-451f-bc44-e436309a6946/b16f4af8-c159-435e-abbb-cd299d06e4e5_934891431.jpeg?h=225&w=225,
310665015,Nerf Elite 2.0 Prospect Quality Street 4,https://www.tesco.com/groceries/en-GB/shop/home-and-ents/all?department=Toys%20%26%20Games&viewAll=department&page=,£8.00,£8.00/each,£6.00 Clubcard Price,,/groceries/en-GB/products/310665015,https://digitalcontent.api.tesco.com/v2/media/ghs/2d14a31f-cfd5-4436-96b5-772c86909886/2e8acf99-3861-4b86-b04f-aa859b37693c_1445390963.jpeg?h=225&w=225,
305161561,Matchbox Skybusters,https://www.tesco.com/groceries/en-GB/shop/home-and-ents/all?department=Toys%20%26%20Games&viewAll=department&page=,£4.00,£4.00/each,,,/groceries/en-GB/products/305161561,https://digitalcontent.api.tesco.com/v2/media/ghs/ccd50743-4109-4986-b021-5b7bd583ee38/e1e1abef-89c4-4819-9ba5-55f16c2abf65_1931316835.jpeg?h=225&w=225,
252472947,Hot Wheels 5 Car Giftpack Assortment,https://www.tesco.com/groceries/en-GB/shop/home-and-ents/all?department=Toys%20%26%20Games&viewAll=department&page=,£9.00,£9.00/each,,,/groceries/en-GB/products/252472947,https://digitalcontent.api.tesco.com/v2/media/ghs/badc4193-2d2f-4142-a34d-3cf76c578f1d/snapshotimagehandler_531507184.jpeg?h=225&w=225,
311687575,Gabbys Dollhouse Surprise Figure,https://www.tesco.com/groceries/en-GB/shop/home-and-ents/all?department=Toys%20%26%20Games&viewAll=department&page=,£5.00,£5.00/each,,,/groceries/en-GB/products/311687575,https://digitalcontent.api.tesco.com/v2/media/ghs/e6e69fcd-9074-4dca-9e43-61e51bb92f23/f65903e3-9ccb-4fa1-ba81-26944b4c21e3_1097347977.jpeg?h=225&w=225,
311694071,Magic Mixies Cauldron Single Pack,https://www.tesco.com/groceries/en-GB/shop/home-and-ents/all?department=Toys%20%26%20Games&viewAll=department&page=,£5.00,£5.00/each,,,/groceries/en-GB/products/311694071,https://digitalcontent.api.tesco.com/v2/media/ghs/83629f08-b874-4870-aa13-5da2c04104f4/0ac513f9-6f58-4b3d-96bc-4250c91935fa_1385356609.jpeg?h=225&w=225,
265177528,Royal Flush Playing Cards,https://www.tesco.com/groceries/en-GB/shop/home-and-ents/all?department=Toys%20%26%20Games&viewAll=department&page=,£2.00,£2.00/each,,New,/groceries/en-GB/products/265177528,https://digitalcontent.api.tesco.com/v2/media/ghs/79991d46-1c3a-4f74-89f4-cfe3aa363551/2f518226-94fd-4faf-84d4-6be56dc7776d_295637033.jpeg?h=225&w=225,
278991517,Keel Bobballs,https://www.tesco.com/groceries/en-GB/shop/home-and-ents/all?department=Toys%20%26%20Games&viewAll=department&page=,£2.50,£2.50/each,,,/groceries/en-GB/products/278991517,https://digitalcontent.api.tesco.com/v2/media/ghs/1c1ba5fa-e412-4752-8fcc-98669a49aa42/0d056bf1-166c-4aa1-81d6-d8f1b0884524_1596666510.jpeg?h=225&w=225,
311946767,Treasure X Mini Robot Gold,https://www.tesco.com/groceries/en-GB/shop/home-and-ents/all?department=Toys%20%26%20Games&viewAll=department&page=,£5.00,£5.00/each,,,/groceries/en-GB/products/311946767,https://digitalcontent.api.tesco.com/v2/media/ghs/336d87ff-123f-4a5c-8b31-984e4f76db7f/1e08303c-8675-4a7c-a6c8-92599f229960_1852642365.jpeg?h=225&w=225,
283742777,X Shot Excel Micro,https://www.tesco.com/groceries/en-GB/shop/home-and-ents/all?department=Toys%20%26%20Games&viewAll=department&page=,£3.50,£3.50/each,,,/groceries/en-GB/products/283742777,https://digitalcontent.api.tesco.com/v2/media/ghs/7d95a58d-95b3-473e-b508-22f42eaec0c2/72cdf283-b937-4509-a466-02cf7e094e6f_1863029151.jpeg?h=225&w=225,
307979754,Matchbox Best Of Uk Diecast Assorted,https://www.tesco.com/groceries/en-GB/shop/home-and-ents/all?department=Toys%20%26%20Games&viewAll=department&page=,£2.50,£2.50/each,,,/groceries/en-GB/products/307979754,https://digitalcontent.api.tesco.com/v2/media/ghs/9bd328f6-8334-4ff0-b553-242251d5a86d/33fd11c1-b1f8-4b20-929f-e961bca9f8e2_1850314218.jpeg?h=225&w=225,
312092159,Fall Guys Mini Figures Ultimate Knockout,https://www.tesco.com/groceries/en-GB/shop/home-and-ents/all?department=Toys%20%26%20Games&viewAll=department&page=,£4.00,£4.00/each,,,/groceries/en-GB/products/312092159,https://digitalcontent.api.tesco.com/v2/media/ghs/df3b599a-41ea-472f-a552-854db3203e9e/3fdfa0d7-a0a1-4aaa-aac3-fc31ca13ed23_252146087.jpeg?h=225&w=225,
311705405,Teamsterz Colour Change Metal Car,https://www.tesco.com/groceries/en-GB/shop/home-and-ents/all?department=Toys%20%26%20Games&viewAll=department&page=,£2.50,£2.50/each,,,/groceries/en-GB/products/311705405,https://digitalcontent.api.tesco.com/v2/media/ghs/a964efb9-8dd2-4119-a893-4c1c403a9135/eb82ceed-0ffb-4f48-972e-9dc23b2b8d9c_1873511645.jpeg?h=225&w=225,
304277748,Fisher Price Little People Figures,https://www.tesco.com/groceries/en-GB/shop/home-and-ents/all?department=Toys%20%26%20Games&viewAll=department&page=,£2.70,£2.70/each,,,/groceries/en-GB/products/304277748,https://digitalcontent.api.tesco.com/v2/media/ghs/5d11987d-5bc0-43d4-b2fa-4445d00ba622/079f254d-5642-48f9-bdd9-2bbb42222ef4_20853858.jpeg?h=225&w=225,
311934001,Lego City Amusement Ride Truck 60313,https://www.tesco.com/groceries/en-GB/shop/home-and-ents/all?department=Toys%20%26%20Games&viewAll=department&page=,£35.00,£35.00/each,,,/groceries/en-GB/products/311934001,https://digitalcontent.api.tesco.com/v2/media/ghs/16c64826-69b7-4633-a1fe-985caf6723dc/4a70b181-b7e1-461a-9538-f82a05e4f258_1184570473.jpeg?h=225&w=225,
301944701,Hungry Hippos,https://www.tesco.com/groceries/en-GB/shop/home-and-ents/all?department=Toys%20%26%20Games&viewAll=department&page=,£22.00,£22.00/each,,,/groceries/en-GB/products/301944701,https://digitalcontent.api.tesco.com/v2/media/ghs/8ee9f5ea-c2a1-4da6-b07e-da6b5699266b/b035aa07-1358-4c4c-92c6-93abf45cb258_434856665.jpeg?h=225&w=225,
312343543,Cheatwell Top Trivia Ultimate,https://www.tesco.com/groceries/en-GB/shop/home-and-ents/all?department=Toys%20%26%20Games&viewAll=department&page=,£15.00,£15.00/each,,,/groceries/en-GB/products/312343543,https://digitalcontent.api.tesco.com/v2/media/ghs/667a7165-6bb4-468d-92c7-eedff7470339/5608b328-20c5-4e6c-872d-3193001b96cb_1554535930.jpeg?h=225&w=225,
307199755,Orchard Toys 4 In 1 Selection Pack,https://www.tesco.com/groceries/en-GB/shop/home-and-ents/all?department=Toys%20%26%20Games&viewAll=department&page=,£34.00,£34.00/each,,,/groceries/en-GB/products/307199755,https://digitalcontent.api.tesco.com/v2/media/ghs/1a623eb9-e62d-4394-9d69-282ec77e0de3/1b2e83d3-a940-4146-8d22-cf77f0b0c2f0_1801833173.jpeg?h=225&w=225,
309308475,Purse Pets,https://www.tesco.com/groceries/en-GB/shop/home-and-ents/all?department=Toys%20%26%20Games&viewAll=department&page=,£26.00,£26.00/each,,,/groceries/en-GB/products/309308475,https://digitalcontent.api.tesco.com/v2/media/ghs/026e29e1-2d39-42ef-abfa-11b443b020e7/00d00801-8c0f-4b26-b251-bb13b013e01c_972266762.jpeg?h=225&w=225,
312086858,Cry Babies Bff Doll Assortment,https://www.tesco.com/groceries/en-GB/shop/home-and-ents/all?department=Toys%20%26%20Games&viewAll=department&page=,£22.00,£22.00/each,,,/groceries/en-GB/products/312086858,https://digitalcontent.api.tesco.com/v2/media/ghs/4822a261-2561-4184-9d1f-8de39b4fcfa7/f80da0c8-dcc6-4b2d-82bf-e337450ef0d3_1425143947.jpeg?h=225&w=225,
309564222,Goozonians 2 Pack,https://www.tesco.com/groceries/en-GB/shop/home-and-ents/all?department=Toys%20%26%20Games&viewAll=department&page=,£20.00,£10.00/each,,,/groceries/en-GB/products/309564222,https://digitalcontent.api.tesco.com/v2/media/ghs/98a9192a-aef8-45d7-be55-67aef8493a18/a5e617c4-4c5c-4a98-8db5-e44dfb470cc1_220948084.jpeg?h=225&w=225,
310673345,Lego Minecraft Guardian Battle 21180,https://www.tesco.com/groceries/en-GB/shop/home-and-ents/all?department=Toys%20%26%20Games&viewAll=department&page=,£20.00,£20.00/each,,,/groceries/en-GB/products/310673345,https://digitalcontent.api.tesco.com/v2/media/ghs/a1a53036-8774-48c9-968d-9a3d11e5be6d/bae2b7dc-edde-4ab9-814c-cf82d896e303_869753709.jpeg?h=225&w=225,
312106272,Lego Lego Minecraft Bakery 21184,https://www.tesco.com/groceries/en-GB/shop/home-and-ents/all?department=Toys%20%26%20Games&viewAll=department&page=,£20.00,£20.00/each,,,/groceries/en-GB/products/312106272,https://digitalcontent.api.tesco.com/v2/media/ghs/241490cc-9b03-4819-9920-c0cd76ff41aa/01e27c88-9d3a-4787-ab80-2ce76d1d6105_1174093203.jpeg?h=225&w=225,
309950639,Spidey Web Strike 2 In 1 Vehicle,https://www.tesco.com/groceries/en-GB/shop/home-and-ents/all?department=Toys%20%26%20Games&viewAll=department&page=,£15.00,£15.00/each,£12.00 Clubcard Price,,/groceries/en-GB/products/309950639,https://digitalcontent.api.tesco.com/v2/media/ghs/ca7cecd2-e4a9-4bb7-ba95-364507d1d666/87f691a3-bbf9-429c-b32c-a0dcd57e0ed3_83807821.jpeg?h=225&w=225,
311941643,Octonauts Vehicle & Figure Assortment,https://www.tesco.com/groceries/en-GB/shop/home-and-ents/all?department=Toys%20%26%20Games&viewAll=department&page=,£15.00,£7.50/each,,,/groceries/en-GB/products/311941643,https://digitalcontent.api.tesco.com/v2/media/ghs/3bd5884b-daa4-41a4-b461-c88f0e5e9c89/0eeebdc8-365a-4e62-9045-18b8e5368dd8_430684575.jpeg?h=225&w=225,
304100970,Spiderman Movie Suit,https://www.tesco.com/groceries/en-GB/shop/home-and-ents/all?department=Toys%20%26%20Games&viewAll=department&page=,£16.00,£16.00/each,,,/groceries/en-GB/products/304100970,https://digitalcontent.api.tesco.com/v2/media/ghs/82a1dfe4-9c44-4814-96a4-c17ff6c67705/88cd0891-4dc8-45e7-b142-a0a1dd50553d_1821461690.jpeg?h=225&w=225,
310658168,My Little Pony Eco Plush,https://www.tesco.com/groceries/en-GB/shop/home-and-ents/all?department=Toys%20%26%20Games&viewAll=department&page=,£13.00,£13.00/each,,,/groceries/en-GB/products/310658168,https://digitalcontent.api.tesco.com/v2/media/ghs/dd1d9245-d864-48d6-8f2d-8e20e42d9ba6/0fb1bda5-0c9a-48d2-a7a7-befd83f34292_1301385394.jpeg?h=225&w=225,
304151281,Cutetitos,https://www.tesco.com/groceries/en-GB/shop/home-and-ents/all?department=Toys%20%26%20Games&viewAll=department&page=,£10.00,£10.00/each,Any 2 for £16 Clubcard Price - Mixed Toys,,/groceries/en-GB/products/304151281,https://digitalcontent.api.tesco.com/v2/media/ghs/b9910f96-c2e5-4b7e-afe6-927e66968e13/a730019b-1e07-4398-90c6-48c118ebde0f_252271746.jpeg?h=225&w=225,
305855466,Clementoni 104 Piece Licensed Puzzle,https://www.tesco.com/groceries/en-GB/shop/home-and-ents/all?department=Toys%20%26%20Games&viewAll=department&page=,£8.00,£8.00/each,,,/groceries/en-GB/products/305855466,https://digitalcontent.api.tesco.com/v2/media/ghs/836140d1-702e-4b72-81ce-15ea4135bc5e/acd77d49-549d-46cb-97bc-b1e1e5233540_98800346.jpeg?h=225&w=225,
310687824,Among Us Mystery Capsule,https://www.tesco.com/groceries/en-GB/shop/home-and-ents/all?department=Toys%20%26%20Games&viewAll=department&page=,£12.00,£12.00/each,Any 2 for £16 Clubcard Price - Mixed Toys,,/groceries/en-GB/products/310687824,https://digitalcontent.api.tesco.com/v2/media/ghs/b140a532-d05e-4a54-aa5a-d47befc70360/d7350d58-2764-4ccf-be13-bf094725b4af_776786252.jpeg?h=225&w=225,
311944657,Lego Super Heroes 76220,https://www.tesco.com/groceries/en-GB/shop/home-and-ents/all?department=Toys%20%26%20Games&viewAll=department&page=,£13.00,£13.00/each,,,/groceries/en-GB/products/311944657,https://digitalcontent.api.tesco.com/v2/media/ghs/5a05c4d8-1085-4ad9-b9c8-ee9a7b7fd176/fbf9bc1e-f7cd-405d-9963-61ed064bcbf1_1712800660.jpeg?h=225&w=225,
312698324,"Pokemon 5"" Plush Assortment",https://www.tesco.com/groceries/en-GB/shop/home-and-ents/all?department=Toys%20%26%20Games&viewAll=department&page=,£10.00,£10.00/each,,,/groceries/en-GB/products/312698324,https://digitalcontent.api.tesco.com/v2/media/ghs/d3dc9e46-ad1f-4f1c-b45b-818db8f12686/65c9923e-db6f-4d4d-ae84-e397e5034adb_122475389.jpeg?h=225&w=225,
312228559,Rainbow High Mini Accessories Handbag Studio Assortment,https://www.tesco.com/groceries/en-GB/shop/home-and-ents/all?department=Toys%20%26%20Games&viewAll=department&page=,£10.00,£10.00/each,,New,/groceries/en-GB/products/312228559,https://digitalcontent.api.tesco.com/v2/media/ghs/1b25865e-16d8-4454-bea9-8f76d91c08ab/75189e98-26e7-47f0-812a-4e0e890358e7_139133346.jpeg?h=225&w=225,
308264331,Kindi Kids Party Pets,https://www.tesco.com/groceries/en-GB/shop/home-and-ents/all?department=Toys%20%26%20Games&viewAll=department&page=,£10.00,£10.00/each,Any 2 for £16 Clubcard Price - Mixed Toys,,/groceries/en-GB/products/308264331,https://digitalcontent.api.tesco.com/v2/media/ghs/d635660c-c35a-40ae-a213-f8ad7e2051b5/42ee91ad-407b-436a-9129-dfc6f2e77826_2056500706.jpeg?h=225&w=225,
311705486,X-Shot Skins Flux,https://www.tesco.com/groceries/en-GB/shop/home-and-ents/all?department=Toys%20%26%20Games&viewAll=department&page=,£7.00,£7.00/each,,,/groceries/en-GB/products/311705486,https://digitalcontent.api.tesco.com/v2/media/ghs/887f0dd7-657f-4212-875b-03285d60672e/a6f4ce7b-d445-40cb-963e-79ad45f7e9f9_908710195.jpeg?h=225&w=225,
309652629,Akedo Verses Pack,https://www.tesco.com/groceries/en-GB/shop/home-and-ents/all?department=Toys%20%26%20Games&viewAll=department&page=,£11.00,£11.00/each,,,/groceries/en-GB/products/309652629,https://digitalcontent.api.tesco.com/v2/media/ghs/3082b6d6-f501-4838-9f44-d2745501e5f6/feea6623-c2b7-4a44-bda3-262f631068af_1764160651.jpeg?h=225&w=225,
307067762,Harry Potter Mystery Capsule,https://www.tesco.com/groceries/en-GB/shop/home-and-ents/all?department=Toys%20%26%20Games&viewAll=department&page=,£10.00,£10.00/each,,,/groceries/en-GB/products/307067762,https://digitalcontent.api.tesco.com/v2/media/ghs/a4c8a5dc-c02b-441d-b4d9-b8cdd2be9991/b8aaf2a1-6fad-4129-83c6-be86360eafd7_1999915372.jpeg?h=225&w=225,
311780441,Treasure X Minecraft Caves And Cliffs,https://www.tesco.com/groceries/en-GB/shop/home-and-ents/all?department=Toys%20%26%20Games&viewAll=department&page=,£10.00,£10.00/each,,,/groceries/en-GB/products/311780441,https://digitalcontent.api.tesco.com/v2/media/ghs/05ed5a78-a2a4-4434-91e3-e4b4367d62f7/a124f31c-4e1e-424c-b162-03db5e6010e6_1608682504.jpeg?h=225&w=225,
309430127,Real Littles Disney Backpack,https://www.tesco.com/groceries/en-GB/shop/home-and-ents/all?department=Toys%20%26%20Games&viewAll=department&page=,£10.00,£10.00/each,Any 2 for £16 Clubcard Price - Mixed Toys,,/groceries/en-GB/products/309430127,https://digitalcontent.api.tesco.com/v2/media/ghs/bcadbc5f-f33d-433a-a18c-c82f751c1b3c/818a1c2d-2b9b-45b9-8a65-cefbfe69e768_236090791.jpeg?h=225&w=225,
305478215,Pokemon Mini Tin,https://www.tesco.com/groceries/en-GB/shop/home-and-ents/all?department=Toys%20%26%20Games&viewAll=department&page=,£10.00,£10.00/each,£8.00 Clubcard Price,,/groceries/en-GB/products/305478215,https://digitalcontent.api.tesco.com/v2/media/ghs/3bbc3cc6-fc1b-4288-b661-4c5f0bdb32cb/f4c8b6d6-9cac-40d0-a9bb-5bc51e9ca01b_510697470.jpeg?h=225&w=225,
307671478,Carousel Recycled Magical Creature,https://www.tesco.com/groceries/en-GB/shop/home-and-ents/all?department=Toys%20%26%20Games&viewAll=department&page=,£8.00,£8.00/each,,,/groceries/en-GB/products/307671478,https://digitalcontent.api.tesco.com/v2/media/ghs/73f443e6-7052-4520-8504-bb6009deb403/1e769b39-ef60-4c7e-8ffd-3389be6c7c74_424989808.jpeg?h=225&w=225,
312368986,Lego Lego City 60332 Stuntz Bike,https://www.tesco.com/groceries/en-GB/shop/home-and-ents/all?department=Toys%20%26%20Games&viewAll=department&page=,£7.00,£7.00/each,,,/groceries/en-GB/products/312368986,https://digitalcontent.api.tesco.com/v2/media/ghs/9b2b7e57-4db3-4da7-8701-db1eece04427/56354d0f-5400-456c-a86b-b447b6af6a86_1547122223.jpeg?h=225&w=225,
293255739,Keel Small Animotsu,https://www.tesco.com/groceries/en-GB/shop/home-and-ents/all?department=Toys%20%26%20Games&viewAll=department&page=,£5.00,£5.00/each,,,/groceries/en-GB/products/293255739,https://digitalcontent.api.tesco.com/v2/media/ghs/f2d11d86-a8a3-4876-89a4-62c3b72b85db/869c789e-9e71-4ac2-a897-4fcbd8f1e4f3_758527826.jpeg?h=225&w=225,
310379515,Zuru Oosh Putty,https://www.tesco.com/groceries/en-GB/shop/home-and-ents/all?department=Toys%20%26%20Games&viewAll=department&page=,£4.00,£4.00/each,,,/groceries/en-GB/products/310379515,https://digitalcontent.api.tesco.com/v2/media/ghs/5b5c858f-414b-4153-8425-e53c9f6064de/34a6a3b3-a081-4832-8642-9057171d8825_901938773.jpeg?h=225&w=225,
310529402,Paw Patrol 3.5 Inch Gund Core Plush,https://www.tesco.com/groceries/en-GB/shop/home-and-ents/all?department=Toys%20%26%20Games&viewAll=department&page=,£5.00,£5.00/each,,,/groceries/en-GB/products/310529402,https://digitalcontent.api.tesco.com/v2/media/ghs/d596b9d2-1115-4f8f-9655-82b70aa81909/2d93754d-5a2f-44c1-8609-31d239078119_1445688864.jpeg?h=225&w=225,
310514877,5 Surprise Plushy Pets,https://www.tesco.com/groceries/en-GB/shop/home-and-ents/all?department=Toys%20%26%20Games&viewAll=department&page=,£5.50,£5.50/each,,,/groceries/en-GB/products/310514877,https://digitalcontent.api.tesco.com/v2/media/ghs/fecf9e90-35e6-4613-8d70-53c06841821d/16df1104-1fd1-42f4-8587-6db8bd07717e_1025554282.jpeg?h=225&w=225,
294351740,Keel Minimotsu,https://www.tesco.com/groceries/en-GB/shop/home-and-ents/all?department=Toys%20%26%20Games&viewAll=department&page=,£3.50,£3.50/each,,,/groceries/en-GB/products/294351740,https://digitalcontent.api.tesco.com/v2/media/ghs/7a06b688-af47-4e24-b5a7-050d6a90f445/1842bafa-73b9-415a-878f-814b68416241_507335094.jpeg?h=225&w=225,
307725243,Squishville Mystery Mini Assorted,https://www.tesco.com/groceries/en-GB/shop/home-and-ents/all?department=Toys%20%26%20Games&viewAll=department&page=,£5.00,£5.00/each,£4.00 Clubcard Price,,/groceries/en-GB/products/307725243,https://digitalcontent.api.tesco.com/v2/media/ghs/a0edfb34-b23e-4bb8-9460-abe66a1f9fd0/448951b7-8b65-4f7b-b51b-08bda5776319_882973330.jpeg?h=225&w=225,
312693637,Lego Super Mario Character Packs 71410,https://www.tesco.com/groceries/en-GB/shop/home-and-ents/all?department=Toys%20%26%20Games&viewAll=department&page=,£5.00,£5.00/each,,,/groceries/en-GB/products/312693637,https://digitalcontent.api.tesco.com/v2/media/ghs/94131db7-45e9-4626-8ae4-ef106f6bc16e/017e33c2-e138-4e6d-8a76-14e86087a57e_901022264.jpeg?h=225&w=225,
311805454,Imaginext Jurassic World 3 Baby Dino Assortment,https://www.tesco.com/groceries/en-GB/shop/home-and-ents/all?department=Toys%20%26%20Games&viewAll=department&page=,£4.50,£4.50/each,,,/groceries/en-GB/products/311805454,https://digitalcontent.api.tesco.com/v2/media/ghs/8d302414-1dce-4e91-8a71-92b712dd0832/aea7412b-9214-4523-8a92-e8ff8ad27c90_1329482740.jpeg?h=225&w=225,
312717954,Yu-Gi-Oh! Micro 1.25 Inch Action Figure,https://www.tesco.com/groceries/en-GB/shop/home-and-ents/all?department=Toys%20%26%20Games&viewAll=department&page=,£5.00,£5.00/each,,New,/groceries/en-GB/products/312717954,https://digitalcontent.api.tesco.com/v2/media/ghs/3a537a41-f155-4570-9068-1cbe09050ef1/30c32f92-664b-43a5-a575-abb89764b8e0_1468864439.jpeg?h=225&w=225,
308263545,Roblox Celeb Blind Bag,https://www.tesco.com/groceries/en-GB/shop/home-and-ents/all?department=Toys%20%26%20Games&viewAll=department&page=,£5.00,£5.00/each,,,/groceries/en-GB/products/308263545,https://digitalcontent.api.tesco.com/v2/media/ghs/801a4e33-f268-4abc-a261-3fb96073097a/48d7bc39-f358-48f7-aefe-fc490ed65421_1220250354.jpeg?h=225&w=225,
290598015,Paw Patrol Mashems,https://www.tesco.com/groceries/en-GB/shop/home-and-ents/all?department=Toys%20%26%20Games&viewAll=department&page=,£3.00,£3.00/each,,,/groceries/en-GB/products/290598015,https://digitalcontent.api.tesco.com/v2/media/ghs/aa88224d-3e5b-4f0d-b98f-17f4d637708b/7d653288-1cd2-4748-87c3-4069f5a5c254_79936396.jpeg?h=225&w=225,
300762480,Classic Wood 12 In 1 Game House Black & Gold,https://www.tesco.com/groceries/en-GB/shop/home-and-ents/all?department=Toys%20%26%20Games&viewAll=department&page=,£35.00,£35.00/each,,,/groceries/en-GB/products/300762480,https://digitalcontent.api.tesco.com/v2/media/ghs/558c02e1-929a-4283-9481-5b4c6ffbf296/ce4427b1-437d-4992-8cb4-4b965ccf89d0_1048713809.jpeg?h=225&w=225,
312217100,Lego Jurassic World 76947 Ambush,https://www.tesco.com/groceries/en-GB/shop/home-and-ents/all?department=Toys%20%26%20Games&viewAll=department&page=,£45.00,£45.00/each,,,/groceries/en-GB/products/312217100,https://digitalcontent.api.tesco.com/v2/media/ghs/e10d9d4e-77ca-4001-9469-57351577d033/9502591f-7474-4397-aff1-7308744fd50e_1851742502.jpeg?h=225&w=225,
304427939,Pictionary Air,https://www.tesco.com/groceries/en-GB/shop/home-and-ents/all?department=Toys%20%26%20Games&viewAll=department&page=,£22.00,£22.00/each,,,/groceries/en-GB/products/304427939,https://digitalcontent.api.tesco.com/v2/media/ghs/2373765c-d60c-4282-86d7-a9f78a8ecc45/cfe6567e-6385-4943-9f0c-7885fe40e6b7_1119220604.jpeg?h=225&w=225,
310174014,Lego Harry Potter Embargo 76396,https://www.tesco.com/groceries/en-GB/shop/home-and-ents/all?department=Toys%20%26%20Games&viewAll=department&page=,£25.00,£25.00/each,,,/groceries/en-GB/products/310174014,https://digitalcontent.api.tesco.com/v2/media/ghs/86cd13aa-00a7-4482-a314-1f6e8c7a538d/742fe478-9cbb-4d60-bf82-b07cf2049b1e_36786707.jpeg?h=225&w=225,
303812768,Marvins Magic Amazing Magic Hat,https://www.tesco.com/groceries/en-GB/shop/home-and-ents/all?department=Toys%20%26%20Games&viewAll=department&page=,£24.00,£24.00/each,,,/groceries/en-GB/products/303812768,https://digitalcontent.api.tesco.com/v2/media/ghs/37ad549f-566b-439f-a7ea-7c8d4c03c4ac/snapshotimagehandler_1381337300.jpeg?h=225&w=225,
256135498,Rubiks Cube 3X3,https://www.tesco.com/groceries/en-GB/shop/home-and-ents/all?department=Toys%20%26%20Games&viewAll=department&page=,£13.50,£13.50/each,,,/groceries/en-GB/products/256135498,https://digitalcontent.api.tesco.com/v2/media/ghs/f8761717-f586-443c-8324-7e95e1d3e54f/a8616e8b-c0e1-4217-8f33-5a9a1f4e77cc_623515939.jpeg?h=225&w=225,
262815303,Pokemon Tin,https://www.tesco.com/groceries/en-GB/shop/home-and-ents/all?department=Toys%20%26%20Games&viewAll=department&page=,£22.00,£22.00/each,£17.50 Clubcard Price,,/groceries/en-GB/products/262815303,https://digitalcontent.api.tesco.com/v2/media/ghs/299c632d-315f-4d3b-af67-24f1a55f4544/faf91e7b-6c32-4519-94ce-1b71f204a394_644505115.jpeg?h=225&w=225,
310107547,Little Live Pets Bright Light Chameleon,https://www.tesco.com/groceries/en-GB/shop/home-and-ents/all?department=Toys%20%26%20Games&viewAll=department&page=,£18.00,£18.00/each,,,/groceries/en-GB/products/310107547,https://digitalcontent.api.tesco.com/v2/media/ghs/f180544f-b1ee-4815-a2c7-83c0dccb0a20/2fad8bff-2347-4b68-bd42-ca27561ca76c_1665682970.jpeg?h=225&w=225,
312704422,Pokemon Select 6Inch Super Articulated Figure Assortment,https://www.tesco.com/groceries/en-GB/shop/home-and-ents/all?department=Toys%20%26%20Games&viewAll=department&page=,£22.00,£22.00/each,,New,/groceries/en-GB/products/312704422,https://digitalcontent.api.tesco.com/v2/media/ghs/dc40acfe-7bf9-4f9b-b9bd-4a1d0db3396d/12170150-0cf8-4d0a-ba92-06c104a884e1_1825708007.jpeg?h=225&w=225,
312107858,Lego Lego City Stuntz 60340,https://www.tesco.com/groceries/en-GB/shop/home-and-ents/all?department=Toys%20%26%20Games&viewAll=department&page=,£18.00,£18.00/each,,,/groceries/en-GB/products/312107858,https://digitalcontent.api.tesco.com/v2/media/ghs/aeeea9da-138e-44bc-8e53-336e91abbc0f/085fd559-fd1f-476f-97a2-d207f34d6123_342705752.jpeg?h=225&w=225,
311270434,Fablab Wellness Kit,https://www.tesco.com/groceries/en-GB/shop/home-and-ents/all?department=Toys%20%26%20Games&viewAll=department&page=,£14.00,£14.00/each,,,/groceries/en-GB/products/311270434,https://digitalcontent.api.tesco.com/v2/media/ghs/d705aa02-72d7-494b-af03-40f58d74d122/ee7c5f39-cdbf-4b29-8d00-4a745ca64393_90386116.jpeg?h=225&w=225,
311221539,"Minecraft 8"" Basic Plush Assortment",https://www.tesco.com/groceries/en-GB/shop/home-and-ents/all?department=Toys%20%26%20Games&viewAll=department&page=,£13.00,£13.00/each,,,/groceries/en-GB/products/311221539,https://digitalcontent.api.tesco.com/v2/media/ghs/d35157f2-3a21-498a-99c1-6ac12b73afaa/0a2b05bc-b674-4098-ad95-f351c3a92ab3_1356733321.jpeg?h=225&w=225,
308323417,Barbie Careers Assorted,https://www.tesco.com/groceries/en-GB/shop/home-and-ents/all?department=Toys%20%26%20Games&viewAll=department&page=,£14.00,£14.00/each,,,/groceries/en-GB/products/308323417,https://digitalcontent.api.tesco.com/v2/media/ghs/9f90ad4b-8612-4634-9baa-9a30fc0ef356/79eef6c5-4817-4016-9ae5-e2b8a1a5a5cd_689606937.jpeg?h=225&w=225,
306564394,5 Surprise Mini Brands Single,https://www.tesco.com/groceries/en-GB/shop/home-and-ents/all?department=Toys%20%26%20Games&viewAll=department&page=,£7.50,£7.50/each,,,/groceries/en-GB/products/306564394,https://digitalcontent.api.tesco.com/v2/media/ghs/5ae4d6c7-7890-4b03-9c00-4dc172a561e8/7e494c98-df4b-4be1-a6cf-d6e3b25d17d1_1338960328.jpeg?h=225&w=225,
310133697,Lego Friends Pet Clinic 41695,https://www.tesco.com/groceries/en-GB/shop/home-and-ents/all?department=Toys%20%26%20Games&viewAll=department&page=,£18.00,£18.00/each,,,/groceries/en-GB/products/310133697,https://digitalcontent.api.tesco.com/v2/media/ghs/01bf324f-8c3a-4916-93c7-8fad80c7f5f7/409e8639-64db-4a50-8eaf-b020bead330c_519581959.jpeg?h=225&w=225,
304045706,Pokeball Tin,https://www.tesco.com/groceries/en-GB/shop/home-and-ents/all?department=Toys%20%26%20Games&viewAll=department&page=,£14.00,£14.00/each,£11.00 Clubcard Price,,/groceries/en-GB/products/304045706,https://digitalcontent.api.tesco.com/v2/media/ghs/12ece2c7-6e08-4c35-ad32-6c3112e99550/a32d57ae-44d9-403d-aaeb-89f569021a15_1074246547.jpeg?h=225&w=225,
308277990,Pokemon Hyperpowered Deck,https://www.tesco.com/groceries/en-GB/shop/home-and-ents/all?department=Toys%20%26%20Games&viewAll=department&page=,£15.00,£15.00/each,£12.00 Clubcard Price,,/groceries/en-GB/products/308277990,https://digitalcontent.api.tesco.com/v2/media/ghs/dcf6955b-ffff-42fe-a052-077ff6eed373/53a632e3-b889-4e75-99e0-72d620cdaa5f_123081231.jpeg?h=225&w=225,
311650181,Glitzeez Hair Dreams Surprise Doll,https://www.tesco.com/groceries/en-GB/shop/home-and-ents/all?department=Toys%20%26%20Games&viewAll=department&page=,£10.00,£10.00/each,,,/groceries/en-GB/products/311650181,https://digitalcontent.api.tesco.com/v2/media/ghs/f26e5fc9-06d8-4fd6-a772-ea5080c9a50c/051c20b5-c2e4-4a52-9217-149c5240764c_845482647.jpeg?h=225&w=225,
310514886,5 Surprise Fashion Mini Brands,https://www.tesco.com/groceries/en-GB/shop/home-and-ents/all?department=Toys%20%26%20Games&viewAll=department&page=,£10.50,£10.50/each,£8.40 Clubcard Price,,/groceries/en-GB/products/310514886,https://digitalcontent.api.tesco.com/v2/media/ghs/197311d9-b6c8-4528-a558-748a04683501/c8c3d50c-6a3a-4414-b170-063664811a45_275379953.jpeg?h=225&w=225,
309237817,X-Shot Excel Reflex 6,https://www.tesco.com/groceries/en-GB/shop/home-and-ents/all?department=Toys%20%26%20Games&viewAll=department&page=,£9.00,£9.00/each,,,/groceries/en-GB/products/309237817,https://digitalcontent.api.tesco.com/v2/media/ghs/1a54af6e-b187-4b7f-bce5-a1dd78062331/f16b0e33-2b53-4b3b-bbf9-54935cdb0704_1845375386.jpeg?h=225&w=225,
308262984,Squishville Indoor/Outdoor Accessory Assorted,https://www.tesco.com/groceries/en-GB/shop/home-and-ents/all?department=Toys%20%26%20Games&viewAll=department&page=,£10.00,£10.00/each,,,/groceries/en-GB/products/308262984,https://digitalcontent.api.tesco.com/v2/media/ghs/bd1356d8-67df-4efc-bad2-e0ae42b847ee/9e10c759-60c3-41d2-9dca-e94ae2a9bc50_1864365070.jpeg?h=225&w=225,
310699793,Ryan World Teeny Treasure Chest,https://www.tesco.com/groceries/en-GB/shop/home-and-ents/all?department=Toys%20%26%20Games&viewAll=department&page=,£10.00,£10.00/each,,,/groceries/en-GB/products/310699793,https://digitalcontent.api.tesco.com/v2/media/ghs/2e8549b7-7993-4318-8785-d88d6084d7a8/98206678-2213-43bb-9603-d1cf3e3af8b6_333144943.jpeg?h=225&w=225,
304334088,Squishmallows,https://www.tesco.com/groceries/en-GB/shop/home-and-ents/all?department=Toys%20%26%20Games&viewAll=department&page=,£9.00,£9.00/each,,,/groceries/en-GB/products/304334088,https://digitalcontent.api.tesco.com/v2/media/ghs/66cb0f15-2530-4cfd-b096-7c9765a359e0/ce0cff74-a37a-41d3-ab68-5d8f048e27b4_231827820.jpeg?h=225&w=225,
280758182,Munchkin Bath Crayons,https://www.tesco.com/groceries/en-GB/shop/home-and-ents/all?department=Toys%20%26%20Games&viewAll=department&page=,£5.00,£1.00/each,,,/groceries/en-GB/products/280758182,https://digitalcontent.api.tesco.com/v2/media/ghs/74c37693-acf2-4976-9de1-9e9e44b70c7a/41458d97-9b27-4ece-a946-2556a23478b6_661320292.jpeg?h=225&w=225,
310844823,Magic Mixies Tap And Reveal Cauldron Twin Pack,https://www.tesco.com/groceries/en-GB/shop/home-and-ents/all?department=Toys%20%26%20Games&viewAll=department&page=,£10.00,£5.00/each,,,/groceries/en-GB/products/310844823,https://digitalcontent.api.tesco.com/v2/media/ghs/f6cea3f3-2ee9-40e1-9cbf-318098c1cb77/a4c704cd-78f6-42c5-aee9-c4d5e7f4bb3c_389587335.jpeg?h=225&w=225,
310134074,Scrunchmiez Secret Pocketz,https://www.tesco.com/groceries/en-GB/shop/home-and-ents/all?department=Toys%20%26%20Games&viewAll=department&page=,£9.00,£9.00/each,,,/groceries/en-GB/products/310134074,https://digitalcontent.api.tesco.com/v2/media/ghs/59af126e-2fc3-4ad2-8622-68cb857279a5/4fc40bea-08d0-430c-a030-1c494c7a542e_214579817.jpeg?h=225&w=225,
304100912,Goojitzu Hero Single Pack,https://www.tesco.com/groceries/en-GB/shop/home-and-ents/all?department=Toys%20%26%20Games&viewAll=department&page=,£12.00,£12.00/each,£9.60 Clubcard Price,,/groceries/en-GB/products/304100912,https://digitalcontent.api.tesco.com/v2/media/ghs/e33032cc-4fe7-4976-88de-3bda18e631c8/8285d2ce-3460-4a7b-813a-cda4003b80e6_1888462220.jpeg?h=225&w=225,
312697423,Harry Potter Key Chain Assortment,https://www.tesco.com/groceries/en-GB/shop/home-and-ents/all?department=Toys%20%26%20Games&viewAll=department&page=,£10.00,£10.00/each,,New,/groceries/en-GB/products/312697423,https://digitalcontent.api.tesco.com/v2/media/ghs/6d8eae69-8e67-4f7f-b079-787264be44b6/8b097e05-bf9b-4169-86ef-bcafc85c60fc_1417474616.jpeg?h=225&w=225,
312571710,Batman Batmobile With Figure Assortment,https://www.tesco.com/groceries/en-GB/shop/home-and-ents/all?department=Toys%20%26%20Games&viewAll=department&page=,£10.00,£10.00/each,,New,/groceries/en-GB/products/312571710,https://digitalcontent.api.tesco.com/v2/media/ghs/bc8548d1-8065-4e3a-bba0-74a3d33a0c70/0c8732cb-9173-40f8-9a6c-5010d0c55eb5_1602294099.jpeg?h=225&w=225,
310514857,5 Surprise Disney Mini Brands,https://www.tesco.com/groceries/en-GB/shop/home-and-ents/all?department=Toys%20%26%20Games&viewAll=department&page=,£8.50,£8.50/each,,,/groceries/en-GB/products/310514857,https://digitalcontent.api.tesco.com/v2/media/ghs/54c8bd7a-30e2-4ec1-be82-a76958ad0c20/aa3156bb-20db-4907-9ca1-ea468b36f459_16503078.jpeg?h=225&w=225,
309112268,Go Play Bath Bucket,https://www.tesco.com/groceries/en-GB/shop/home-and-ents/all?department=Toys%20%26%20Games&viewAll=department&page=,£4.00,£4.00/each,£3.00 Clubcard Price,,/groceries/en-GB/products/309112268,https://digitalcontent.api.tesco.com/v2/media/ghs/08411323-37d2-4719-a4a4-cc15bdc4507e/b88dc145-f4cd-4048-924d-1769a026b8cc_1949718433.jpeg?h=225&w=225,
310724303,Teamsterz Colour Changer Diecast Cars,https://www.tesco.com/groceries/en-GB/shop/home-and-ents/all?department=Toys%20%26%20Games&viewAll=department&page=,£4.00,£4.00/each,,,/groceries/en-GB/products/310724303,https://digitalcontent.api.tesco.com/v2/media/ghs-mktg/b0b04216-fa73-466d-a9d7-c9fcfa1ce9b3/no-image.jpeg,
312584073,Gabbys Dollhouse 7Inch Plush Toy Assortment,https://www.tesco.com/groceries/en-GB/shop/home-and-ents/all?department=Toys%20%26%20Games&viewAll=department&page=,£10.00,£10.00/each,,New,/groceries/en-GB/products/312584073,https://digitalcontent.api.tesco.com/v2/media/ghs/867aa9a4-ca38-4f09-974a-d0427e51f43e/223135c1-372a-432a-ae50-29badd5dc236_1262005874.jpeg?h=225&w=225,
300634344,Nuby Bath Book,https://www.tesco.com/groceries/en-GB/shop/home-and-ents/all?department=Toys%20%26%20Games&viewAll=department&page=,£3.00,£3.00/each,,,/groceries/en-GB/products/300634344,https://digitalcontent.api.tesco.com/v2/media/ghs/a71a6fc3-9bc4-41b0-b547-9144af672cf1/9f9aa6d5-e28d-4ae4-b5ae-1f9a183409d7_1249011683.jpeg?h=225&w=225,
284289275,Disney Princess 3 Inch Mini Collectable Figs,https://www.tesco.com/groceries/en-GB/shop/home-and-ents/all?department=Toys%20%26%20Games&viewAll=department&page=,£5.00,£5.00/each,,,/groceries/en-GB/products/284289275,https://digitalcontent.api.tesco.com/v2/media/ghs/c067f1bf-7536-433c-ba60-9378d82e73f8/e309dfec-9f20-4ce9-ba86-ef657116a11c_473494822.jpeg?h=225&w=225,
306890335,Little Live Pets Turtle,https://www.tesco.com/groceries/en-GB/shop/home-and-ents/all?department=Toys%20%26%20Games&viewAll=department&page=,£10.00,£10.00/each,,,/groceries/en-GB/products/306890335,https://digitalcontent.api.tesco.com/v2/media/ghs/876156d8-cddf-45b2-8659-abf06cf2e4ad/5276b198-5f59-46d7-a686-b657844575c7_730664533.jpeg?h=225&w=225,
312348492,Ryans World Titan Universe 2Pack Assortment,https://www.tesco.com/groceries/en-GB/shop/home-and-ents/all?department=Toys%20%26%20Games&viewAll=department&page=,£4.00,£2.00/each,,,/groceries/en-GB/products/312348492,https://digitalcontent.api.tesco.com/v2/media/ghs/fead4459-b37d-45ac-8921-e681291112e1/9b920743-7bc8-43a5-af90-3bae9eb9bfb2_1099845260.jpeg?h=225&w=225,
309557006,Miraculous Miracle Box Surprise,https://www.tesco.com/groceries/en-GB/shop/home-and-ents/all?department=Toys%20%26%20Games&viewAll=department&page=,£4.00,£4.00/each,,,/groceries/en-GB/products/309557006,https://digitalcontent.api.tesco.com/v2/media/ghs/b44cfd8a-d7dd-440c-886b-e0b2dd5760b6/a93fd0b5-fcff-453c-80cd-53543802b190_708637626.jpeg?h=225&w=225,
311278316,Cocomelon Weebles Figures Assortment,https://www.tesco.com/groceries/en-GB/shop/home-and-ents/all?department=Toys%20%26%20Games&viewAll=department&page=,£4.00,£4.00/each,,,/groceries/en-GB/products/311278316,https://digitalcontent.api.tesco.com/v2/media/ghs/08c04498-cc7f-45e7-8557-07ac3de9bc09/2b0ae0e5-bdbf-4875-9b01-f56db0df6b98_2086453048.jpeg?h=225&w=225,
311705667,Teamsterz Beast Machines Metal Car,https://www.tesco.com/groceries/en-GB/shop/home-and-ents/all?department=Toys%20%26%20Games&viewAll=department&page=,£2.00,£2.00/each,,,/groceries/en-GB/products/311705667,https://digitalcontent.api.tesco.com/v2/media/ghs/fe45cda1-281f-4f50-8f5a-2e31c68ccd1a/a16ce8a5-cade-4843-99d7-6b2c47e870e9_1986194219.jpeg?h=225&w=225,
300986111,Pokemon Clip & Go,https://www.tesco.com/groceries/en-GB/shop/home-and-ents/all?department=Toys%20%26%20Games&viewAll=department&page=,£10.00,£10.00/each,£8.00 Clubcard Price,,/groceries/en-GB/products/300986111,https://digitalcontent.api.tesco.com/v2/media/ghs/35e3eee1-bf37-4394-bc5b-4540f3362e11/2de0ba9e-536d-4d1a-9267-85d6150167b6_705023391.jpeg?h=225&w=225,
307174449,Harry Potter 3000Pc Puzzle Clementoni,https://www.tesco.com/groceries/en-GB/shop/home-and-ents/all?department=Toys%20%26%20Games&viewAll=department&page=,£16.00,£16.00/each,,,/groceries/en-GB/products/307174449,https://digitalcontent.api.tesco.com/v2/media/ghs/5070000c-09bd-4528-ba16-72fa4b1c47a5/a64ad2cf-0470-46e6-bb85-f47aec40dd85_416146528.jpeg?h=225&w=225,
309950623,Spidey Feature Plush,https://www.tesco.com/groceries/en-GB/shop/home-and-ents/all?department=Toys%20%26%20Games&viewAll=department&page=,£20.00,£20.00/each,,,/groceries/en-GB/products/309950623,https://digitalcontent.api.tesco.com/v2/media/ghs/d6b86227-d6fe-416a-a240-fab539a6450a/56166baf-bf71-4ce8-9343-2b117891470a_796039674.jpeg?h=225&w=225,
304953979,Frozen 2 Elsa Styling Head,https://www.tesco.com/groceries/en-GB/shop/home-and-ents/all?department=Toys%20%26%20Games&viewAll=department&page=,£22.00,£22.00/each,,New,/groceries/en-GB/products/304953979,https://digitalcontent.api.tesco.com/v2/media/ghs/e2174aa2-1cfd-4216-8c8a-e377ded0bcbc/e826191b-eb01-49db-878e-2dcbd6d5ddea_784094460.jpeg?h=225&w=225,
312217906,Lego Creator 31130 Sunken Treasure,https://www.tesco.com/groceries/en-GB/shop/home-and-ents/all?department=Toys%20%26%20Games&viewAll=department&page=,£25.00,£25.00/each,,,/groceries/en-GB/products/312217906,https://digitalcontent.api.tesco.com/v2/media/ghs/7998d62c-aab2-480b-98e3-593c82d78921/955bcc78-2158-4690-98f6-dc5c1bbfbdb0_942446275.jpeg?h=225&w=225,
299153009,Fisher Price Smart Stages Puppy,https://www.tesco.com/groceries/en-GB/shop/home-and-ents/all?department=Toys%20%26%20Games&viewAll=department&page=,£22.00,£22.00/each,,,/groceries/en-GB/products/299153009,https://digitalcontent.api.tesco.com/v2/media/ghs/3c7447eb-e83c-4587-9cb2-8b414ab8a5fe/6789b511-3aeb-4cb6-bd1e-af89d94becb5_27358023.jpeg?h=225&w=225,
294426974,Mega Blocks Abc Learning Train,https://www.tesco.com/groceries/en-GB/shop/home-and-ents/all?department=Toys%20%26%20Games&viewAll=department&page=,£13.00,£13.00/each,,,/groceries/en-GB/products/294426974,https://digitalcontent.api.tesco.com/v2/media/ghs/cd4aab74-6628-4cea-8ea9-f3c1f1419d25/dbe389bf-8be6-4644-b120-0c76328e73e7_1537633732.jpeg?h=225&w=225,
308124519,Kinetic Sand Scents Ice Cream Treats Playset,https://www.tesco.com/groceries/en-GB/shop/home-and-ents/all?department=Toys%20%26%20Games&viewAll=department&page=,£16.00,£16.00/each,,,/groceries/en-GB/products/308124519,https://digitalcontent.api.tesco.com/v2/media/ghs/475f3fae-32cc-4956-9372-c2541df12d50/c7b74bac-6d3f-4761-96ad-1d4dbcd02825_95419606.jpeg?h=225&w=225,
299151645,In The Night Garden Snuggly Singing Soft Toy,https://www.tesco.com/groceries/en-GB/shop/home-and-ents/all?department=Toys%20%26%20Games&viewAll=department&page=,£17.00,£17.00/each,£13.50 Clubcard Price,,/groceries/en-GB/products/299151645,https://digitalcontent.api.tesco.com/v2/media/ghs/ab9bb63d-98a0-4fad-bab8-28cb0c4b6a5c/368e8dd4-217d-4244-966f-42d5f4377b50_831458780.jpeg?h=225&w=225,
311787595,Lego 007 Aston Martin Db5 76911,https://www.tesco.com/groceries/en-GB/shop/home-and-ents/all?department=Toys%20%26%20Games&viewAll=department&page=,£20.00,£20.00/each,,,/groceries/en-GB/products/311787595,https://digitalcontent.api.tesco.com/v2/media/ghs/d19c0ec2-5f93-4b38-98bf-5f70c02f9866/85cf0161-1dc1-40bd-a9a9-1e379a541f02_1260050487.jpeg?h=225&w=225,
311669286,Lego Speed Champions Ferrari 76906,https://www.tesco.com/groceries/en-GB/shop/home-and-ents/all?department=Toys%20%26%20Games&viewAll=department&page=,£20.00,£20.00/each,,,/groceries/en-GB/products/311669286,https://digitalcontent.api.tesco.com/v2/media/ghs/e13ab8ae-d897-462f-8928-adcdc4213eba/b7553507-8586-4527-af0d-87b422e1bfd0_1493013955.jpeg?h=225&w=225,
309733086,Bluey Family Cruiser,https://www.tesco.com/groceries/en-GB/shop/home-and-ents/all?department=Toys%20%26%20Games&viewAll=department&page=,£20.00,£20.00/each,,,/groceries/en-GB/products/309733086,https://digitalcontent.api.tesco.com/v2/media/ghs/01a69455-1884-4469-a38a-f0001cacdaaa/adfeb965-13cc-4216-9ae1-562ee999f9fa_28936154.jpeg?h=225&w=225,
306691248,Polly Pocket Large Wearable Compact Assorted,https://www.tesco.com/groceries/en-GB/shop/home-and-ents/all?department=Toys%20%26%20Games&viewAll=department&page=,£22.00,£22.00/each,,,/groceries/en-GB/products/306691248,https://digitalcontent.api.tesco.com/v2/media/ghs/72e8a584-9cf0-4032-b4ef-ba4de86cd968/snapshotimagehandler_293004739.jpeg?h=225&w=225,
310085626,Complete Murder Mystery Night Game,https://www.tesco.com/groceries/en-GB/shop/home-and-ents/all?department=Toys%20%26%20Games&viewAll=department&page=,£12.00,£12.00/each,,,/groceries/en-GB/products/310085626,https://digitalcontent.api.tesco.com/v2/media/ghs/879634b3-1f76-420b-a94b-fbc05ef4bebb/b5e98f55-c7a8-4863-8cb0-fb1860a5d624_1982746530.jpeg?h=225&w=225,
312562859,Pokemon Select 6 Inch Environment Figure Pack Assortment,https://www.tesco.com/groceries/en-GB/shop/home-and-ents/all?department=Toys%20%26%20Games&viewAll=department&page=,£20.00,£20.00/each,,,/groceries/en-GB/products/312562859,https://digitalcontent.api.tesco.com/v2/media/ghs/3d097077-b3da-4cc7-a67d-922f89a3375d/ce8ecbdc-576f-49ae-b5b7-109598f81d8b_1965756899.jpeg?h=225&w=225,
310678553,Lego Duplo Bath Time Fun Animals 10965,https://www.tesco.com/groceries/en-GB/shop/home-and-ents/all?department=Toys%20%26%20Games&viewAll=department&page=,£18.00,£18.00/each,,,/groceries/en-GB/products/310678553,https://digitalcontent.api.tesco.com/v2/media/ghs/f1d6c19a-cdb3-4a98-aa67-1197062107c4/fc02fdde-0a14-4b4c-93ab-8ced760da5c1_291370077.jpeg?h=225&w=225,
306861658,Nerf Elite 2.0 Volt,https://www.tesco.com/groceries/en-GB/shop/home-and-ents/all?department=Toys%20%26%20Games&viewAll=department&page=,£12.00,£12.00/each,,,/groceries/en-GB/products/306861658,https://digitalcontent.api.tesco.com/v2/media/ghs/aa11f455-62fa-447f-9603-d0b63cdef326/9c999645-e5ce-4035-96d8-3c39757c4221_446926380.jpeg?h=225&w=225,
310186265,Top Trivia Assortment,https://www.tesco.com/groceries/en-GB/shop/home-and-ents/all?department=Toys%20%26%20Games&viewAll=department&page=,£7.00,£7.00/each,,,/groceries/en-GB/products/310186265,https://digitalcontent.api.tesco.com/v2/media/ghs/3f34e0c7-9d8d-47a9-a674-cb8bcd3f35c1/087a4f82-f8aa-4936-8929-d41bd74bfc68_1900656761.jpeg?h=225&w=225,
307701041,Squishville Mini 4 Pack Assorted,https://www.tesco.com/groceries/en-GB/shop/home-and-ents/all?department=Toys%20%26%20Games&viewAll=department&page=,£12.00,£3.00/each,£9.50 Clubcard Price,,/groceries/en-GB/products/307701041,https://digitalcontent.api.tesco.com/v2/media/ghs/86e3023c-e4dd-45cd-8418-3b33784453a4/0ca2a8d3-5d72-42d0-9a89-53778daf027e_385866761.jpeg?h=225&w=225,
306858640,Dragon Ball Z Evolve Action Figure,https://www.tesco.com/groceries/en-GB/shop/home-and-ents/all?department=Toys%20%26%20Games&viewAll=department&page=,£10.00,£10.00/each,,,/groceries/en-GB/products/306858640,https://digitalcontent.api.tesco.com/v2/media/ghs/45d164c4-9750-4447-9f9b-b4d6a355520d/6026c752-f5e8-4cea-ab2a-11c5b9a6c2ff_1962785732.jpeg?h=225&w=225,
303746149,Matchbox 5 Pack,https://www.tesco.com/groceries/en-GB/shop/home-and-ents/all?department=Toys%20%26%20Games&viewAll=department&page=,£6.50,£1.30/each,,,/groceries/en-GB/products/303746149,https://digitalcontent.api.tesco.com/v2/media/ghs/0978c45b-e6bd-4844-9d17-e1f443d851ca/e7b984e6-2593-4a70-9126-edd99c641a4c_1732976331.jpeg?h=225&w=225,
307383139,Paw Patrol Basic Vehicle & Pup - Tracker,https://www.tesco.com/groceries/en-GB/shop/home-and-ents/all?department=Toys%20%26%20Games&viewAll=department&page=,£12.00,£12.00/each,,,/groceries/en-GB/products/307383139,https://digitalcontent.api.tesco.com/v2/media/ghs/b7f4b6a6-f52c-4718-a409-4fcbd892a283/d18d4d31-66f6-4c5e-ad45-9f3efeac4856_554896453.jpeg?h=225&w=225,
310141497,Bloopies Floaties,https://www.tesco.com/groceries/en-GB/shop/home-and-ents/all?department=Toys%20%26%20Games&viewAll=department&page=,£9.00,£9.00/each,,,/groceries/en-GB/products/310141497,https://digitalcontent.api.tesco.com/v2/media/ghs/ca0f1d60-a63e-4bd1-8694-b698666a6664/0e977025-7424-46fb-80e1-7ff37bf1c304_740795183.jpeg?h=225&w=225,
312317621,Harry Potter Hagrids Hut Terrarium Kit,https://www.tesco.com/groceries/en-GB/shop/home-and-ents/all?department=Toys%20%26%20Games&viewAll=department&page=,£18.00,£18.00/each,,New,/groceries/en-GB/products/312317621,https://digitalcontent.api.tesco.com/v2/media/ghs/0b9437f0-12b7-4a3d-b6e2-ab658fa481a2/7ccb91f1-3db4-4745-ac32-73bacbe517f9_769248334.jpeg?h=225&w=225,
310167478,Bubiloons,https://www.tesco.com/groceries/en-GB/shop/home-and-ents/all?department=Toys%20%26%20Games&viewAll=department&page=,£10.00,£10.00/each,,,/groceries/en-GB/products/310167478,https://digitalcontent.api.tesco.com/v2/media/ghs/7ca421c5-54f3-4cfb-ba03-6332f408a31f/96fb3791-d699-47d9-b4c5-1af48f1439d9_630653115.jpeg?h=225&w=225,
306792941,Flipmallows,https://www.tesco.com/groceries/en-GB/shop/home-and-ents/all?department=Toys%20%26%20Games&viewAll=department&page=,£8.00,£8.00/each,,,/groceries/en-GB/products/306792941,https://digitalcontent.api.tesco.com/v2/media/ghs/7ebd6a03-8940-44d6-bfc0-16c9e148c072/674263c2-2f10-458d-b595-528523ef075e_1334740230.jpeg?h=225&w=225,
276280792,Barbie Chelsea Doll,https://www.tesco.com/groceries/en-GB/shop/home-and-ents/all?department=Toys%20%26%20Games&viewAll=department&page=,£9.00,£9.00/each,,,/groceries/en-GB/products/276280792,https://digitalcontent.api.tesco.com/v2/media/ghs/34089f76-c89c-4a17-9b62-a825a554a150/07e3f447-b7dd-4db9-817e-16cdff8d6e6d_2064914606.jpeg?h=225&w=225,
308901816,Go Play Comforter Assorted,https://www.tesco.com/groceries/en-GB/shop/home-and-ents/all?department=Toys%20%26%20Games&viewAll=department&page=,£6.00,£6.00/each,,,/groceries/en-GB/products/308901816,https://digitalcontent.api.tesco.com/v2/media/ghs/c43a310a-bd57-4b31-93f9-4fee1d3f07b2/5b11db5a-b556-43da-9885-061259eff88f_1106559795.jpeg?h=225&w=225,
270687793,Vtech Toot Toot Drivers,https://www.tesco.com/groceries/en-GB/shop/home-and-ents/all?department=Toys%20%26%20Games&viewAll=department&page=,£9.00,£9.00/each,£7.20 Clubcard Price,,/groceries/en-GB/products/270687793,https://digitalcontent.api.tesco.com/v2/media/ghs/82e6195d-9095-465f-a633-8f9f2cae2137/7ed48036-3af1-4c71-bc85-05428929b879_175196297.jpeg?h=225&w=225,
311961158,Mouse In House Slice O Pie Pizza Set,https://www.tesco.com/groceries/en-GB/shop/home-and-ents/all?department=Toys%20%26%20Games&viewAll=department&page=,£10.00,£10.00/each,£8.00 Clubcard Price,,/groceries/en-GB/products/311961158,https://digitalcontent.api.tesco.com/v2/media/ghs/111c9972-fccb-41bc-8e56-03b4ac79dc83/156498fa-9597-4465-bb85-523619cef3a1_43118562.jpeg?h=225&w=225,
311696316,Rainbocorns Bunnycorn Surprise,https://www.tesco.com/groceries/en-GB/shop/home-and-ents/all?department=Toys%20%26%20Games&viewAll=department&page=,£8.00,£8.00/each,,,/groceries/en-GB/products/311696316,https://digitalcontent.api.tesco.com/v2/media/ghs/5f43e94d-2db9-4fb1-a0ec-50b52c06406f/3a0af8f5-8965-45eb-97fe-b99fd6bd4875_988079490.jpeg?h=225&w=225,
302552973,"Fortnite 4"" Solo Mode Assorted",https://www.tesco.com/groceries/en-GB/shop/home-and-ents/all?department=Toys%20%26%20Games&viewAll=department&page=,£10.00,£10.00/each,£7.50 Clubcard Price,,/groceries/en-GB/products/302552973,https://digitalcontent.api.tesco.com/v2/media/ghs/8ca7cdb6-6a3b-4e8c-92b8-8e1f248cf87e/4bd1bb27-3b3c-4c10-8f3d-e6f8ffc4a4e8_539625131.jpeg?h=225&w=225,
304277944,Fisher Price Little People Vehicle & Figure,https://www.tesco.com/groceries/en-GB/shop/home-and-ents/all?department=Toys%20%26%20Games&viewAll=department&page=,£6.50,£6.50/each,,,/groceries/en-GB/products/304277944,https://digitalcontent.api.tesco.com/v2/media/ghs/9104ab0d-932f-487d-b989-3482f3779675/20bdcdea-a948-4f76-84e6-1a9547ea090d_450455912.jpeg?h=225&w=225,
295088900,Roblox Core Blind Bag,https://www.tesco.com/groceries/en-GB/shop/home-and-ents/all?department=Toys%20%26%20Games&viewAll=department&page=,£5.00,£5.00/each,,,/groceries/en-GB/products/295088900,https://digitalcontent.api.tesco.com/v2/media/ghs/0466378e-7f39-4da8-a0d2-0baabbd69e2d/4ef8a81a-8e0d-492f-a593-215859c63306_819819428.jpeg?h=225&w=225,
294506563,Peppa Pig Magna Doodle,https://www.tesco.com/groceries/en-GB/shop/home-and-ents/all?department=Toys%20%26%20Games&viewAll=department&page=,£10.00,£10.00/each,£8.00 Clubcard Price,,/groceries/en-GB/products/294506563,https://digitalcontent.api.tesco.com/v2/media/ghs/1e5a0d8c-8493-48a1-82fb-c4479007f49f/9fc9c504-fcb3-4be1-ad3d-66ded79fb680_2054634687.jpeg?h=225&w=225,
305179349,Play Doh Ice Cream Playset,https://www.tesco.com/groceries/en-GB/shop/home-and-ents/all?department=Toys%20%26%20Games&viewAll=department&page=,£20.00,£20.00/each,£15.00 Clubcard Price,,/groceries/en-GB/products/305179349,https://digitalcontent.api.tesco.com/v2/media/ghs/c0fd3d50-5b30-47b8-b0ae-594c0dc795a5/9ccee6e0-aa54-4254-97fd-70d3bd83b509_54686637.jpeg?h=225&w=225,
310301971,Peppa Pig Mini Buggies,https://www.tesco.com/groceries/en-GB/shop/home-and-ents/all?department=Toys%20%26%20Games&viewAll=department&page=,£6.00,£6.00/each,,,/groceries/en-GB/products/310301971,https://digitalcontent.api.tesco.com/v2/media/ghs/98adb3af-0d01-452f-861e-53d3dc83c567/7936a25b-babf-4c16-92b0-a17bf1ef088e_1658224812.jpeg?h=225&w=225,
311650137,Play-Doh Unicorn Treats Playset,https://www.tesco.com/groceries/en-GB/shop/home-and-ents/all?department=Toys%20%26%20Games&viewAll=department&page=,£6.00,£6.00/each,,,/groceries/en-GB/products/311650137,https://digitalcontent.api.tesco.com/v2/media/ghs/0b08b2f4-7d20-4da9-9e2d-a6813446f914/7923d883-a0a6-4f50-ab55-4409d9d595ff_736487348.jpeg?h=225&w=225,
308233034,Real Littles Backpack,https://www.tesco.com/groceries/en-GB/shop/home-and-ents/all?department=Toys%20%26%20Games&viewAll=department&page=,£5.00,£5.00/each,,,/groceries/en-GB/products/308233034,https://digitalcontent.api.tesco.com/v2/media/ghs/d29b93fc-389b-467a-864e-41d0bb2e6710/afaca5a2-29ee-4b20-85b4-03cbe995d33f_235484566.jpeg?h=225&w=225,
311948964,Harry Potter 4Inch Wand Assortment,https://www.tesco.com/groceries/en-GB/shop/home-and-ents/all?department=Toys%20%26%20Games&viewAll=department&page=,£3.50,£3.50/each,,,/groceries/en-GB/products/311948964,https://digitalcontent.api.tesco.com/v2/media/ghs/27f101ad-aca6-4348-8779-c42e3170cb71/3250bdd3-c5bf-4c1e-b345-41ca22735cc5_248404195.jpeg?h=225&w=225,
308964977,Goplay Dream Car,https://www.tesco.com/groceries/en-GB/shop/home-and-ents/all?department=Toys%20%26%20Games&viewAll=department&page=,£3.00,£3.00/each,,,/groceries/en-GB/products/308964977,https://digitalcontent.api.tesco.com/v2/media/ghs/1180c17e-f31d-4cc2-b595-6b23c2341adb/9d320377-4372-4400-a1ea-9b11e7c0caaa_1051669464.jpeg?h=225&w=225,
295450741,Kinetic Sand 8Oz Neon Box Assorted,https://www.tesco.com/groceries/en-GB/shop/home-and-ents/all?department=Toys%20%26%20Games&viewAll=department&page=,£4.00,£4.00/each,,,/groceries/en-GB/products/295450741,https://digitalcontent.api.tesco.com/v2/media/ghs/a823fe85-f8d6-4b5b-af2f-e12902f87251/d793091a-7055-45b0-bf12-268afb522eab_1707938173.jpeg?h=225&w=225,
311264131,Funko Paka Paka Cloud Cats,https://www.tesco.com/groceries/en-GB/shop/home-and-ents/all?department=Toys%20%26%20Games&viewAll=department&page=,£5.00,£5.00/each,,,/groceries/en-GB/products/311264131,https://digitalcontent.api.tesco.com/v2/media/ghs/07ce29ff-b363-4d34-ac07-72a7be105214/d38e64b5-5056-4960-bb2a-e6e72d9f6da2_2033528521.jpeg?h=225&w=225,
304533912,Paw Patrol Die-Cast Vehicles,https://www.tesco.com/groceries/en-GB/shop/home-and-ents/all?department=Toys%20%26%20Games&viewAll=department&page=,£4.00,£4.00/each,,,/groceries/en-GB/products/304533912,https://digitalcontent.api.tesco.com/v2/media/ghs/bd5b14ac-f3d1-4807-a566-3a337b7676b3/a78b4080-4f5b-49c5-b9d1-b8a1e3040416_215572853.jpeg?h=225&w=225,
307905606,Zuru Oosh Crackle Foam,https://www.tesco.com/groceries/en-GB/shop/home-and-ents/all?department=Toys%20%26%20Games&viewAll=department&page=,£2.00,£2.00/each,,,/groceries/en-GB/products/307905606,https://digitalcontent.api.tesco.com/v2/media/ghs/25fcc6a9-2446-4392-9e05-26409d6f6ea2/97bd16ea-00ee-421f-9958-14dbbc6bb083_869948566.jpeg?h=225&w=225,
312586779,Lego Lego Marvel Thor Goat Boat 76208,https://www.tesco.com/groceries/en-GB/shop/home-and-ents/all?department=Toys%20%26%20Games&viewAll=department&page=,£55.00,£55.00/each,,,/groceries/en-GB/products/312586779,https://digitalcontent.api.tesco.com/v2/media/ghs/5c93f096-2763-4ca0-b488-ade19df42705/47d66a0f-88e2-4ae4-8277-2953a827f6dc_1152566826.jpeg?h=225&w=225,
311227631,Barbie Cutie Reveal,https://www.tesco.com/groceries/en-GB/shop/home-and-ents/all?department=Toys%20%26%20Games&viewAll=department&page=,£33.00,£33.00/each,£26.00 Clubcard Price,,/groceries/en-GB/products/311227631,https://digitalcontent.api.tesco.com/v2/media/ghs/7bcae159-c363-4f26-acef-26d2903ede79/0daf2021-7520-495d-8db9-ff1dee946512_310650232.jpeg?h=225&w=225,
306890053,Cats & Dogs Puzzle Assortment,https://www.tesco.com/groceries/en-GB/shop/home-and-ents/all?department=Toys%20%26%20Games&viewAll=department&page=,£20.00,£20.00/each,,New,/groceries/en-GB/products/306890053,https://digitalcontent.api.tesco.com/v2/media/ghs/c5929a14-5962-46b4-9296-1f59263d2036/52b0f080-2191-458e-b1c9-96e4596179ab_1600211680.jpeg?h=225&w=225,
307051059,2000 piece Clementoni Disney/Marvel Jigsaw Puzzle Assortment,https://www.tesco.com/groceries/en-GB/shop/home-and-ents/all?department=Toys%20%26%20Games&viewAll=department&page=,£16.00,£16.00/each,,,/groceries/en-GB/products/307051059,https://digitalcontent.api.tesco.com/v2/media/ghs/84725aaf-61b2-4888-9e8e-42287c2cf90a/e89df48a-3388-45cd-a23f-4f2a02bcb293_1099520275.jpeg?h=225&w=225,
311792317,Barbie Puppy Playset,https://www.tesco.com/groceries/en-GB/shop/home-and-ents/all?department=Toys%20%26%20Games&viewAll=department&page=,£30.00,£30.00/each,£24.00 Clubcard Price,,/groceries/en-GB/products/311792317,https://digitalcontent.api.tesco.com/v2/media/ghs/0eabb1de-fe3d-40ea-a835-d3b89dbc040e/ac97d6dd-d1c3-43ad-8e05-021795a01cf1_1388626597.jpeg?h=225&w=225,
311943013,My Little Pony Ribbon Hairstyles,https://www.tesco.com/groceries/en-GB/shop/home-and-ents/all?department=Toys%20%26%20Games&viewAll=department&page=,£20.00,£20.00/each,,,/groceries/en-GB/products/311943013,https://digitalcontent.api.tesco.com/v2/media/ghs/9618a2a1-0cf8-4677-b1ea-3c72d15beb4b/6764a3e3-c7b5-44b9-8256-3fcea726e7d8_1089066967.jpeg?h=225&w=225,
312827651,Toy Hub Flexible Glow Tracks 300Pcs,https://www.tesco.com/groceries/en-GB/shop/home-and-ents/all?department=Toys%20%26%20Games&viewAll=department&page=,£50.00,£50.00/each,£25.00 Clubcard Price,,/groceries/en-GB/products/312827651,https://digitalcontent.api.tesco.com/v2/media/ghs/c8404454-4e51-48bf-ba64-435253fbe125/b871d6f3-95a5-4578-b113-cf147d126845_854475019.jpeg?h=225&w=225,
309680683,Charades Board Game,https://www.tesco.com/groceries/en-GB/shop/home-and-ents/all?department=Toys%20%26%20Games&viewAll=department&page=,£20.00,£20.00/each,,,/groceries/en-GB/products/309680683,https://digitalcontent.api.tesco.com/v2/media/ghs/17b1cfc1-04f6-4c34-aa45-69aa98d9d2d0/f1af98a1-9165-44c2-9bcc-17732e9ab211_623006740.jpeg?h=225&w=225,
311677466,Miraculous Lady Bug Marinette Doll,https://www.tesco.com/groceries/en-GB/shop/home-and-ents/all?department=Toys%20%26%20Games&viewAll=department&page=,£25.00,£25.00/each,,,/groceries/en-GB/products/311677466,https://digitalcontent.api.tesco.com/v2/media/ghs/c69f43e8-81a7-4fde-a314-96e29b4433f6/6386edef-2c85-48c4-8317-81ae84f591de_97243216.jpeg?h=225&w=225,
309554770,Lol Surprise Tweens Doll Assorted,https://www.tesco.com/groceries/en-GB/shop/home-and-ents/all?department=Toys%20%26%20Games&viewAll=department&page=,£22.00,£22.00/each,,,/groceries/en-GB/products/309554770,https://digitalcontent.api.tesco.com/v2/media/ghs/bf14c90b-c28d-436c-a211-51795a14ceda/f6ac73fb-f9c5-4686-9ba8-ad5a8abbe937_610095176.jpeg?h=225&w=225,
310662827,Barbie Wheelchair Fashionista,https://www.tesco.com/groceries/en-GB/shop/home-and-ents/all?department=Toys%20%26%20Games&viewAll=department&page=,£21.00,£21.00/each,,,/groceries/en-GB/products/310662827,https://digitalcontent.api.tesco.com/v2/media/ghs/db07ac31-0f31-4fb9-904e-3084ab28fde4/ed20f276-d9eb-4ab4-8a21-8ab23daa4825_709166199.jpeg?h=225&w=225,
270771036,Lamaze Emily Doll,https://www.tesco.com/groceries/en-GB/shop/home-and-ents/all?department=Toys%20%26%20Games&viewAll=department&page=,£14.00,£14.00/each,£12.00 Clubcard Price,,/groceries/en-GB/products/270771036,https://digitalcontent.api.tesco.com/v2/media/ghs/1c3b1d2a-d980-40c3-bfa6-10e3264f3eba/6f8b0853-4c38-4509-88ba-f5a4ea3f940c_501107344.jpeg?h=225&w=225,
309832631,Harry Potter Tom Riddle Diary,https://www.tesco.com/groceries/en-GB/shop/home-and-ents/all?department=Toys%20%26%20Games&viewAll=department&page=,£15.00,£15.00/each,,New,/groceries/en-GB/products/309832631,https://digitalcontent.api.tesco.com/v2/media/ghs/8d41c46d-c035-4007-a07b-babe8c369345/59840e84-39cf-4628-8b70-2488200ccac0_1579909066.jpeg?h=225&w=225,
312105820,Lego Lamborghini Countach 76908,https://www.tesco.com/groceries/en-GB/shop/home-and-ents/all?department=Toys%20%26%20Games&viewAll=department&page=,£20.00,£20.00/each,,,/groceries/en-GB/products/312105820,https://digitalcontent.api.tesco.com/v2/media/ghs/2d938b1f-3742-45d0-b80e-94eedb9a199b/353dcb87-c323-47ef-b391-13f800087921_1411993402.jpeg?h=225&w=225,
306643813,Hey Duggee Singing Sticky Stick Stick Soft Toy,https://www.tesco.com/groceries/en-GB/shop/home-and-ents/all?department=Toys%20%26%20Games&viewAll=department&page=,£15.00,£15.00/each,£12.00 Clubcard Price,,/groceries/en-GB/products/306643813,https://digitalcontent.api.tesco.com/v2/media/ghs/9e4f0392-0b21-48c2-8e24-71f204ac6c83/472d6fc7-4a81-495c-8904-5cce4f1c0b94_212124572.jpeg?h=225&w=225,
307109495,Sylvanian Families Raspberry House,https://www.tesco.com/groceries/en-GB/shop/home-and-ents/all?department=Toys%20%26%20Games&viewAll=department&page=,£22.00,£22.00/each,,,/groceries/en-GB/products/307109495,https://digitalcontent.api.tesco.com/v2/media/ghs/7ac5aabf-2149-4ef4-842b-d77ed19c78a9/191f2e5c-ed1d-456f-a181-3d11fcc8956d_1082787999.jpeg?h=225&w=225,
301643464,Polly Pocket Big Pocket World,https://www.tesco.com/groceries/en-GB/shop/home-and-ents/all?department=Toys%20%26%20Games&viewAll=department&page=,£15.00,£15.00/each,,,/groceries/en-GB/products/301643464,https://digitalcontent.api.tesco.com/v2/media/ghs/ef7e5cbf-161a-45cb-8f57-ca9e8facb45e/snapshotimagehandler_1583063475.jpeg?h=225&w=225,
311791140,Lego Lego City 60342 Stuntz Challenge,https://www.tesco.com/groceries/en-GB/shop/home-and-ents/all?department=Toys%20%26%20Games&viewAll=department&page=,£18.00,£18.00/each,,,/groceries/en-GB/products/311791140,https://digitalcontent.api.tesco.com/v2/media/ghs/4ec08035-9109-403b-bc05-4e4a1059259e/52119f72-4bab-49af-8458-03bb6ac80da7_1422351735.jpeg?h=225&w=225,
310170600,Lego Super Heroe Spider-Man Drone Duel 76195,https://www.tesco.com/groceries/en-GB/shop/home-and-ents/all?department=Toys%20%26%20Games&viewAll=department&page=,£18.00,£18.00/each,,,/groceries/en-GB/products/310170600,https://digitalcontent.api.tesco.com/v2/media/ghs/9105d12b-c325-427e-9cf7-981e45c5b285/81afc9be-fdf0-4f07-ba55-661fefdb5a1f_1022695227.jpeg?h=225&w=225,
301274088,Yes/No Game Exclusive,https://www.tesco.com/groceries/en-GB/shop/home-and-ents/all?department=Toys%20%26%20Games&viewAll=department&page=,£8.50,£8.50/each,,,/groceries/en-GB/products/301274088,https://digitalcontent.api.tesco.com/v2/media/ghs/39e0c105-c61b-4051-b40a-948baef487e2/40a48565-c54f-4637-8b79-4fb4607ccca6_810094666.jpeg?h=225&w=225,
303341553,Science Museum Small Mechanic Set Assortment,https://www.tesco.com/groceries/en-GB/shop/home-and-ents/all?department=Toys%20%26%20Games&viewAll=department&page=,£10.00,£10.00/each,,,/groceries/en-GB/products/303341553,https://digitalcontent.api.tesco.com/v2/media/ghs/53921d82-7c4d-4392-a196-66f6dfbd9ad4/528c63a5-fcdd-4e58-98c4-7e00a9ec5f16_1146763739.jpeg?h=225&w=225,
312696574,Konami Yu-Gi-Oh Trading Card Game S3,https://www.tesco.com/groceries/en-GB/shop/home-and-ents/all?department=Toys%20%26%20Games&viewAll=department&page=,£16.00,£16.00/each,,New,/groceries/en-GB/products/312696574,https://digitalcontent.api.tesco.com/v2/media/ghs/4900c8db-b26f-42f4-9a4b-5a10dd3bdd8c/08aa8038-2176-482a-a484-66c44f7d65e2_882651063.jpeg?h=225&w=225,
311832070,Glitzeez Little Friends Collection,https://www.tesco.com/groceries/en-GB/shop/home-and-ents/all?department=Toys%20%26%20Games&viewAll=department&page=,£15.00,£2.50/each,,,/groceries/en-GB/products/311832070,https://digitalcontent.api.tesco.com/v2/media/ghs/d9c103e4-897b-4ee3-a561-8ad08e332e5e/aa4b959e-a88c-4e2f-bff0-53b98454b2ac_693125534.jpeg?h=225&w=225,
296612301,Vtech Little Singing Puppy,https://www.tesco.com/groceries/en-GB/shop/home-and-ents/all?department=Toys%20%26%20Games&viewAll=department&page=,£15.00,£15.00/each,,,/groceries/en-GB/products/296612301,https://digitalcontent.api.tesco.com/v2/media/ghs/c8c739cc-8e46-47e6-8ef9-9fbe84045876/69dee719-31c7-4b5d-afee-6e7375b7f8c7_856035249.jpeg?h=225&w=225,
308894322,Go Play Fishing Frenzy,https://www.tesco.com/groceries/en-GB/shop/home-and-ents/all?department=Toys%20%26%20Games&viewAll=department&page=,£10.00,£10.00/each,,,/groceries/en-GB/products/308894322,https://digitalcontent.api.tesco.com/v2/media/ghs/8af93d6b-efbb-4ec7-9626-0f101482aa04/f188d598-a861-4001-8991-45db9589f100_1594106028.jpeg?h=225&w=225,
310165244,Barbie Chelsea Camping Set,https://www.tesco.com/groceries/en-GB/shop/home-and-ents/all?department=Toys%20%26%20Games&viewAll=department&page=,£13.00,£13.00/each,,,/groceries/en-GB/products/310165244,https://digitalcontent.api.tesco.com/v2/media/ghs/7b9446b4-7c9d-42f9-b822-35f92c09a05a/f9c3d2f0-5624-4eb0-9e7d-7354e70110cd_608818552.jpeg?h=225&w=225,
308328700,Baby Annabell Newborn 30Cm,https://www.tesco.com/groceries/en-GB/shop/home-and-ents/all?department=Toys%20%26%20Games&viewAll=department&page=,£13.00,£13.00/each,,,/groceries/en-GB/products/308328700,https://digitalcontent.api.tesco.com/v2/media/ghs/2ae326d2-3f6c-4a24-bab1-7166b4d7e8fb/2ca1ee20-86fc-4cd8-9c6b-0780ec6854d8_303230711.jpeg?h=225&w=225,
311936713,Mouse In House Playset Assortment,https://www.tesco.com/groceries/en-GB/shop/home-and-ents/all?department=Toys%20%26%20Games&viewAll=department&page=,£15.00,£15.00/each,£12.00 Clubcard Price,,/groceries/en-GB/products/311936713,https://digitalcontent.api.tesco.com/v2/media/ghs/f904c65d-93bb-405d-ade7-d09349983adf/201f5f16-f8c9-45b0-a864-ad7f5a2031d0_657682090.jpeg?h=225&w=225,
312705185,Funko Stranger Things 6Inch Pop,https://www.tesco.com/groceries/en-GB/shop/home-and-ents/all?department=Toys%20%26%20Games&viewAll=department&page=,£16.00,£16.00/each,,New,/groceries/en-GB/products/312705185,https://digitalcontent.api.tesco.com/v2/media/ghs/6498add8-08f5-4d4d-886f-cc0de4607de0/3f547bdf-5555-4e43-917f-7e2a4389d075_1303079424.jpeg?h=225&w=225,
312342437,Funko Something Wild Star Wars Game,https://www.tesco.com/groceries/en-GB/shop/home-and-ents/all?department=Toys%20%26%20Games&viewAll=department&page=,£6.50,£0.11/each,,New,/groceries/en-GB/products/312342437,https://digitalcontent.api.tesco.com/v2/media/ghs/27d88c1d-d990-46e4-a324-318318b9588c/2e58d931-8ebb-40f8-af2a-05afa297600b_1439680218.jpeg?h=225&w=225,
309636679,Peppa Pig Vehicles,https://www.tesco.com/groceries/en-GB/shop/home-and-ents/all?department=Toys%20%26%20Games&viewAll=department&page=,£13.00,£13.00/each,£9.75 Clubcard Price,,/groceries/en-GB/products/309636679,https://digitalcontent.api.tesco.com/v2/media/ghs/72684e5c-bc11-48eb-bbfa-4bbbd0c43e1b/abf49e33-0e9e-4ec8-94aa-b1043f5cf05c_1313087773.jpeg?h=225&w=225,
308232801,Pizza Party,https://www.tesco.com/groceries/en-GB/shop/home-and-ents/all?department=Toys%20%26%20Games&viewAll=department&page=,£6.50,£6.50/each,,,/groceries/en-GB/products/308232801,https://digitalcontent.api.tesco.com/v2/media/ghs/59dc6165-afe5-4138-9174-f1958250d219/868ffbd2-56e0-45a6-b81c-cee3928e1e9c_840572029.jpeg?h=225&w=225,
311437100,Be-Kind Fashion Doll Assortment,https://www.tesco.com/groceries/en-GB/shop/home-and-ents/all?department=Toys%20%26%20Games&viewAll=department&page=,£12.00,£12.00/each,,,/groceries/en-GB/products/311437100,https://digitalcontent.api.tesco.com/v2/media/ghs/5ad9caf3-5f1f-40b2-808d-2e9c971366f9/515d50c4-5877-4329-91ea-2f114b97d3b5_1455006708.jpeg?h=225&w=225,
308152659,Bright Fairy Friends,https://www.tesco.com/groceries/en-GB/shop/home-and-ents/all?department=Toys%20%26%20Games&viewAll=department&page=,£13.00,£13.00/each,,,/groceries/en-GB/products/308152659,https://digitalcontent.api.tesco.com/v2/media/ghs/0e4956da-05a9-4e19-8e7f-d446b5152ee1/6abad7a7-5fa3-41db-b9bb-a7ea78438de2_37889178.jpeg?h=225&w=225,
309603534,Dc Universe 12 Fig Assorted,https://www.tesco.com/groceries/en-GB/shop/home-and-ents/all?department=Toys%20%26%20Games&viewAll=department&page=,£12.00,£12.00/each,Any 2 for £16 Clubcard Price - Mixed Toys,,/groceries/en-GB/products/309603534,https://digitalcontent.api.tesco.com/v2/media/ghs/bbe79956-a4c7-4ce8-b10a-0a9082363ece/a9aa69d9-34aa-49b7-a037-212322286727_2051379858.jpeg?h=225&w=225,
310171098,Disney Sweet Seams,https://www.tesco.com/groceries/en-GB/shop/home-and-ents/all?department=Toys%20%26%20Games&viewAll=department&page=,£10.00,£10.00/each,,,/groceries/en-GB/products/310171098,https://digitalcontent.api.tesco.com/v2/media/ghs/566afe4d-95c0-4cc3-acef-541a0242f40a/6a81c347-abb2-4d71-bf32-1cdbd683083f_2088111672.jpeg?h=225&w=225,
293055918,Munchkin Bath Toy Ocean Squirts,https://www.tesco.com/groceries/en-GB/shop/home-and-ents/all?department=Toys%20%26%20Games&viewAll=department&page=,£6.00,£1.50/each,,,/groceries/en-GB/products/293055918,https://digitalcontent.api.tesco.com/v2/media/ghs/c7ab29e3-f40a-46e2-b820-b95a3d75ef05/fc4a47c9-59d2-4160-921c-06a2b4f298fd_922377502.jpeg?h=225&w=225,
309636748,Peppa Pig Family Pack,https://www.tesco.com/groceries/en-GB/shop/home-and-ents/all?department=Toys%20%26%20Games&viewAll=department&page=,£10.00,£10.00/each,£7.50 Clubcard Price,,/groceries/en-GB/products/309636748,https://digitalcontent.api.tesco.com/v2/media/ghs/fdcf70f3-c2de-4536-816c-5136663163ab/31053b15-a5ed-4894-9988-3a1eede4be1f_992494284.jpeg?h=225&w=225,
311786855,Real Littles Haribo Backpack Assortment,https://www.tesco.com/groceries/en-GB/shop/home-and-ents/all?department=Toys%20%26%20Games&viewAll=department&page=,£10.00,£10.00/each,,,/groceries/en-GB/products/311786855,https://digitalcontent.api.tesco.com/v2/media/ghs/8164e2fe-026c-4cfc-b014-64e781900411/fed097c0-fd97-4966-9a38-7db625251b0a_2054702903.jpeg?h=225&w=225,
310690969,Lego Creator Super Robot 31124,https://www.tesco.com/groceries/en-GB/shop/home-and-ents/all?department=Toys%20%26%20Games&viewAll=department&page=,£9.00,£9.00/each,,,/groceries/en-GB/products/310690969,https://digitalcontent.api.tesco.com/v2/media/ghs/5f588ab6-4416-4c28-808d-279a36189c5b/b07ae64c-92ba-4bd6-aa94-e73763f3596a_255453732.jpeg?h=225&w=225,
311228820,Real Littles Cutie Carries Assortment,https://www.tesco.com/groceries/en-GB/shop/home-and-ents/all?department=Toys%20%26%20Games&viewAll=department&page=,£9.00,£9.00/each,,,/groceries/en-GB/products/311228820,https://digitalcontent.api.tesco.com/v2/media/ghs/69405a37-0ea0-47f3-b0ef-d49147bfc647/99f18561-e0ec-42eb-955f-79c626082551_777824316.jpeg?h=225&w=225,
305631443,Monster Jam 1 64 Assorted,https://www.tesco.com/groceries/en-GB/shop/home-and-ents/all?department=Toys%20%26%20Games&viewAll=department&page=,£5.00,£5.00/each,,,/groceries/en-GB/products/305631443,https://digitalcontent.api.tesco.com/v2/media/ghs/6a9a3824-e1d9-40c3-8aaa-4c738b4379ad/2613f216-bbc7-44f1-a5c4-fbdcf98e0497_1785196311.jpeg?h=225&w=225,
311705477,X-Shot Skins Menace,https://www.tesco.com/groceries/en-GB/shop/home-and-ents/all?department=Toys%20%26%20Games&viewAll=department&page=,£5.00,£5.00/each,,,/groceries/en-GB/products/311705477,https://digitalcontent.api.tesco.com/v2/media/ghs/e6bd7600-c71c-4d08-a9af-d686836dc5de/ad2cb249-0bd0-4848-be51-f5fe3658d286_102514640.jpeg?h=225&w=225,
311446826,Lego Lego City 60333 Bathtub Stuntz,https://www.tesco.com/groceries/en-GB/shop/home-and-ents/all?department=Toys%20%26%20Games&viewAll=department&page=,£7.00,£7.00/each,,,/groceries/en-GB/products/311446826,https://digitalcontent.api.tesco.com/v2/media/ghs/a41e3e4e-f97d-426c-be28-80bdeede8672/dc1b69e5-11f5-436a-b17b-c3c83bea771a_545028672.jpeg?h=225&w=225,
311705394,Harry Potter Great Hall Magic Snow Kit,https://www.tesco.com/groceries/en-GB/shop/home-and-ents/all?department=Toys%20%26%20Games&viewAll=department&page=,£6.00,£6.00/each,,,/groceries/en-GB/products/311705394,https://digitalcontent.api.tesco.com/v2/media/ghs/ad0f55e5-89c4-490f-8358-c016d02d1768/2eb036b3-cb34-49be-be89-0eef88750218_1263791551.jpeg?h=225&w=225,
312108068,Lego Lego Minecraft Ice Castle 21186,https://www.tesco.com/groceries/en-GB/shop/home-and-ents/all?department=Toys%20%26%20Games&viewAll=department&page=,£45.00,£45.00/each,,,/groceries/en-GB/products/312108068,https://digitalcontent.api.tesco.com/v2/media/ghs/2b3b8609-c9a7-4594-b089-f583e5770435/3c7be1be-686e-4141-9a70-ff463032add6_1126059198.jpeg?h=225&w=225,
300762497,Eye Know Trivia Game,https://www.tesco.com/groceries/en-GB/shop/home-and-ents/all?department=Toys%20%26%20Games&viewAll=department&page=,£18.00,£18.00/each,,,/groceries/en-GB/products/300762497,https://digitalcontent.api.tesco.com/v2/media/ghs/53eaed5b-a0dc-48e0-b400-67f3ed2a8b34/snapshotimagehandler_365535309.jpeg?h=225&w=225,
299153165,Fisher Price Smart Stages Puppy Sis,https://www.tesco.com/groceries/en-GB/shop/home-and-ents/all?department=Toys%20%26%20Games&viewAll=department&page=,£22.00,£22.00/each,,,/groceries/en-GB/products/299153165,https://digitalcontent.api.tesco.com/v2/media/ghs/90933584-5216-4319-b3be-554661b6aa70/50ec936b-1fe8-40f1-9175-f7e9da864417_48518297.jpeg?h=225&w=225,
307501404,Forensic Murder Mystery,https://www.tesco.com/groceries/en-GB/shop/home-and-ents/all?department=Toys%20%26%20Games&viewAll=department&page=,£18.00,£18.00/each,,New,/groceries/en-GB/products/307501404,https://digitalcontent.api.tesco.com/v2/media/ghs/294193a4-f7b2-4b43-b0e2-b778ad68bc40/b4efa066-f6bd-46ca-9324-3066e8d02fcd_1462724458.jpeg?h=225&w=225,
306860256,Horrible Histories Board Game,https://www.tesco.com/groceries/en-GB/shop/home-and-ents/all?department=Toys%20%26%20Games&viewAll=department&page=,£17.00,£17.00/each,,,/groceries/en-GB/products/306860256,https://digitalcontent.api.tesco.com/v2/media/ghs/218aa402-5650-4400-b701-2b3ca31450b2/940d0ab1-91b0-471c-b19f-e93ee0273865_1564876950.jpeg?h=225&w=225,
303701796,Rainbocorns Puppycorn Surprise,https://www.tesco.com/groceries/en-GB/shop/home-and-ents/all?department=Toys%20%26%20Games&viewAll=department&page=,£12.00,£12.00/each,,,/groceries/en-GB/products/303701796,https://digitalcontent.api.tesco.com/v2/media/ghs/47ea5659-0e82-471e-bf50-356d59473b75/443bc2c4-96b9-4cb9-963c-783b30aafb26_1450985488.jpeg?h=225&w=225,
311788444,Funko The Grinch Board Game,https://www.tesco.com/groceries/en-GB/shop/home-and-ents/all?department=Toys%20%26%20Games&viewAll=department&page=,£15.00,£15.00/each,,New,/groceries/en-GB/products/311788444,https://digitalcontent.api.tesco.com/v2/media/ghs/533e9f5d-284b-4a31-8908-64734bcb0279/0fad721b-d043-4f68-9ac4-9725d4d70c65_466072208.jpeg?h=225&w=225,
309039205,Barbie Chelsea Car & Doll,https://www.tesco.com/groceries/en-GB/shop/home-and-ents/all?department=Toys%20%26%20Games&viewAll=department&page=,£21.00,£21.00/each,,,/groceries/en-GB/products/309039205,https://digitalcontent.api.tesco.com/v2/media/ghs/c11d0f5d-a129-4137-b5bd-2e234ca6d60b/260ef534-8ccf-4ae6-9b6b-1b8d74557eb1_1701568296.jpeg?h=225&w=225,
311705388,Hot Wheels Monster Truck Remote Control Assortment,https://www.tesco.com/groceries/en-GB/shop/home-and-ents/all?department=Toys%20%26%20Games&viewAll=department&page=,£15.00,£15.00/each,,,/groceries/en-GB/products/311705388,https://digitalcontent.api.tesco.com/v2/media/ghs/dad8a026-7879-4e02-9872-9830345cd933/0d206890-7bac-4f81-b714-9f9499737033_442917235.jpeg?h=225&w=225,
311826400,Jurassic World Extreme Danger T-Rex,https://www.tesco.com/groceries/en-GB/shop/home-and-ents/all?department=Toys%20%26%20Games&viewAll=department&page=,£35.00,£35.00/each,£17.50 Clubcard Price,,/groceries/en-GB/products/311826400,https://digitalcontent.api.tesco.com/v2/media/ghs/2154d4dd-518e-478f-8c45-051696db406c/f02a82fc-b5e5-465c-90b3-6baa89b19a6c_15678358.jpeg?h=225&w=225,
311832064,Glitzeez Sparkle Speeder With Doll,https://www.tesco.com/groceries/en-GB/shop/home-and-ents/all?department=Toys%20%26%20Games&viewAll=department&page=,£18.00,£18.00/each,,,/groceries/en-GB/products/311832064,https://digitalcontent.api.tesco.com/v2/media/ghs/bc13ad15-f931-4074-acf7-e4c59af90055/6609cc68-cfe5-490b-9021-2733a303926f_15760066.jpeg?h=225&w=225,
309319197,Lego Stunt Competition 60299,https://www.tesco.com/groceries/en-GB/shop/home-and-ents/all?department=Toys%20%26%20Games&viewAll=department&page=,£18.00,£18.00/each,,,/groceries/en-GB/products/309319197,https://digitalcontent.api.tesco.com/v2/media/ghs/6b284603-f8c1-4bd8-a5ea-3bacc59391cb/efb45b71-b60c-4de6-af8b-e711f29c780b_1647667681.jpeg?h=225&w=225,
287363614,5 Second Rule Travel Game,https://www.tesco.com/groceries/en-GB/shop/home-and-ents/all?department=Toys%20%26%20Games&viewAll=department&page=,£8.50,£8.50/each,,,/groceries/en-GB/products/287363614,https://digitalcontent.api.tesco.com/v2/media/ghs/a4ca9c78-3b34-449e-a6a0-f163c141c369/26c863f7-b3b5-47e9-8bc7-ecd4c39a51e7_894760783.jpeg?h=225&w=225,
310688875,Jiggly Pets Koala,https://www.tesco.com/groceries/en-GB/shop/home-and-ents/all?department=Toys%20%26%20Games&viewAll=department&page=,£15.00,£15.00/each,£12.00 Clubcard Price,,/groceries/en-GB/products/310688875,https://digitalcontent.api.tesco.com/v2/media/ghs/fbc15a79-4974-4dc5-a08a-0648425aab9e/6dd3cd78-3559-4b92-b251-03bd807efeef_821252532.jpeg?h=225&w=225,
293395573,Leapfrog Count Alongtill,https://www.tesco.com/groceries/en-GB/shop/home-and-ents/all?department=Toys%20%26%20Games&viewAll=department&page=,£27.00,£27.00/each,£21.50 Clubcard Price,,/groceries/en-GB/products/293395573,https://digitalcontent.api.tesco.com/v2/media/ghs-mktg/b0b04216-fa73-466d-a9d7-c9fcfa1ce9b3/no-image.jpeg,
298415284,Fisher Price Sweet Manners Tea Set,https://www.tesco.com/groceries/en-GB/shop/home-and-ents/all?department=Toys%20%26%20Games&viewAll=department&page=,£20.00,£20.00/each,,,/groceries/en-GB/products/298415284,https://digitalcontent.api.tesco.com/v2/media/ghs/234cadfd-4a87-4ae7-8a39-6da147d88364/4a68d107-1a6a-49d1-8fa7-95fe85aaf29c_423831175.jpeg?h=225&w=225,
304585896,Monster Jam 124 Collector,https://www.tesco.com/groceries/en-GB/shop/home-and-ents/all?department=Toys%20%26%20Games&viewAll=department&page=,£11.00,£11.00/each,,,/groceries/en-GB/products/304585896,https://digitalcontent.api.tesco.com/v2/media/ghs/121b6ac4-7097-44bc-a151-bb6a071a9825/3b303d38-0c48-4f00-be56-e35e1184d556_107097419.jpeg?h=225&w=225,
307943635,Bing And Friends 6 Figure Set,https://www.tesco.com/groceries/en-GB/shop/home-and-ents/all?department=Toys%20%26%20Games&viewAll=department&page=,£16.00,£16.00/each,£12.50 Clubcard Price,,/groceries/en-GB/products/307943635,https://digitalcontent.api.tesco.com/v2/media/ghs/17b25a5d-49d7-4a9c-b485-3f78ad380a42/6f6d9bc6-44c8-49e0-a181-f3048a46e84a_845037878.jpeg?h=225&w=225,
308443321,Imaginext Jurassic World Feature Assortment,https://www.tesco.com/groceries/en-GB/shop/home-and-ents/all?department=Toys%20%26%20Games&viewAll=department&page=,£16.00,£16.00/each,,,/groceries/en-GB/products/308443321,https://digitalcontent.api.tesco.com/v2/media/ghs/45570f43-41d2-4650-a71e-be56b849caaa/da565f91-5629-4bb6-ac11-c094ca190aec_1484715520.jpeg?h=225&w=225,
311437077,Cmj Rc Cars Range Rover 1:24 R/C Car,https://www.tesco.com/groceries/en-GB/shop/home-and-ents/all?department=Toys%20%26%20Games&viewAll=department&page=,£12.00,£12.00/each,,,/groceries/en-GB/products/311437077,https://digitalcontent.api.tesco.com/v2/media/ghs/657d23b2-dfe7-4c1f-9b1f-a54c4555f5e9/7edf5122-31fc-496c-ba8f-a7e5340f905b_911112628.jpeg?h=225&w=225,
311787825,Gabbys Dollhouse Gaby Girl,https://www.tesco.com/groceries/en-GB/shop/home-and-ents/all?department=Toys%20%26%20Games&viewAll=department&page=,£15.00,£15.00/each,,,/groceries/en-GB/products/311787825,https://digitalcontent.api.tesco.com/v2/media/ghs/bba50447-ec0d-4dd7-966e-11125f48a8f6/e5a43fe3-7048-4093-9b1b-d7937ce3f798_230011495.jpeg?h=225&w=225,
310663962,Lego Friends Pet Playground 41698,https://www.tesco.com/groceries/en-GB/shop/home-and-ents/all?department=Toys%20%26%20Games&viewAll=department&page=,£18.00,£18.00/each,,,/groceries/en-GB/products/310663962,https://digitalcontent.api.tesco.com/v2/media/ghs/dfb527e3-c831-4bf9-8428-437a465f9e70/a10e32e5-f91f-432f-b21a-e9ddd2d623d8_999806030.jpeg?h=225&w=225,
311441935,Miraculous Assortment 15Cm Plush,https://www.tesco.com/groceries/en-GB/shop/home-and-ents/all?department=Toys%20%26%20Games&viewAll=department&page=,£10.00,£10.00/each,£7.50 Clubcard Price,,/groceries/en-GB/products/311441935,https://digitalcontent.api.tesco.com/v2/media/ghs/a9708311-f5e0-44b4-a9d2-8d710022be52/125c1119-1b9e-481b-88fb-efda710f48b0_289361181.jpeg?h=225&w=225,
309919799,Sonic Plush Assortment,https://www.tesco.com/groceries/en-GB/shop/home-and-ents/all?department=Toys%20%26%20Games&viewAll=department&page=,£12.00,£12.00/each,,,/groceries/en-GB/products/309919799,https://digitalcontent.api.tesco.com/v2/media/ghs/9c32b6b3-04d1-4ce0-b2f4-2b89d6fd56e8/50dece9c-c22c-49e6-bb74-43ff06c9cdaf_723276938.jpeg?h=225&w=225,
310127117,Lego Creator Fantasy Forest Creatures 31125,https://www.tesco.com/groceries/en-GB/shop/home-and-ents/all?department=Toys%20%26%20Games&viewAll=department&page=,£13.00,£13.00/each,,,/groceries/en-GB/products/310127117,https://digitalcontent.api.tesco.com/v2/media/ghs/11fe31ba-0c07-4380-82b9-400c7c98b428/179cbe32-4b7f-4c88-81aa-7dbdf150149d_725985145.jpeg?h=225&w=225,
304130254,Baby Shark Robo Alive,https://www.tesco.com/groceries/en-GB/shop/home-and-ents/all?department=Toys%20%26%20Games&viewAll=department&page=,£13.00,£13.00/each,,,/groceries/en-GB/products/304130254,https://digitalcontent.api.tesco.com/v2/media/ghs/2f88aa4d-2480-46b3-a4fb-4a0773f1a8de/6b3f5b49-cb15-4d56-880c-24197e30217d_2015858218.jpeg?h=225&w=225,
302531290,Mini Stretch Sonic The Hedgehog,https://www.tesco.com/groceries/en-GB/shop/home-and-ents/all?department=Toys%20%26%20Games&viewAll=department&page=,£14.00,£14.00/each,,,/groceries/en-GB/products/302531290,https://digitalcontent.api.tesco.com/v2/media/ghs/6753133b-db19-475c-ac64-da538e6f781d/0dbf9c8f-f43d-48b5-9f24-34d5460b2d41_1206135169.jpeg?h=225&w=225,
305939080,Paw Patrol Vehicle Pup Ryder,https://www.tesco.com/groceries/en-GB/shop/home-and-ents/all?department=Toys%20%26%20Games&viewAll=department&page=,£12.00,£12.00/each,,,/groceries/en-GB/products/305939080,https://digitalcontent.api.tesco.com/v2/media/ghs/596afe40-0b9d-4981-8757-4679cddba405/2c86d2d4-a6dd-43a6-8e9a-8b50618a115d_1922415844.jpeg?h=225&w=225,
295036535,Roblox Game Pack Assorted,https://www.tesco.com/groceries/en-GB/shop/home-and-ents/all?department=Toys%20%26%20Games&viewAll=department&page=,£13.00,£13.00/each,Any 2 for £16 Clubcard Price - Mixed Toys,,/groceries/en-GB/products/295036535,https://digitalcontent.api.tesco.com/v2/media/ghs/83e16e37-7a00-46a7-8657-c81f7748e854/fb96f3e4-a6ee-4b5e-84ff-61cde37dd91e_1315467186.jpeg?h=225&w=225,
309554925,Horrible Histories Battle Card Game,https://www.tesco.com/groceries/en-GB/shop/home-and-ents/all?department=Toys%20%26%20Games&viewAll=department&page=,£5.00,£5.00/each,,,/groceries/en-GB/products/309554925,https://digitalcontent.api.tesco.com/v2/media/ghs/a5157599-ebf3-4794-9ad4-0047840774f2/d1df27d6-2f09-4ef3-9484-09c092df2446_2145180829.jpeg?h=225&w=225,
307635332,5 Surprise Toys Mini Brands,https://www.tesco.com/groceries/en-GB/shop/home-and-ents/all?department=Toys%20%26%20Games&viewAll=department&page=,£7.50,£7.50/each,,,/groceries/en-GB/products/307635332,https://digitalcontent.api.tesco.com/v2/media/ghs/b95d02ad-7b3d-42db-8540-9d6fa79b4ca4/e54f7519-a9d4-4bcc-b79e-bcc45975614c_42209322.jpeg?h=225&w=225,
311650198,Crazy Chic Fairy Style Make Up Assortment,https://www.tesco.com/groceries/en-GB/shop/home-and-ents/all?department=Toys%20%26%20Games&viewAll=department&page=,£6.00,£6.00/each,,,/groceries/en-GB/products/311650198,https://digitalcontent.api.tesco.com/v2/media/ghs/b7cb6152-842d-4d39-914c-badd7d9210ac/410559a8-ea8a-4b5f-85a9-3d1d55a6988c_66165295.jpeg?h=225&w=225,
311650152,5 Surprise Reveal And Heal Pet Rescue,https://www.tesco.com/groceries/en-GB/shop/home-and-ents/all?department=Toys%20%26%20Games&viewAll=department&page=,£6.50,£6.50/each,,,/groceries/en-GB/products/311650152,https://digitalcontent.api.tesco.com/v2/media/ghs/fa76d5f7-df68-4052-8510-3b4a8599ff48/a4fb65bd-9868-4f05-b231-ef4175bbf337_2071838996.jpeg?h=225&w=225,
311221096,Lego Race Police Car Assortment 60312/60322,https://www.tesco.com/groceries/en-GB/shop/home-and-ents/all?department=Toys%20%26%20Games&viewAll=department&page=,£9.00,£9.00/each,,,/groceries/en-GB/products/311221096,https://digitalcontent.api.tesco.com/v2/media/ghs/8753391a-d8b5-4bd7-8003-1a0fc3bef093/7e8a441e-5f1c-4e13-b07a-c4fba331c142_1818750961.jpeg?h=225&w=225,
310677433,Lego Ninjago Zanes Power Up 71761,https://www.tesco.com/groceries/en-GB/shop/home-and-ents/all?department=Toys%20%26%20Games&viewAll=department&page=,£9.00,£9.00/each,,,/groceries/en-GB/products/310677433,https://digitalcontent.api.tesco.com/v2/media/ghs/94c6f2b4-b84b-4c22-9435-4a48ab7e874d/c6e5861d-3156-4fb1-bb87-d12a79163c69_673422201.jpeg?h=225&w=225,
308777254,Go Play Lets Shop Basket,https://www.tesco.com/groceries/en-GB/shop/home-and-ents/all?department=Toys%20%26%20Games&viewAll=department&page=,£6.50,£6.50/each,,,/groceries/en-GB/products/308777254,https://digitalcontent.api.tesco.com/v2/media/ghs/09bea212-7d02-46cf-8de2-b2aedb1594dc/19023d9d-18e1-41a2-84d6-3f4f7b251e89_1239562880.jpeg?h=225&w=225,
303722460,Funko Pop Hero World Fnaf,https://www.tesco.com/groceries/en-GB/shop/home-and-ents/all?department=Toys%20%26%20Games&viewAll=department&page=,£10.00,£10.00/each,,,/groceries/en-GB/products/303722460,https://digitalcontent.api.tesco.com/v2/media/ghs/3bbaa540-2cc1-4f21-89b0-29770e8a7336/c2538a3c-0b10-4be9-ae20-d66470cf582d_788094188.jpeg?h=225&w=225,
311695156,Jiggly Pets Lovables Assortment,https://www.tesco.com/groceries/en-GB/shop/home-and-ents/all?department=Toys%20%26%20Games&viewAll=department&page=,£8.00,£8.00/each,£6.40 Clubcard Price,,/groceries/en-GB/products/311695156,https://digitalcontent.api.tesco.com/v2/media/ghs/6cf9562f-327e-46b2-aacd-4a3a03a5955b/c650c42e-76ab-4150-b6f9-8028f3583cb7_1425564326.jpeg?h=225&w=225,
304329331,Baby Shark Family Sound Cubes - 5 Assorted,https://www.tesco.com/groceries/en-GB/shop/home-and-ents/all?department=Toys%20%26%20Games&viewAll=department&page=,£6.00,£6.00/each,,,/groceries/en-GB/products/304329331,https://digitalcontent.api.tesco.com/v2/media/ghs/44ae0ef2-db29-4ea9-82da-2170edf56a21/snapshotimagehandler_272021183.jpeg?h=225&w=225,
303449265,5 Surprise Unicorn Series,https://www.tesco.com/groceries/en-GB/shop/home-and-ents/all?department=Toys%20%26%20Games&viewAll=department&page=,£6.50,£6.50/each,£5.20 Clubcard Price,,/groceries/en-GB/products/303449265,https://digitalcontent.api.tesco.com/v2/media/ghs/2ffd708d-44b2-411d-aa10-43f2a332558c/99c6078d-5f23-455d-b22a-35fff544478f_464196068.jpeg?h=225&w=225,
305508158,Goojitzu Marvel,https://www.tesco.com/groceries/en-GB/shop/home-and-ents/all?department=Toys%20%26%20Games&viewAll=department&page=,£14.00,£14.00/each,£11.00 Clubcard Price,,/groceries/en-GB/products/305508158,https://digitalcontent.api.tesco.com/v2/media/ghs/643fe376-f7d2-43a8-9256-702ae445c9e5/2b178ebf-9c90-41c7-8e99-0c2c0eeeae3d_1108511296.jpeg?h=225&w=225,
308964879,Goplay City Trucks,https://www.tesco.com/groceries/en-GB/shop/home-and-ents/all?department=Toys%20%26%20Games&viewAll=department&page=,£6.00,£6.00/each,,,/groceries/en-GB/products/308964879,https://digitalcontent.api.tesco.com/v2/media/ghs/b43c95f8-c6ce-447a-9dd0-4659dd8ab4dd/6f91f62b-e315-4c94-9f38-64a8788305f8_88744376.jpeg?h=225&w=225,
311792945,Lego Lego Star Wars Tank 75342,https://www.tesco.com/groceries/en-GB/shop/home-and-ents/all?department=Toys%20%26%20Games&viewAll=department&page=,£40.00,£40.00/each,,,/groceries/en-GB/products/311792945,https://digitalcontent.api.tesco.com/v2/media/ghs/b6b7b4c1-ef73-4310-ab00-4ac12c6658b1/1683a107-f5bb-45c3-bc4b-3dcf0087ceba_440851590.jpeg?h=225&w=225,
310121043,Nerf Elite 2.0 Eaglepoint Rd-8 Blaster,https://www.tesco.com/groceries/en-GB/shop/home-and-ents/all?department=Toys%20%26%20Games&viewAll=department&page=,£26.00,£26.00/each,,,/groceries/en-GB/products/310121043,https://digitalcontent.api.tesco.com/v2/media/ghs/2737f6e5-6f10-4427-a021-0cb3ebc5774f/232f08fa-d777-404d-b654-d2693bded808_1808646241.jpeg?h=225&w=225,
309989376,Pokemon Electric Charge Pikachu,https://www.tesco.com/groceries/en-GB/shop/home-and-ents/all?department=Toys%20%26%20Games&viewAll=department&page=,£40.00,£40.00/each,,New,/groceries/en-GB/products/309989376,https://digitalcontent.api.tesco.com/v2/media/ghs/9e5bc995-cd74-45a8-b6be-9df3edf09da3/db601bf6-5c8e-4172-bdf5-b303563c0769_2009037640.jpeg?h=225&w=225,
302092704,Rainbocorns Wild Surprise,https://www.tesco.com/groceries/en-GB/shop/home-and-ents/all?department=Toys%20%26%20Games&viewAll=department&page=,£25.00,£25.00/each,,,/groceries/en-GB/products/302092704,https://digitalcontent.api.tesco.com/v2/media/ghs/93fa2e6f-32fa-46ac-aff3-d6a2f56f8756/86cb498a-6867-42ae-bd3d-f0051e4b3f60_1438937688.jpeg?h=225&w=225,
310673837,Lego Jurassic World Embargo 76946,https://www.tesco.com/groceries/en-GB/shop/home-and-ents/all?department=Toys%20%26%20Games&viewAll=department&page=,£30.00,£30.00/each,,,/groceries/en-GB/products/310673837,https://digitalcontent.api.tesco.com/v2/media/ghs/fae56d14-571d-410d-a0e9-0895b828c569/e539e5de-1634-4b5a-b5e5-798549c89165_1832012784.jpeg?h=225&w=225,
305450524,Barbie Colour Reveal Doll,https://www.tesco.com/groceries/en-GB/shop/home-and-ents/all?department=Toys%20%26%20Games&viewAll=department&page=,£24.00,£24.00/each,£19.00 Clubcard Price,,/groceries/en-GB/products/305450524,https://digitalcontent.api.tesco.com/v2/media/ghs/69154ceb-af93-4a7f-8fb3-57ee4c6511d0/e92f0897-8d84-4369-b0ed-b373648517cd_1810154084.jpeg?h=225&w=225,
304002412,Barbie Chelsea Travel Fun,https://www.tesco.com/groceries/en-GB/shop/home-and-ents/all?department=Toys%20%26%20Games&viewAll=department&page=,£13.00,£13.00/each,,,/groceries/en-GB/products/304002412,https://digitalcontent.api.tesco.com/v2/media/ghs/48ef5f9d-cab4-4be6-96ae-6d2ea226094b/6dfc41d5-e67c-418a-b5a0-cb0c5df78073_1034340655.jpeg?h=225&w=225,
310157980,Peppa Pig Air Adventure,https://www.tesco.com/groceries/en-GB/shop/home-and-ents/all?department=Toys%20%26%20Games&viewAll=department&page=,£24.00,£24.00/each,£18.00 Clubcard Price,,/groceries/en-GB/products/310157980,https://digitalcontent.api.tesco.com/v2/media/ghs/cd988469-6e2c-42ff-9364-64ef74531f97/2bb16d99-37e8-4d05-8869-94e997955628_1407703555.jpeg?h=225&w=225,
312982500,Funko Harry Potter Pop & Tee,https://www.tesco.com/groceries/en-GB/shop/home-and-ents/all?department=Toys%20%26%20Games&viewAll=department&page=,£25.00,£25.00/each,,,/groceries/en-GB/products/312982500,https://digitalcontent.api.tesco.com/v2/media/ghs/2c31d499-9bc8-4148-891c-572b04bed250/0426d21c-ce7f-4095-a9fd-84695b5f190a_1686709599.jpeg?h=225&w=225,
291625887,Vtech Sort & Discover Drum,https://www.tesco.com/groceries/en-GB/shop/home-and-ents/all?department=Toys%20%26%20Games&viewAll=department&page=,£20.00,£20.00/each,£16.00 Clubcard Price,,/groceries/en-GB/products/291625887,https://digitalcontent.api.tesco.com/v2/media/ghs/7ed677fb-acda-46fb-b9a7-b4d8eb900b06/384f4a2d-fb1a-4a73-b5ba-d79290ad9a3b_894496382.jpeg?h=225&w=225,
308299612,Playdoh Flip & Pancakes Playset,https://www.tesco.com/groceries/en-GB/shop/home-and-ents/all?department=Toys%20%26%20Games&viewAll=department&page=,£14.00,£14.00/each,,,/groceries/en-GB/products/308299612,https://digitalcontent.api.tesco.com/v2/media/ghs/d6937c9e-d4c7-4588-8636-ccd68da0038c/decd006e-881f-480e-8807-c3fba35209ea_166667916.jpeg?h=225&w=225,
310658208,Lego Technic Monster Jam Megalodon 42134,https://www.tesco.com/groceries/en-GB/shop/home-and-ents/all?department=Toys%20%26%20Games&viewAll=department&page=,£18.00,£18.00/each,,,/groceries/en-GB/products/310658208,https://digitalcontent.api.tesco.com/v2/media/ghs/07504a4f-2566-4dcf-b205-cfe0a5ac6a24/f30bcecc-db71-4d58-a721-efcb05154f05_7942713.jpeg?h=225&w=225,
306980062,LEGO BrickHeadz Star Wars The Mandalorian 75317,https://www.tesco.com/groceries/en-GB/shop/home-and-ents/all?department=Toys%20%26%20Games&viewAll=department&page=,£18.00,£18.00/each,,,/groceries/en-GB/products/306980062,https://digitalcontent.api.tesco.com/v2/media/ghs/4e5a89a7-cf77-492c-98a7-9a9348f5a7dd/29e75dcf-312e-4f77-be29-861b22bc9cd2_185159281.jpeg?h=225&w=225,
306979957,LEGO Harry Potter Hogwarts Room of Requirement 75966,https://www.tesco.com/groceries/en-GB/shop/home-and-ents/all?department=Toys%20%26%20Games&viewAll=department&page=,£18.00,£18.00/each,,,/groceries/en-GB/products/306979957,https://digitalcontent.api.tesco.com/v2/media/ghs/f1617be6-22f8-4dbd-b05e-39a01481cd1e/1ab4bee2-0e50-49ad-9ae7-c6b19dc3c9ff_826846671.jpeg?h=225&w=225,
311782548,Jiggly Pets Dino Rex,https://www.tesco.com/groceries/en-GB/shop/home-and-ents/all?department=Toys%20%26%20Games&viewAll=department&page=,£18.00,£18.00/each,£14.00 Clubcard Price,,/groceries/en-GB/products/311782548,https://digitalcontent.api.tesco.com/v2/media/ghs/324c9df4-5a4f-4369-a024-ae9a3e55630d/846fc187-dfb7-490a-be52-d9f77baad795_176565625.jpeg?h=225&w=225,
310165797,Peppa Pig Day Trip Playset Assortment,https://www.tesco.com/groceries/en-GB/shop/home-and-ents/all?department=Toys%20%26%20Games&viewAll=department&page=,£17.00,£17.00/each,£12.50 Clubcard Price,,/groceries/en-GB/products/310165797,https://digitalcontent.api.tesco.com/v2/media/ghs/a7de767a-ba69-4006-98fd-62484baff07d/933d1c03-264a-4105-b510-cfbb6925bd13_1206784465.jpeg?h=225&w=225,
309430133,Scruffaluvs Rescue,https://www.tesco.com/groceries/en-GB/shop/home-and-ents/all?department=Toys%20%26%20Games&viewAll=department&page=,£15.00,£15.00/each,,,/groceries/en-GB/products/309430133,https://digitalcontent.api.tesco.com/v2/media/ghs/86ead5e6-96b9-4ef2-a7fa-9eef7f4f21e2/5cbca5ed-d85a-4072-8d26-86e0fe4c4959_1591351234.jpeg?h=225&w=225,
310691398,Bluey Vehicle & Figures,https://www.tesco.com/groceries/en-GB/shop/home-and-ents/all?department=Toys%20%26%20Games&viewAll=department&page=,£15.00,£15.00/each,,,/groceries/en-GB/products/310691398,https://digitalcontent.api.tesco.com/v2/media/ghs/a384042b-6846-4ede-ae16-b9d3d3ae28f5/900d3ded-c179-4354-acc3-23c25bf9b635_1284130446.jpeg?h=225&w=225,
305667936,Vtech Toot Toot Drivers 3 In 1 Raceway,https://www.tesco.com/groceries/en-GB/shop/home-and-ents/all?department=Toys%20%26%20Games&viewAll=department&page=,£22.00,£22.00/each,£17.50 Clubcard Price,,/groceries/en-GB/products/305667936,https://digitalcontent.api.tesco.com/v2/media/ghs/1e2b25f8-7164-45b1-beeb-5fddbf76f43d/8ae64067-9da4-4982-8cbf-7b4972858a77_756745448.jpeg?h=225&w=225,
309890365,Keel Eco Dinosaurs,https://www.tesco.com/groceries/en-GB/shop/home-and-ents/all?department=Toys%20%26%20Games&viewAll=department&page=,£8.00,£8.00/each,,,/groceries/en-GB/products/309890365,https://digitalcontent.api.tesco.com/v2/media/ghs/7191de05-bbb2-4d58-a53b-1ff20f2c29f3/1000b589-7111-4c24-94b9-fd3cad0dafe1_1531869381.jpeg?h=225&w=225,
306578487,Zuru Robo Alive Dino Wars Raptor,https://www.tesco.com/groceries/en-GB/shop/home-and-ents/all?department=Toys%20%26%20Games&viewAll=department&page=,£12.00,£12.00/each,,,/groceries/en-GB/products/306578487,https://digitalcontent.api.tesco.com/v2/media/ghs/706cbe76-f4af-40b3-8504-201429eca94a/38df0e0f-8cc1-4dff-a323-39f556a58e0f_1059110031.jpeg?h=225&w=225,
306858726,4 In 1 Card Games Licensed Assortment,https://www.tesco.com/groceries/en-GB/shop/home-and-ents/all?department=Toys%20%26%20Games&viewAll=department&page=,£5.50,£5.50/each,,,/groceries/en-GB/products/306858726,https://digitalcontent.api.tesco.com/v2/media/ghs/28eb2a07-7f89-4d8b-81b8-d68702ff4064/60136a23-370b-42a1-86ba-06888302acdf_748518386.jpeg?h=225&w=225,
265885859,Bright Starts Snuggle & Teethe,https://www.tesco.com/groceries/en-GB/shop/home-and-ents/all?department=Toys%20%26%20Games&viewAll=department&page=,£6.00,£6.00/each,,,/groceries/en-GB/products/265885859,https://digitalcontent.api.tesco.com/v2/media/ghs/cf0529f6-dc72-4355-aabd-f1cbcd5471cc/0d73a4c3-29b0-4b6a-999b-bdb5dcdb5e42_2000804533.jpeg?h=225&w=225,
311943261,Night Garden Super Squashy Soft Toy Assortment,https://www.tesco.com/groceries/en-GB/shop/home-and-ents/all?department=Toys%20%26%20Games&viewAll=department&page=,£10.00,£10.00/each,£8.00 Clubcard Price,,/groceries/en-GB/products/311943261,https://digitalcontent.api.tesco.com/v2/media/ghs/6e1be404-b805-40d5-8a1c-4b3fd766528e/59f3855d-ea26-4fbe-9e28-a517b5d48f75_1884927361.jpeg?h=225&w=225,
310149477,Lego City Truck/Plane Assorted 60284/60323,https://www.tesco.com/groceries/en-GB/shop/home-and-ents/all?department=Toys%20%26%20Games&viewAll=department&page=,£9.00,£9.00/each,,,/groceries/en-GB/products/310149477,https://digitalcontent.api.tesco.com/v2/media/ghs/d2563cad-30a1-4fb0-abcd-d0ba5d9cd7cc/d2275c95-7be2-4060-971e-fa238a6c32cb_904561410.jpeg?h=225&w=225,
308306997,Pop Marvel Assortment,https://www.tesco.com/groceries/en-GB/shop/home-and-ents/all?department=Toys%20%26%20Games&viewAll=department&page=,£12.00,£12.00/each,,,/groceries/en-GB/products/308306997,https://digitalcontent.api.tesco.com/v2/media/ghs/e24151f7-973f-43b3-9381-b88cb7f2bc34/8b9b3fbe-6061-4190-a172-8ed545142aba_2020696407.jpeg?h=225&w=225,
308901753,Go Play Wooden Stacking Rings,https://www.tesco.com/groceries/en-GB/shop/home-and-ents/all?department=Toys%20%26%20Games&viewAll=department&page=,£6.00,£6.00/each,,,/groceries/en-GB/products/308901753,https://digitalcontent.api.tesco.com/v2/media/ghs/ffb412a7-214b-48d1-9943-b77cca1bb5a1/f9ec12e2-6239-4de3-bfaf-498cde540074_1416420683.jpeg?h=225&w=225,
308901809,Go Play Plush Assorted,https://www.tesco.com/groceries/en-GB/shop/home-and-ents/all?department=Toys%20%26%20Games&viewAll=department&page=,£8.00,£8.00/each,,,/groceries/en-GB/products/308901809,https://digitalcontent.api.tesco.com/v2/media/ghs/94370fe4-2e3e-47e1-bac1-a2b4528476e9/edd8c921-7862-47ed-8e04-a37b12253975_273351038.jpeg?h=225&w=225,
297392996,Keel Pugsley Soft Toy,https://www.tesco.com/groceries/en-GB/shop/home-and-ents/all?department=Toys%20%26%20Games&viewAll=department&page=,£6.00,£6.00/each,,,/groceries/en-GB/products/297392996,https://digitalcontent.api.tesco.com/v2/media/ghs/a402e6df-031a-4658-bb81-7de71b1deb5f/11937397-9878-4a07-bd61-8f215b7bf406_1464071033.jpeg?h=225&w=225,
308254487,Large Dinosaur Figure Tub,https://www.tesco.com/groceries/en-GB/shop/home-and-ents/all?department=Toys%20%26%20Games&viewAll=department&page=,£8.00,£8.00/each,,,/groceries/en-GB/products/308254487,https://digitalcontent.api.tesco.com/v2/media/ghs/dbb7d2b1-3ba7-4c89-9523-f406e6190112/b14a3bc1-ba73-4ad2-83e9-36b40b0e347d_19593547.jpeg?h=225&w=225,
310456038,Teamsterz Shark/Dino Launcher 1 Car,https://www.tesco.com/groceries/en-GB/shop/home-and-ents/all?department=Toys%20%26%20Games&viewAll=department&page=,£6.00,£6.00/each,,,/groceries/en-GB/products/310456038,https://digitalcontent.api.tesco.com/v2/media/ghs/996f49b0-d4dd-44b5-b99d-ebf84ba14a6c/8e70dc0f-1018-4f26-b8cf-42b6ef365a58_1151507399.jpeg?h=225&w=225,
309750664,Lego Technic Motorcycle 42132,https://www.tesco.com/groceries/en-GB/shop/home-and-ents/all?department=Toys%20%26%20Games&viewAll=department&page=,£9.00,£9.00/each,,,/groceries/en-GB/products/309750664,https://digitalcontent.api.tesco.com/v2/media/ghs/faff2237-599f-49df-8fb8-bbb89944b8fc/f8b2068a-cef3-400d-9d03-6f666bf9266b_196613567.jpeg?h=225&w=225,
310141301,Lego Minecraft Creeper Ambush 21177,https://www.tesco.com/groceries/en-GB/shop/home-and-ents/all?department=Toys%20%26%20Games&viewAll=department&page=,£9.00,£9.00/each,,,/groceries/en-GB/products/310141301,https://digitalcontent.api.tesco.com/v2/media/ghs/6ee33b4f-8f41-430d-904d-5d54358075a6/9862f88f-677e-43f1-967d-a67ae84f2a96_1898120774.jpeg?h=225&w=225,
307482546,Lol All Star Bbs Assorted,https://www.tesco.com/groceries/en-GB/shop/home-and-ents/all?department=Toys%20%26%20Games&viewAll=department&page=,£10.00,£10.00/each,,,/groceries/en-GB/products/307482546,https://digitalcontent.api.tesco.com/v2/media/ghs/5ac14b6d-d1c4-4aab-8119-89c0655c0afd/537964bf-ab65-4b87-81c9-12f73161ce3b_749386227.jpeg?h=225&w=225,
311785050,My Fairy Garden Plantimal Cottage Assortment,https://www.tesco.com/groceries/en-GB/shop/home-and-ents/all?department=Toys%20%26%20Games&viewAll=department&page=,£10.00,£10.00/each,,,/groceries/en-GB/products/311785050,https://digitalcontent.api.tesco.com/v2/media/ghs/7d3fbfbb-7388-4cbc-9504-1ac86fc28e96/7453ad64-9067-4bc2-958d-027647d876a9_1618148003.jpeg?h=225&w=225,
310686497,Lego Friends Turtle Vehicle 41697,https://www.tesco.com/groceries/en-GB/shop/home-and-ents/all?department=Toys%20%26%20Games&viewAll=department&page=,£9.00,£9.00/each,,,/groceries/en-GB/products/310686497,https://digitalcontent.api.tesco.com/v2/media/ghs/091ceb46-70db-4706-bf90-4e4d9b2c9806/a0188615-ce9f-44db-a70f-88a0fd8d7e36_177928129.jpeg?h=225&w=225,
309636800,Spidey Hero Figures,https://www.tesco.com/groceries/en-GB/shop/home-and-ents/all?department=Toys%20%26%20Games&viewAll=department&page=,£7.00,£7.00/each,,,/groceries/en-GB/products/309636800,https://digitalcontent.api.tesco.com/v2/media/ghs/caaea7f5-95a2-40c8-9cce-2f5ec07d274e/f0bfb97f-7ce8-43ff-8ee4-4d36c1744dbb_2099777640.jpeg?h=225&w=225,
308003416,Glitzeez Fashion Doll Assorted,https://www.tesco.com/groceries/en-GB/shop/home-and-ents/all?department=Toys%20%26%20Games&viewAll=department&page=,£6.00,£6.00/each,,,/groceries/en-GB/products/308003416,https://digitalcontent.api.tesco.com/v2/media/ghs/8abae673-eabd-4a68-b061-a87ad616f2c1/1c35f3cd-3cca-4d3d-b758-eabf9aa8d37a_1614034087.jpeg?h=225&w=225,
303757038,Frozen 3Inch Figure Assorted,https://www.tesco.com/groceries/en-GB/shop/home-and-ents/all?department=Toys%20%26%20Games&viewAll=department&page=,£5.00,£5.00/each,,,/groceries/en-GB/products/303757038,https://digitalcontent.api.tesco.com/v2/media/ghs/f726bb6c-953b-4e60-8451-9c84256beb77/fd7d0f50-4e2b-4650-b515-f121d9c3f85c_1348917531.jpeg?h=225&w=225,
308152803,Glitzeez Baby Sitter Playset,https://www.tesco.com/groceries/en-GB/shop/home-and-ents/all?department=Toys%20%26%20Games&viewAll=department&page=,£8.00,£8.00/each,,,/groceries/en-GB/products/308152803,https://digitalcontent.api.tesco.com/v2/media/ghs/a92c8061-00e9-43ed-9428-355baa6f8f71/eb67c70d-df98-435f-9514-9dd81f9a80ab_776697007.jpeg?h=225&w=225,
257547414,Scrabble,https://www.tesco.com/groceries/en-GB/shop/home-and-ents/all?department=Toys%20%26%20Games&viewAll=department&page=,£22.00,£22.00/each,,,/groceries/en-GB/products/257547414,https://digitalcontent.api.tesco.com/v2/media/ghs/828cef7c-87f3-4bbf-8a7f-f14d92ecd92f/f479c318-14cb-40ed-bb80-11dd91b2f51c_295917684.jpeg?h=225&w=225,
273767481,Frustration,https://www.tesco.com/groceries/en-GB/shop/home-and-ents/all?department=Toys%20%26%20Games&viewAll=department&page=,£19.00,£19.00/each,,,/groceries/en-GB/products/273767481,https://digitalcontent.api.tesco.com/v2/media/ghs/6b5e526a-e435-412d-baa5-0ad6bf24f0b6/f1e7c9ca-062b-448d-b9a4-7a331df968e4_2130202909.jpeg?h=225&w=225,
266772248,Beatles 1000 Piece Puzzl Abbey Road,https://www.tesco.com/groceries/en-GB/shop/home-and-ents/all?department=Toys%20%26%20Games&viewAll=department&page=,£14.00,£14.00/each,,New,/groceries/en-GB/products/266772248,https://digitalcontent.api.tesco.com/v2/media/ghs/bed92f12-2d29-421b-b427-fa00e86cc5dd/fba9e663-3cf3-4d22-9f44-8a1bb515194b_694619019.jpeg?h=225&w=225,
310103474,Playdoh Kitchen Creations Pizza Oven Playset,https://www.tesco.com/groceries/en-GB/shop/home-and-ents/all?department=Toys%20%26%20Games&viewAll=department&page=,£22.00,£22.00/each,£16.50 Clubcard Price,,/groceries/en-GB/products/310103474,https://digitalcontent.api.tesco.com/v2/media/ghs/faa44854-c568-4376-a1da-6afe67bc7ecc/1e5485c6-7e59-41d1-b53a-310183e6fdd2_650809545.jpeg?h=225&w=225,
306564492,Peppa Pig Bus,https://www.tesco.com/groceries/en-GB/shop/home-and-ents/all?department=Toys%20%26%20Games&viewAll=department&page=,£20.00,£20.00/each,,,/groceries/en-GB/products/306564492,https://digitalcontent.api.tesco.com/v2/media/ghs/62887a3a-35ba-4ea7-9aab-baacc925f1f1/46112378-a0d4-443a-aa21-80f7cfcd789f_1439213846.jpeg?h=225&w=225,
307842357,X Shot Dino Attack,https://www.tesco.com/groceries/en-GB/shop/home-and-ents/all?department=Toys%20%26%20Games&viewAll=department&page=,£10.00,£10.00/each,,,/groceries/en-GB/products/307842357,https://digitalcontent.api.tesco.com/v2/media/ghs/79bf487e-8e65-4044-a3d2-e44eee4f272e/bcfe9d8a-cebe-46b4-8687-7d7ea69a5815_42883533.jpeg?h=225&w=225,
308245285,Miraculous Fashion Doll,https://www.tesco.com/groceries/en-GB/shop/home-and-ents/all?department=Toys%20%26%20Games&viewAll=department&page=,£18.00,£18.00/each,£13.50 Clubcard Price,,/groceries/en-GB/products/308245285,https://digitalcontent.api.tesco.com/v2/media/ghs/5f452915-e6f0-47b3-b7d1-a03ff4849bfd/b98b3ea8-8477-45f8-a121-ace683882951_256828631.jpeg?h=225&w=225,
271721302,Tension Board Game,https://www.tesco.com/groceries/en-GB/shop/home-and-ents/all?department=Toys%20%26%20Games&viewAll=department&page=,£12.00,£12.00/each,,,/groceries/en-GB/products/271721302,https://digitalcontent.api.tesco.com/v2/media/ghs/3582f0be-465a-49f4-b263-952ac452d88d/66697fb3-3556-40a2-a1cc-fab6df583833_462533839.jpeg?h=225&w=225,
294477596,5 Second Rule Junior,https://www.tesco.com/groceries/en-GB/shop/home-and-ents/all?department=Toys%20%26%20Games&viewAll=department&page=,£14.00,£14.00/each,,,/groceries/en-GB/products/294477596,https://digitalcontent.api.tesco.com/v2/media/ghs/1a47bbdc-b554-430b-bb05-1e248cee00a6/21db532c-580e-4a13-99b6-821eb15ac8ba_1987605490.jpeg?h=225&w=225,
280758216,Munchkin Gone Fishing Bath Toy,https://www.tesco.com/groceries/en-GB/shop/home-and-ents/all?department=Toys%20%26%20Games&viewAll=department&page=,£10.00,£10.00/each,,,/groceries/en-GB/products/280758216,https://digitalcontent.api.tesco.com/v2/media/ghs/8dcec293-8b5f-4ac7-b715-bd9db1a27ec2/56055b0f-c0a7-442d-999e-4898729446d4_737388677.jpeg?h=225&w=225,
311802618,My Fairy Garden Large Playset Assortment,https://www.tesco.com/groceries/en-GB/shop/home-and-ents/all?department=Toys%20%26%20Games&viewAll=department&page=,£20.00,£20.00/each,,,/groceries/en-GB/products/311802618,https://digitalcontent.api.tesco.com/v2/media/ghs/86731d63-5ca5-4c19-8cc9-53cf528755f2/a5cc9ea0-df25-4e6d-9c2e-3504f295555f_1828852356.jpeg?h=225&w=225,
266512488,Lamaze Freddie The Firefly,https://www.tesco.com/groceries/en-GB/shop/home-and-ents/all?department=Toys%20%26%20Games&viewAll=department&page=,£14.00,£14.00/each,£12.00 Clubcard Price,,/groceries/en-GB/products/266512488,https://digitalcontent.api.tesco.com/v2/media/ghs/fe1f3a36-78e9-4879-b4b7-f4d15f3521a2/cf27243b-2c6d-4716-954d-910bf4de5d36_1683330707.jpeg?h=225&w=225,
303147708,Monster Jam Rev & Roar,https://www.tesco.com/groceries/en-GB/shop/home-and-ents/all?department=Toys%20%26%20Games&viewAll=department&page=,£10.00,£10.00/each,,,/groceries/en-GB/products/303147708,https://digitalcontent.api.tesco.com/v2/media/ghs/ac902300-53ba-49e9-8490-2452c7d70fea/c88d4e52-eb72-4ae5-9dff-12f027a92255_70775709.jpeg?h=225&w=225,
286937266,Battelship Grab & Go,https://www.tesco.com/groceries/en-GB/shop/home-and-ents/all?department=Toys%20%26%20Games&viewAll=department&page=,£8.00,£8.00/each,£7.00 Clubcard Price,,/groceries/en-GB/products/286937266,https://digitalcontent.api.tesco.com/v2/media/ghs/dba0a552-b472-4e1b-a9e2-1996bbebddc8/9f046992-b16e-4400-b11f-6e752bf3d58f_435628255.jpeg?h=225&w=225,
310118353,Harry Potter Character Wand,https://www.tesco.com/groceries/en-GB/shop/home-and-ents/all?department=Toys%20%26%20Games&viewAll=department&page=,£10.00,£10.00/each,,,/groceries/en-GB/products/310118353,https://digitalcontent.api.tesco.com/v2/media/ghs/0d5b57ad-afb6-4aa0-adb8-5524c0416abf/ac512ec5-67d2-4fd8-ac12-d091f886376d_1125671573.jpeg?h=225&w=225,
306838013,Ravensburger 1000 Piece Puzzle Assorted,https://www.tesco.com/groceries/en-GB/shop/home-and-ents/all?department=Toys%20%26%20Games&viewAll=department&page=,£9.00,£9.00/each,,,/groceries/en-GB/products/306838013,https://digitalcontent.api.tesco.com/v2/media/ghs/c3a6ea7a-a3b8-4891-886d-d8f755526c32/8c32328e-de22-47fa-b45b-06823bc1d8ad_1055448092.jpeg?h=225&w=225,
311947504,Bing Soft Toy Assortment,https://www.tesco.com/groceries/en-GB/shop/home-and-ents/all?department=Toys%20%26%20Games&viewAll=department&page=,£11.00,£11.00/each,£8.80 Clubcard Price,,/groceries/en-GB/products/311947504,https://digitalcontent.api.tesco.com/v2/media/ghs/a1d14025-d2c0-4f7b-b5f5-c2c86e51e803/770c1f5a-eef5-40d0-87ac-bfc9aebbcbd4_1511968749.jpeg?h=225&w=225,
308901690,Go Play Stacking Blocks,https://www.tesco.com/groceries/en-GB/shop/home-and-ents/all?department=Toys%20%26%20Games&viewAll=department&page=,£8.00,£8.00/each,,,/groceries/en-GB/products/308901690,https://digitalcontent.api.tesco.com/v2/media/ghs/afc184c9-b7fc-4e0f-ad7c-473d77b79f0f/f0c6741e-3224-40a0-b915-3ee92a31dc73_406024468.jpeg?h=225&w=225,
310181529,Minnie Mouse Fashion Doll Assortment,https://www.tesco.com/groceries/en-GB/shop/home-and-ents/all?department=Toys%20%26%20Games&viewAll=department&page=,£13.00,£13.00/each,,,/groceries/en-GB/products/310181529,https://digitalcontent.api.tesco.com/v2/media/ghs/e2d07326-1ef4-4c4e-a388-a799a46f2c4c/93c88e81-6659-44bd-9326-c998bedca68e_1033577139.jpeg?h=225&w=225,
310104058,Misfittens Plush Assortment,https://www.tesco.com/groceries/en-GB/shop/home-and-ents/all?department=Toys%20%26%20Games&viewAll=department&page=,£12.00,£12.00/each,,,/groceries/en-GB/products/310104058,https://digitalcontent.api.tesco.com/v2/media/ghs/74084678-c09f-4079-9d5a-eeacce933bc6/1dfde50d-aab7-409b-835e-2c3080170cf6_932438327.jpeg?h=225&w=225,
309909081,Bluey Plush,https://www.tesco.com/groceries/en-GB/shop/home-and-ents/all?department=Toys%20%26%20Games&viewAll=department&page=,£9.00,£9.00/each,,,/groceries/en-GB/products/309909081,https://digitalcontent.api.tesco.com/v2/media/ghs/af487aa1-4b39-4a47-b90f-020a0dc28ab2/4696a907-16db-49c2-af41-4a2e3e273e91_1245393519.jpeg?h=225&w=225,
273043024,Munchkin Learn Letters And Numbers,https://www.tesco.com/groceries/en-GB/shop/home-and-ents/all?department=Toys%20%26%20Games&viewAll=department&page=,£7.00,£0.20/each,,,/groceries/en-GB/products/273043024,https://digitalcontent.api.tesco.com/v2/media/ghs/31e3e8d7-743e-49e7-be42-edf8320984d6/e0608aee-e957-4066-bb88-83772592239c_935463984.jpeg?h=225&w=225,
310456021,Robo Alive Dino Fossil Find Egg,https://www.tesco.com/groceries/en-GB/shop/home-and-ents/all?department=Toys%20%26%20Games&viewAll=department&page=,£15.00,£15.00/each,,,/groceries/en-GB/products/310456021,https://digitalcontent.api.tesco.com/v2/media/ghs/00066024-b43c-4380-97bf-5f2e2ad781eb/527747af-7538-43a7-b24d-b7ea98eeb05e_1427896229.jpeg?h=225&w=225,
297597086,Bright Starts Giggables,https://www.tesco.com/groceries/en-GB/shop/home-and-ents/all?department=Toys%20%26%20Games&viewAll=department&page=,£6.00,£6.00/each,,,/groceries/en-GB/products/297597086,https://digitalcontent.api.tesco.com/v2/media/ghs/8dfad36d-0fa1-42cf-92e1-7d4e48834b86/38bb1cf3-772f-48c1-8ce3-8b24cb47c8c0_188751363.jpeg?h=225&w=225,
311432825,My Fairy Garden Well Of Wishes,https://www.tesco.com/groceries/en-GB/shop/home-and-ents/all?department=Toys%20%26%20Games&viewAll=department&page=,£15.00,£15.00/each,,,/groceries/en-GB/products/311432825,https://digitalcontent.api.tesco.com/v2/media/ghs/ca787be9-d30d-4f73-a079-4455585f03d2/66d2ffc7-9197-4ad3-8bac-e92ef62733b7_562331144.jpeg?h=225&w=225,
311441667,Paw Patrol Rescue Vehicle Rex,https://www.tesco.com/groceries/en-GB/shop/home-and-ents/all?department=Toys%20%26%20Games&viewAll=department&page=,£12.00,£12.00/each,,,/groceries/en-GB/products/311441667,https://digitalcontent.api.tesco.com/v2/media/ghs/1b874270-6e1c-47fe-8880-97a4a4e83de3/a0232a66-1b32-484b-abdf-5b3474199439_1103154852.jpeg?h=225&w=225,
304328983,Vtech Switch And Go Dino Assorted,https://www.tesco.com/groceries/en-GB/shop/home-and-ents/all?department=Toys%20%26%20Games&viewAll=department&page=,£11.00,£11.00/each,,,/groceries/en-GB/products/304328983,https://digitalcontent.api.tesco.com/v2/media/ghs/9e1cf0bf-0134-4ba5-841c-05b5031dbd90/b4b38128-9cba-48ac-9328-1f321f320b7e_508685122.jpeg?h=225&w=225,
309653854,Marvel Plush,https://www.tesco.com/groceries/en-GB/shop/home-and-ents/all?department=Toys%20%26%20Games&viewAll=department&page=,£13.00,£13.00/each,,,/groceries/en-GB/products/309653854,https://digitalcontent.api.tesco.com/v2/media/ghs/81cd1b5e-5a11-4b1b-93a2-2276f0d4654d/eac9ccf7-acb6-47b8-8c50-70e298980c8e_1205940372.jpeg?h=225&w=225,
272180277,Barbie Fashionista Assorted,https://www.tesco.com/groceries/en-GB/shop/home-and-ents/all?department=Toys%20%26%20Games&viewAll=department&page=,£14.00,£14.00/each,,,/groceries/en-GB/products/272180277,https://digitalcontent.api.tesco.com/v2/media/ghs/14e31c28-bd76-4e52-8a2a-0a9b1ca9ddb5/84da096b-82ae-4e09-ad3b-731993e98323_1061328923.jpeg?h=225&w=225,
305025078,Dino Strike 5 Surprise,https://www.tesco.com/groceries/en-GB/shop/home-and-ents/all?department=Toys%20%26%20Games&viewAll=department&page=,£6.50,£6.50/each,,,/groceries/en-GB/products/305025078,https://digitalcontent.api.tesco.com/v2/media/ghs/c7c30541-0ec4-41bf-9598-35f493f543bb/e58b68c6-d0cf-47bd-ab0c-d883a8fdd302_1226656584.jpeg?h=225&w=225,
310686819,Glamore Dolls Assorted,https://www.tesco.com/groceries/en-GB/shop/home-and-ents/all?department=Toys%20%26%20Games&viewAll=department&page=,£10.00,£10.00/each,,,/groceries/en-GB/products/310686819,https://digitalcontent.api.tesco.com/v2/media/ghs/70eba1d8-0f2a-45e2-bb14-1eb4d768c10f/e7c51c7e-5a00-4780-abb4-7d0c69deaf10_1157311970.jpeg?h=225&w=225,
311804098,Gabbys Dollhouse Cat-Tivity Pack Assorted,https://www.tesco.com/groceries/en-GB/shop/home-and-ents/all?department=Toys%20%26%20Games&viewAll=department&page=,£12.00,£12.00/each,,,/groceries/en-GB/products/311804098,https://digitalcontent.api.tesco.com/v2/media/ghs/1e94169f-7b32-404c-b967-c9b1042723b7/adffe47b-3660-498f-b9fd-f846c3cfe9e8_1962309321.jpeg?h=225&w=225,
311705503,Robo Alive Robo Fish,https://www.tesco.com/groceries/en-GB/shop/home-and-ents/all?department=Toys%20%26%20Games&viewAll=department&page=,£8.00,£8.00/each,,,/groceries/en-GB/products/311705503,https://digitalcontent.api.tesco.com/v2/media/ghs/7669523d-c8f5-4168-8567-cbb33422599c/610e3551-9b48-4dff-886e-79b09caaf7ef_1009144782.jpeg?h=225&w=225,
310660167,Real Littles Journal,https://www.tesco.com/groceries/en-GB/shop/home-and-ents/all?department=Toys%20%26%20Games&viewAll=department&page=,£9.00,£9.00/each,,,/groceries/en-GB/products/310660167,https://digitalcontent.api.tesco.com/v2/media/ghs/5b67fd27-f723-449c-b521-47e18f82c2bf/e56d31d1-653f-4f37-8fa0-0c1d4b70189b_978980011.jpeg?h=225&w=225,
309442735,Jiggly Pets Pup,https://www.tesco.com/groceries/en-GB/shop/home-and-ents/all?department=Toys%20%26%20Games&viewAll=department&page=,£12.00,£12.00/each,£9.50 Clubcard Price,,/groceries/en-GB/products/309442735,https://digitalcontent.api.tesco.com/v2/media/ghs/eff59e5f-6d2d-4c67-9044-aeb353fd37ea/1005c459-c9a0-43e2-818c-04283246fc6f_1457927990.jpeg?h=225&w=225,
310170076,My Little Pony Crystal Adventure Assorted,https://www.tesco.com/groceries/en-GB/shop/home-and-ents/all?department=Toys%20%26%20Games&viewAll=department&page=,£9.00,£9.00/each,,,/groceries/en-GB/products/310170076,https://digitalcontent.api.tesco.com/v2/media/ghs/0ae42254-fae9-4106-ba47-65b8b2e11ae3/701fd428-8e25-4bc8-b0fe-c9754f2395f5_1225036833.jpeg?h=225&w=225,
303294775,Monopoly Deal Card Game,https://www.tesco.com/groceries/en-GB/shop/home-and-ents/all?department=Toys%20%26%20Games&viewAll=department&page=,£6.00,£6.00/each,,,/groceries/en-GB/products/303294775,https://digitalcontent.api.tesco.com/v2/media/ghs/2832f9e8-0ee9-4c9a-9e03-88a3d2b7cd9a/decd7c7a-24cb-4972-8459-db23f3ff7efc_952656559.jpeg?h=225&w=225,
274571779,Ravensburger 4 In A Box Assorted,https://www.tesco.com/groceries/en-GB/shop/home-and-ents/all?department=Toys%20%26%20Games&viewAll=department&page=,£6.00,£6.00/each,,,/groceries/en-GB/products/274571779,https://digitalcontent.api.tesco.com/v2/media/ghs/52673cd4-0213-475e-a608-ef12def2f88e/4de04c49-c09e-4572-ab96-74dd1cc62836_1139758061.jpeg?h=225&w=225,
308203715,LEGO Minecraft The Coral Reef Building Set 21164,https://www.tesco.com/groceries/en-GB/shop/home-and-ents/all?department=Toys%20%26%20Games&viewAll=department&page=,£9.00,£9.00/each,,,/groceries/en-GB/products/308203715,https://digitalcontent.api.tesco.com/v2/media/ghs/120ba82e-9000-4a1e-a1e6-7a058ed4dee0/b9d02084-61fd-4a4d-8959-65adc3c0b0c0_1690591458.jpeg?h=225&w=225,
310661526,Lego Creator Dolphin & Turtle 31128,https://www.tesco.com/groceries/en-GB/shop/home-and-ents/all?department=Toys%20%26%20Games&viewAll=department&page=,£9.00,£9.00/each,,,/groceries/en-GB/products/310661526,https://digitalcontent.api.tesco.com/v2/media/ghs/001e673a-3c42-4d94-a9e3-15d6f5d3aded/6a96ba69-3d3f-4810-8aa2-42e4fb620d1a_1156717927.jpeg?h=225&w=225,
310149949,Lego Star Wars Razor Crest Mfighter 75321,https://www.tesco.com/groceries/en-GB/shop/home-and-ents/all?department=Toys%20%26%20Games&viewAll=department&page=,£9.00,£9.00/each,,,/groceries/en-GB/products/310149949,https://digitalcontent.api.tesco.com/v2/media/ghs/e4f38fcf-be9b-40e7-943a-1eb2935112ef/a8a9a756-6934-40ce-b0ea-f47c3c09df3e_228737425.jpeg?h=225&w=225,
274572922,Licensed Mini Memory Game,https://www.tesco.com/groceries/en-GB/shop/home-and-ents/all?department=Toys%20%26%20Games&viewAll=department&page=,£5.00,£5.00/each,,,/groceries/en-GB/products/274572922,https://digitalcontent.api.tesco.com/v2/media/ghs/09f32c43-4af9-41b5-a28d-b9e46b6162d7/c90ea2f7-50c3-48b1-a4d5-7a81dc82cba6_1039205896.jpeg?h=225&w=225,
308901603,Go Play Activity Giraffe,https://www.tesco.com/groceries/en-GB/shop/home-and-ents/all?department=Toys%20%26%20Games&viewAll=department&page=,£4.00,£4.00/each,,,/groceries/en-GB/products/308901603,https://digitalcontent.api.tesco.com/v2/media/ghs/f4ba1ae4-092b-49e1-a64f-9a2f0b665a24/4a4b4769-72aa-4dc7-ac98-05cf22006217_1666292129.jpeg?h=225&w=225,
309543996,3 Inch Harry Potter Doll,https://www.tesco.com/groceries/en-GB/shop/home-and-ents/all?department=Toys%20%26%20Games&viewAll=department&page=,£5.00,£5.00/each,,,/groceries/en-GB/products/309543996,https://digitalcontent.api.tesco.com/v2/media/ghs/4fbe3e6f-7221-4676-b5c2-fae16a4d7a23/0c82ff69-16c6-4aa9-a48a-815549cf0323_1618602506.jpeg?h=225&w=225,
308195084,Peppa Pig Collectable Soft Toys,https://www.tesco.com/groceries/en-GB/shop/home-and-ents/all?department=Toys%20%26%20Games&viewAll=department&page=,£7.00,£7.00/each,£5.60 Clubcard Price,,/groceries/en-GB/products/308195084,https://digitalcontent.api.tesco.com/v2/media/ghs/b884e279-273c-403b-b210-a7f808c9ec45/b5f14561-3fe4-49af-9453-7f89b116e890_1892686586.jpeg?h=225&w=225,
310689085,Lego Star Wars Bobba Fetts Starship 75312,https://www.tesco.com/groceries/en-GB/shop/home-and-ents/all?department=Toys%20%26%20Games&viewAll=department&page=,£45.00,£45.00/each,,,/groceries/en-GB/products/310689085,https://digitalcontent.api.tesco.com/v2/media/ghs/465a9905-8bb9-4e98-9f90-cf619056f8ba/66ad427c-c15d-40a0-b543-a750ffd5efb7_1312962703.jpeg?h=225&w=225,
310681773,Lego City Police Command Truck 60315,https://www.tesco.com/groceries/en-GB/shop/home-and-ents/all?department=Toys%20%26%20Games&viewAll=department&page=,£40.00,£40.00/each,,,/groceries/en-GB/products/310681773,https://digitalcontent.api.tesco.com/v2/media/ghs/b9a10d69-3504-442c-90a0-799fe709d84f/e12f8b73-ba45-4192-be9a-68a993a157cd_397494560.jpeg?h=225&w=225,
293714646,Soggy Doggy,https://www.tesco.com/groceries/en-GB/shop/home-and-ents/all?department=Toys%20%26%20Games&viewAll=department&page=,£25.00,£25.00/each,,,/groceries/en-GB/products/293714646,https://digitalcontent.api.tesco.com/v2/media/ghs/709d523d-80ce-4ac4-ab82-4613646dd1b0/snapshotimagehandler_1865292386.jpeg?h=225&w=225,
307869867,Teamsterz Monster Moverz Dino Escape,https://www.tesco.com/groceries/en-GB/shop/home-and-ents/all?department=Toys%20%26%20Games&viewAll=department&page=,£22.00,£22.00/each,,,/groceries/en-GB/products/307869867,https://digitalcontent.api.tesco.com/v2/media/ghs/3812dd5d-5da8-45e3-affe-93170491f8f9/95a32de3-9a8d-4f97-86e6-063d921aec68_1016837530.jpeg?h=225&w=225,
310227293,Fast And Furious Metals 1/24 Assorted,https://www.tesco.com/groceries/en-GB/shop/home-and-ents/all?department=Toys%20%26%20Games&viewAll=department&page=,£22.00,£22.00/each,,New,/groceries/en-GB/products/310227293,https://digitalcontent.api.tesco.com/v2/media/ghs/ddbe301c-ae67-4168-813b-51d5cffb85cc/5764bb3b-057f-4210-b0d5-8e7d0cd7fd68_678383999.jpeg?h=225&w=225,
309319208,Lego Stunt Park 60293,https://www.tesco.com/groceries/en-GB/shop/home-and-ents/all?department=Toys%20%26%20Games&viewAll=department&page=,£25.00,£25.00/each,,,/groceries/en-GB/products/309319208,https://digitalcontent.api.tesco.com/v2/media/ghs/14359149-f5cb-4d61-bed8-dd9b80adaadc/f997ad83-492c-4b23-933c-f278a96dc007_1509216264.jpeg?h=225&w=225,
307109351,LEGO Star Wars 501st Legion Clone Troopers 75280,https://www.tesco.com/groceries/en-GB/shop/home-and-ents/all?department=Toys%20%26%20Games&viewAll=department&page=,£25.00,£25.00/each,,,/groceries/en-GB/products/307109351,https://digitalcontent.api.tesco.com/v2/media/ghs/09ec02ff-cdef-44ef-8356-b1d4be3fa0ba/583d9233-97ce-40f8-bc97-2de69de28a7c_2038430690.jpeg?h=225&w=225,
302618954,Clementoni Soft Blocks 24 Bag,https://www.tesco.com/groceries/en-GB/shop/home-and-ents/all?department=Toys%20%26%20Games&viewAll=department&page=,£15.00,£0.62/each,£12.00 Clubcard Price,,/groceries/en-GB/products/302618954,https://digitalcontent.api.tesco.com/v2/media/ghs/c6a40732-aca2-4aae-8a5a-08bf9868ed4f/f65b2ee8-6c56-409f-a730-b77d80c2ccb3_1784484337.jpeg?h=225&w=225,
303746155,Matchbox 9 Pack,https://www.tesco.com/groceries/en-GB/shop/home-and-ents/all?department=Toys%20%26%20Games&viewAll=department&page=,£12.00,£1.34/each,,,/groceries/en-GB/products/303746155,https://digitalcontent.api.tesco.com/v2/media/ghs/8aaaf86d-78fa-42ef-b0ed-31cff34ab0c0/98e16bd2-d42e-4407-b558-08d7c1ae1ce0_1456461588.jpeg?h=225&w=225,
310684931,Lego Super Heroes Embargo 76207,https://www.tesco.com/groceries/en-GB/shop/home-and-ents/all?department=Toys%20%26%20Games&viewAll=department&page=,£18.00,£18.00/each,,,/groceries/en-GB/products/310684931,https://digitalcontent.api.tesco.com/v2/media/ghs/0e7e556e-a7db-44eb-a6d2-ca2c2fa29ae8/287d721e-cb22-4ff4-b4dc-f0e352408afd_1214468791.jpeg?h=225&w=225,
311958330,Lego Lego Classic Ocean Fun 11018,https://www.tesco.com/groceries/en-GB/shop/home-and-ents/all?department=Toys%20%26%20Games&viewAll=department&page=,£18.00,£18.00/each,,,/groceries/en-GB/products/311958330,https://digitalcontent.api.tesco.com/v2/media/ghs/988d6514-f411-4822-9d13-042d27249fff/cee780a1-1e9d-41d7-b75f-4ae293ef3740_1774939063.jpeg?h=225&w=225,
309642988,Lego Star Wars 75310,https://www.tesco.com/groceries/en-GB/shop/home-and-ents/all?department=Toys%20%26%20Games&viewAll=department&page=,£18.00,£18.00/each,,,/groceries/en-GB/products/309642988,https://digitalcontent.api.tesco.com/v2/media/ghs/531f5767-ae23-4b8c-891f-2792a744c35e/e73339e3-a2d3-4c2b-be18-faef41a7075d_317650832.jpeg?h=225&w=225,
310171069,Cocomelon 20Cm Plush Assortment,https://www.tesco.com/groceries/en-GB/shop/home-and-ents/all?department=Toys%20%26%20Games&viewAll=department&page=,£13.00,£13.00/each,,,/groceries/en-GB/products/310171069,https://digitalcontent.api.tesco.com/v2/media/ghs/fa0d169e-f2dc-4923-85d4-06661da55cd6/172f6a19-fbaf-4b48-88b7-e6e94468b10a_583997933.jpeg?h=225&w=225,
308203560,LEGO City Holiday Camper Van Toy Car 60283,https://www.tesco.com/groceries/en-GB/shop/home-and-ents/all?department=Toys%20%26%20Games&viewAll=department&page=,£18.00,£18.00/each,,,/groceries/en-GB/products/308203560,https://digitalcontent.api.tesco.com/v2/media/ghs/5861f696-1928-4509-958c-38432a282c7a/0bfe30cf-7a99-4e58-9015-ca57223395ff_1805753246.jpeg?h=225&w=225,
308003422,Glitzeez Styling Head,https://www.tesco.com/groceries/en-GB/shop/home-and-ents/all?department=Toys%20%26%20Games&viewAll=department&page=,£10.00,£10.00/each,,,/groceries/en-GB/products/308003422,https://digitalcontent.api.tesco.com/v2/media/ghs/e16c8174-f02f-4e6e-8fd7-99205c04753b/e423641e-bdbf-40cb-8e4f-0bc77a3bcd68_443576068.jpeg?h=225&w=225,
308901718,Go Play Sensory Spiral,https://www.tesco.com/groceries/en-GB/shop/home-and-ents/all?department=Toys%20%26%20Games&viewAll=department&page=,£9.00,£9.00/each,,,/groceries/en-GB/products/308901718,https://digitalcontent.api.tesco.com/v2/media/ghs/65d22b95-d892-4a5d-931f-59230a9a9d1d/d8f7e2fd-fb71-4945-a780-307745cf0533_1689920922.jpeg?h=225&w=225,
297103931,Standing Dogs With Leads,https://www.tesco.com/groceries/en-GB/shop/home-and-ents/all?department=Toys%20%26%20Games&viewAll=department&page=,£12.00,£12.00/each,,,/groceries/en-GB/products/297103931,https://digitalcontent.api.tesco.com/v2/media/ghs/1324b836-8fbb-4e16-8bb2-cdbe49038543/c916480e-5249-41ff-bdc3-f9145327d800_2063280525.jpeg?h=225&w=225,
286937272,Connect 4 Grab & Go,https://www.tesco.com/groceries/en-GB/shop/home-and-ents/all?department=Toys%20%26%20Games&viewAll=department&page=,£8.00,£8.00/each,£7.00 Clubcard Price,,/groceries/en-GB/products/286937272,https://digitalcontent.api.tesco.com/v2/media/ghs/aeb089f4-6232-4f52-8e67-af83885b724d/611aeb71-1867-4b59-adfd-e871c2a9c793_658864089.jpeg?h=225&w=225,
308152792,Hey Duggee Flip Phone,https://www.tesco.com/groceries/en-GB/shop/home-and-ents/all?department=Toys%20%26%20Games&viewAll=department&page=,£11.00,£11.00/each,,,/groceries/en-GB/products/308152792,https://digitalcontent.api.tesco.com/v2/media/ghs/f8051779-2338-4477-8dd8-cba56d1f0ec0/76363024-b167-47a2-990e-d89163a6b08d_442393745.jpeg?h=225&w=225,
304263822,Fab Lab Assorted,https://www.tesco.com/groceries/en-GB/shop/home-and-ents/all?department=Toys%20%26%20Games&viewAll=department&page=,£11.00,£11.00/each,,,/groceries/en-GB/products/304263822,https://digitalcontent.api.tesco.com/v2/media/ghs/8df458b8-14f5-40fe-983a-e6a4b366a137/d6ea18fe-5d0b-438a-a6b5-6880821dc09a_1004578540.jpeg?h=225&w=225,
311946655,Lego Friends 41712 Recycling Truck,https://www.tesco.com/groceries/en-GB/shop/home-and-ents/all?department=Toys%20%26%20Games&viewAll=department&page=,£18.00,£18.00/each,,,/groceries/en-GB/products/311946655,https://digitalcontent.api.tesco.com/v2/media/ghs/9d61f26e-9bfd-43e8-a624-96cdbde42a08/d4eab0e8-e341-44e2-a39d-88a349f912c7_1131835673.jpeg?h=225&w=225,
271388154,Dobble Card Game,https://www.tesco.com/groceries/en-GB/shop/home-and-ents/all?department=Toys%20%26%20Games&viewAll=department&page=,£13.00,£13.00/each,,,/groceries/en-GB/products/271388154,https://digitalcontent.api.tesco.com/v2/media/ghs/b40cd2d9-f6fb-458b-b2aa-ec627719e619/a2aa99c9-5bd7-4e08-aba6-ba9bf527bc62_1747025351.jpeg?h=225&w=225,
311805828,Cutetitos Unicornitos,https://www.tesco.com/groceries/en-GB/shop/home-and-ents/all?department=Toys%20%26%20Games&viewAll=department&page=,£10.00,£10.00/each,,,/groceries/en-GB/products/311805828,https://digitalcontent.api.tesco.com/v2/media/ghs/982db1f8-93fa-4884-b7c7-9f1fcb25586b/244e2567-331b-43ef-928e-c576362086dd_2000357922.jpeg?h=225&w=225,
310180225,Lego Super Heroes Embargo 76179,https://www.tesco.com/groceries/en-GB/shop/home-and-ents/all?department=Toys%20%26%20Games&viewAll=department&page=,£13.00,£13.00/each,,,/groceries/en-GB/products/310180225,https://digitalcontent.api.tesco.com/v2/media/ghs/fe25f8ce-bb53-420b-9250-23ce841f33a3/fc06842e-38b1-4763-8636-20aa310c8536_999290809.jpeg?h=225&w=225,
306578464,Smashers Medium Surprise Egg,https://www.tesco.com/groceries/en-GB/shop/home-and-ents/all?department=Toys%20%26%20Games&viewAll=department&page=,£11.00,£11.00/each,,,/groceries/en-GB/products/306578464,https://digitalcontent.api.tesco.com/v2/media/ghs/eba3e5b2-fa94-44aa-8c52-532632bff863/97b92d7f-72fa-4a67-90be-dec4e9e06642_1447546185.jpeg?h=225&w=225,
311696307,Rainbocorns Kittycorn Surprise,https://www.tesco.com/groceries/en-GB/shop/home-and-ents/all?department=Toys%20%26%20Games&viewAll=department&page=,£11.00,£11.00/each,,,/groceries/en-GB/products/311696307,https://digitalcontent.api.tesco.com/v2/media/ghs/8238d919-f9fb-4e3a-a5be-cbb306c80d98/e7035eb8-8a07-4f13-920b-ab1622f8f1ea_501005894.jpeg?h=225&w=225,
312135801,Hot Wheels Motor Makers 2 Pack Kitz,https://www.tesco.com/groceries/en-GB/shop/home-and-ents/all?department=Toys%20%26%20Games&viewAll=department&page=,£8.00,£4.00/each,,,/groceries/en-GB/products/312135801,https://digitalcontent.api.tesco.com/v2/media/ghs/d50dfd34-2f25-47c6-8cc6-79a098080f7e/220620bf-71c1-4a3c-b533-bce3e55369b4_972444504.jpeg?h=225&w=225,
308124503,Kinetic Sand Rainbow Mix Set,https://www.tesco.com/groceries/en-GB/shop/home-and-ents/all?department=Toys%20%26%20Games&viewAll=department&page=,£10.00,£10.00/each,,,/groceries/en-GB/products/308124503,https://digitalcontent.api.tesco.com/v2/media/ghs/ff661829-3f9b-443b-9329-4f72cf54c588/af90c92d-35c0-49b6-9e53-fc8bb880edd7_269930795.jpeg?h=225&w=225,
309796569,Harry Potter 8 Dolls,https://www.tesco.com/groceries/en-GB/shop/home-and-ents/all?department=Toys%20%26%20Games&viewAll=department&page=,£12.00,£12.00/each,,,/groceries/en-GB/products/309796569,https://digitalcontent.api.tesco.com/v2/media/ghs/72292422-8cb4-443d-9bc7-4447ab86a90f/75cf384c-9a9f-4b36-9c63-90dd4e3d7f50_632569607.jpeg?h=225&w=225,
296041481,Disney Princess 6Inch Toddler Princess,https://www.tesco.com/groceries/en-GB/shop/home-and-ents/all?department=Toys%20%26%20Games&viewAll=department&page=,£10.00,£10.00/each,,,/groceries/en-GB/products/296041481,https://digitalcontent.api.tesco.com/v2/media/ghs/e9c45c7a-1167-4704-9606-9aaad7455cce/e69c74f4-66a6-48d3-bd57-0f779fd2e51f_1166000392.jpeg?h=225&w=225,
308245567,Goojitzu Dc,https://www.tesco.com/groceries/en-GB/shop/home-and-ents/all?department=Toys%20%26%20Games&viewAll=department&page=,£14.00,£14.00/each,£11.00 Clubcard Price,,/groceries/en-GB/products/308245567,https://digitalcontent.api.tesco.com/v2/media/ghs/2b2ff028-a865-4d55-9029-d98c71b6a8e1/abd3b440-e150-497a-9420-0635799e4508_1309834202.jpeg?h=225&w=225,
308901649,Go Play Chomper Teethers,https://www.tesco.com/groceries/en-GB/shop/home-and-ents/all?department=Toys%20%26%20Games&viewAll=department&page=,£3.50,£3.50/each,,,/groceries/en-GB/products/308901649,https://digitalcontent.api.tesco.com/v2/media/ghs/9c1f0790-0296-4ac6-bfb9-d975a518791e/f2ba2430-a506-4ad5-8360-67b88abad0de_1847702258.jpeg?h=225&w=225,
265466365,Barbie Core Doll,https://www.tesco.com/groceries/en-GB/shop/home-and-ents/all?department=Toys%20%26%20Games&viewAll=department&page=,£8.50,£8.50/each,,,/groceries/en-GB/products/265466365,https://digitalcontent.api.tesco.com/v2/media/ghs/8ef3b6f3-6899-4673-b04d-87b7f7843876/ae26f675-dd30-439a-9b79-a14a0b3a7b43_1187722173.jpeg?h=225&w=225,
308901534,Go Play Storytime Book,https://www.tesco.com/groceries/en-GB/shop/home-and-ents/all?department=Toys%20%26%20Games&viewAll=department&page=,£5.00,£5.00/each,,,/groceries/en-GB/products/308901534,https://digitalcontent.api.tesco.com/v2/media/ghs/1018eb1a-9138-46e3-845a-3d6a11ad2ef9/cc610bde-8d9b-46f8-aaa4-92d2b40fbe35_920382939.jpeg?h=225&w=225,
288351872,Paw Patrol Vehicle With Pup,https://www.tesco.com/groceries/en-GB/shop/home-and-ents/all?department=Toys%20%26%20Games&viewAll=department&page=,£12.00,£12.00/each,,,/groceries/en-GB/products/288351872,https://digitalcontent.api.tesco.com/v2/media/ghs/47340b0e-d890-4c69-9f72-b32246635a62/ede90954-3298-42b7-9c92-bb9f4db315d7_1928832714.jpeg?h=225&w=225,
308028099,Maker Kitz Harry Potter Hogwarts,https://www.tesco.com/groceries/en-GB/shop/home-and-ents/all?department=Toys%20%26%20Games&viewAll=department&page=,£13.00,£13.00/each,,,/groceries/en-GB/products/308028099,https://digitalcontent.api.tesco.com/v2/media/ghs/22c4f42e-54cd-4d52-bb13-78e366f35276/d526e4c7-138e-4264-8278-a47c9f9bdf69_1507637851.jpeg?h=225&w=225,
310131906,Lol Surprise Minis Assortment,https://www.tesco.com/groceries/en-GB/shop/home-and-ents/all?department=Toys%20%26%20Games&viewAll=department&page=,£7.00,£7.00/each,,,/groceries/en-GB/products/310131906,https://digitalcontent.api.tesco.com/v2/media/ghs/91cfbef7-9aa8-4b1d-801e-dc524177edc0/e776b725-b76d-433b-8b05-682dc771ca85_1325004443.jpeg?h=225&w=225,
308393477,Kindi Kids Minis Doll,https://www.tesco.com/groceries/en-GB/shop/home-and-ents/all?department=Toys%20%26%20Games&viewAll=department&page=,£6.00,£6.00/each,,,/groceries/en-GB/products/308393477,https://digitalcontent.api.tesco.com/v2/media/ghs/79fedab0-9fc5-4aef-970e-7b773c787ed6/507bb4ec-5a6c-4e82-86e2-627875ae7933_1765139682.jpeg?h=225&w=225,
311650175,Glitzeez Glitzeez Pets,https://www.tesco.com/groceries/en-GB/shop/home-and-ents/all?department=Toys%20%26%20Games&viewAll=department&page=,£6.00,£6.00/each,,,/groceries/en-GB/products/311650175,https://digitalcontent.api.tesco.com/v2/media/ghs/8b5d8a59-5680-4e98-b680-667b94708a25/a3ba0ff0-d2d1-4900-a119-b082b7dd10a2_1827581648.jpeg?h=225&w=225,
305518048,Dc Batman 12 Inch Assorted,https://www.tesco.com/groceries/en-GB/shop/home-and-ents/all?department=Toys%20%26%20Games&viewAll=department&page=,£12.00,£12.00/each,,,/groceries/en-GB/products/305518048,https://digitalcontent.api.tesco.com/v2/media/ghs/880dea6c-3063-44ef-a632-c0f80da08ef3/4f346779-e333-45d2-a697-c755915d10e8_1034514323.jpeg?h=225&w=225,
312089999,Lego Lego Friends Stable 41696,https://www.tesco.com/groceries/en-GB/shop/home-and-ents/all?department=Toys%20%26%20Games&viewAll=department&page=,£9.00,£9.00/each,,,/groceries/en-GB/products/312089999,https://digitalcontent.api.tesco.com/v2/media/ghs/19dc58c0-bd02-43d0-9471-03b7fce888c5/9dae74fe-0e5e-41ce-8309-3db6d3caca43_1041966350.jpeg?h=225&w=225,
312343232,Star Wars Millennium Falcon,https://www.tesco.com/groceries/en-GB/shop/home-and-ents/all?department=Toys%20%26%20Games&viewAll=department&page=,£40.00,£40.00/each,,,/groceries/en-GB/products/312343232,https://digitalcontent.api.tesco.com/v2/media/ghs/11e4375b-d207-433c-9521-749093f57771/ea09b562-fbfe-4d77-9343-8be712ed954e_1818195621.jpeg?h=225&w=225,
311422054,Tomy Beat The Camera,https://www.tesco.com/groceries/en-GB/shop/home-and-ents/all?department=Toys%20%26%20Games&viewAll=department&page=,£23.00,£23.00/each,,,/groceries/en-GB/products/311422054,https://digitalcontent.api.tesco.com/v2/media/ghs/313813f4-20bf-4dc6-8aba-9f8f0ae80be0/09b778b2-792e-4a1f-a031-a5c0bbd4300c_1405352023.jpeg?h=225&w=225,
311781492,Barbie Stroller Babysitters Inc,https://www.tesco.com/groceries/en-GB/shop/home-and-ents/all?department=Toys%20%26%20Games&viewAll=department&page=,£28.00,£28.00/each,,,/groceries/en-GB/products/311781492,https://digitalcontent.api.tesco.com/v2/media/ghs/ad7c3777-0c09-4d7a-b1fd-c98ebf2f1ac6/01829df1-9555-4b6e-ad5f-d49dcadf5ab6_1978897705.jpeg?h=225&w=225,
311807740,Barbie Totally Hair Doll,https://www.tesco.com/groceries/en-GB/shop/home-and-ents/all?department=Toys%20%26%20Games&viewAll=department&page=,£27.00,£27.00/each,,,/groceries/en-GB/products/311807740,https://digitalcontent.api.tesco.com/v2/media/ghs/e6f3d1df-9aaf-41e0-b643-7dceeaa3545f/cd216062-0339-4eed-8cae-841001160493_1211074122.jpeg?h=225&w=225,
309476424,Disney Princess Singing Rapunzel,https://www.tesco.com/groceries/en-GB/shop/home-and-ents/all?department=Toys%20%26%20Games&viewAll=department&page=,£26.00,£26.00/each,,,/groceries/en-GB/products/309476424,https://digitalcontent.api.tesco.com/v2/media/ghs/62817421-bf82-4bdc-a1c5-385c49beb8d8/91ef7f6e-38a7-432f-b74b-e1251cf354f5_98228829.jpeg?h=225&w=225,
278064066,Disney Princess Rapunzel Styling Head,https://www.tesco.com/groceries/en-GB/shop/home-and-ents/all?department=Toys%20%26%20Games&viewAll=department&page=,£22.00,£22.00/each,,,/groceries/en-GB/products/278064066,https://digitalcontent.api.tesco.com/v2/media/ghs/73222172-763a-4eb4-9f18-3bba81846d75/468daac0-d094-496a-b82e-e97fa650a968_386288444.jpeg?h=225&w=225,
298388695,Science Museum Large Mechanic Set Assortment,https://www.tesco.com/groceries/en-GB/shop/home-and-ents/all?department=Toys%20%26%20Games&viewAll=department&page=,£20.00,£20.00/each,,,/groceries/en-GB/products/298388695,https://digitalcontent.api.tesco.com/v2/media/ghs/67e65d66-e576-4fbf-a035-97b589bd4c2e/01a210b0-a138-41af-8131-99f43d38bd19_1355943149.jpeg?h=225&w=225,
289140535,Bright Starts Safari Beats Drum,https://www.tesco.com/groceries/en-GB/shop/home-and-ents/all?department=Toys%20%26%20Games&viewAll=department&page=,£15.00,£15.00/each,,,/groceries/en-GB/products/289140535,https://digitalcontent.api.tesco.com/v2/media/ghs/cfab88a2-2905-4930-ab58-ee39f0ce5ece/c6ed63fe-40cc-430e-ab72-1c7f91acf82a_638255794.jpeg?h=225&w=225,
308247409,Rainbow High Junior Doll Assorted 2,https://www.tesco.com/groceries/en-GB/shop/home-and-ents/all?department=Toys%20%26%20Games&viewAll=department&page=,£25.00,£25.00/each,,,/groceries/en-GB/products/308247409,https://digitalcontent.api.tesco.com/v2/media/ghs/a9ddb3dc-784f-44af-a606-6692d6c4be98/4b7d5e7a-d78c-4c44-a997-2e11c3e693e7_1280051532.jpeg?h=225&w=225,
306971862,Cocomelon School Bus,https://www.tesco.com/groceries/en-GB/shop/home-and-ents/all?department=Toys%20%26%20Games&viewAll=department&page=,£25.00,£25.00/each,,,/groceries/en-GB/products/306971862,https://digitalcontent.api.tesco.com/v2/media/ghs/fbedfdfe-8781-46bf-a919-e88cf4682974/14c862b1-9b5c-4e3e-8f73-06641fcbe0e9_1905896132.jpeg?h=225&w=225,
309087084,Hot Wheels 9 Lights And Sounds Assorted,https://www.tesco.com/groceries/en-GB/shop/home-and-ents/all?department=Toys%20%26%20Games&viewAll=department&page=,£16.00,£16.00/each,,,/groceries/en-GB/products/309087084,https://digitalcontent.api.tesco.com/v2/media/ghs/ac172311-86f9-40b4-8ab5-ee14cd4f86ec/e4f0d6d2-b8a9-4a29-aa2f-069214ab680b_1224308269.jpeg?h=225&w=225,
301182824,Science Museum Mechanic Medium Set Assortment,https://www.tesco.com/groceries/en-GB/shop/home-and-ents/all?department=Toys%20%26%20Games&viewAll=department&page=,£15.00,£15.00/each,,,/groceries/en-GB/products/301182824,https://digitalcontent.api.tesco.com/v2/media/ghs/03e93105-af90-4e84-b1bd-00fa803f8cb3/0bfc5706-257d-42f8-b6a8-ffaa5f153b53_523874269.jpeg?h=225&w=225,
264387598,Connect 4 New,https://www.tesco.com/groceries/en-GB/shop/home-and-ents/all?department=Toys%20%26%20Games&viewAll=department&page=,£14.00,£14.00/each,,,/groceries/en-GB/products/264387598,https://digitalcontent.api.tesco.com/v2/media/ghs/d717457d-af22-44a2-988f-df6b07a27451/snapshotimagehandler_2065851827.jpeg?h=225&w=225,
304087967,Bing Huggable Talking Soft Toy,https://www.tesco.com/groceries/en-GB/shop/home-and-ents/all?department=Toys%20%26%20Games&viewAll=department&page=,£18.00,£18.00/each,£14.00 Clubcard Price,,/groceries/en-GB/products/304087967,https://digitalcontent.api.tesco.com/v2/media/ghs/4515010a-88e4-4f5a-b747-73a4f85e9f89/36dfb25d-0f4d-4817-a493-37f2c8b7e15a_1048177806.jpeg?h=225&w=225,
310664650,Cry Babies Magic Tears Storyland,https://www.tesco.com/groceries/en-GB/shop/home-and-ents/all?department=Toys%20%26%20Games&viewAll=department&page=,£15.00,£15.00/each,,,/groceries/en-GB/products/310664650,https://digitalcontent.api.tesco.com/v2/media/ghs/dc3db13d-036f-4804-8927-3a61dc2fe5e5/38a6f1a5-5358-41d0-bb35-b0b0418aa77b_1784156485.jpeg?h=225&w=225,
309087078,Hot Wheels Rc Monster Truck,https://www.tesco.com/groceries/en-GB/shop/home-and-ents/all?department=Toys%20%26%20Games&viewAll=department&page=,£15.00,£15.00/each,,,/groceries/en-GB/products/309087078,https://digitalcontent.api.tesco.com/v2/media/ghs/fce9f3f4-494b-4cc0-8dc1-f86971e6b5b2/f87baf85-7bb9-4b8f-b5f1-6b404e5ddf93_1625116389.jpeg?h=225&w=225,
276840815,Jenga,https://www.tesco.com/groceries/en-GB/shop/home-and-ents/all?department=Toys%20%26%20Games&viewAll=department&page=,£18.00,£18.00/each,,,/groceries/en-GB/products/276840815,https://digitalcontent.api.tesco.com/v2/media/ghs/8b189d4e-e530-41a9-8533-0caf491bb2ff/33a76527-1f92-4622-8a19-8a7ed05bf800_163723832.jpeg?h=225&w=225,
308232824,LEGO City Great Vehicles Tractor Toy 60287,https://www.tesco.com/groceries/en-GB/shop/home-and-ents/all?department=Toys%20%26%20Games&viewAll=department&page=,£18.00,£18.00/each,,,/groceries/en-GB/products/308232824,https://digitalcontent.api.tesco.com/v2/media/ghs/a88b74d0-6995-4e41-a583-d2dd1c16b12d/1578f0c4-5cb6-41cc-8e96-a2b75d8f9c2c_253475124.jpeg?h=225&w=225,
311705463,Dc Batman Racer Remote Control Car,https://www.tesco.com/groceries/en-GB/shop/home-and-ents/all?department=Toys%20%26%20Games&viewAll=department&page=,£13.00,£13.00/each,,,/groceries/en-GB/products/311705463,https://digitalcontent.api.tesco.com/v2/media/ghs/36c9eaf2-8b07-4eca-b6db-6dade63e9ea0/37ccf69c-ce84-4457-9b80-8c4599caf6ba_1715868228.jpeg?h=225&w=225,
311431515,Lego Speed Champions Evija 76907,https://www.tesco.com/groceries/en-GB/shop/home-and-ents/all?department=Toys%20%26%20Games&viewAll=department&page=,£20.00,£20.00/each,,,/groceries/en-GB/products/311431515,https://digitalcontent.api.tesco.com/v2/media/ghs/2291851e-9615-4fad-8b20-d6a2a88607cd/319ad00e-9ca8-4e28-a110-b3e7f38e1a15_317984450.jpeg?h=225&w=225,
309643002,Lego Forest House 41679,https://www.tesco.com/groceries/en-GB/shop/home-and-ents/all?department=Toys%20%26%20Games&viewAll=department&page=,£25.00,£25.00/each,,,/groceries/en-GB/products/309643002,https://digitalcontent.api.tesco.com/v2/media/ghs/4defce01-3101-4065-bee2-25d0ec477979/266c885c-430e-4e97-9538-dc40a201e6c3_1124851178.jpeg?h=225&w=225,
274419132,Mega Blocks Maxi Bag Classic 60Pcs,https://www.tesco.com/groceries/en-GB/shop/home-and-ents/all?department=Toys%20%26%20Games&viewAll=department&page=,£13.00,£13.00/each,,,/groceries/en-GB/products/274419132,https://digitalcontent.api.tesco.com/v2/media/ghs/c81839bc-6933-43b7-b765-7581f64e00f5/a57091f3-27fb-4208-b76f-1ccb1c2ef19f_733613041.jpeg?h=225&w=225,
309128653,Hot Wheels Colour Reveal 2 Pack,https://www.tesco.com/groceries/en-GB/shop/home-and-ents/all?department=Toys%20%26%20Games&viewAll=department&page=,£13.00,£6.50/each,,,/groceries/en-GB/products/309128653,https://digitalcontent.api.tesco.com/v2/media/ghs/396186af-2ef7-4435-a9f5-115f29159d81/5e3bb851-888f-4e14-beaf-70f48263ce61_461913540.jpeg?h=225&w=225,
312105215,Lego Harry Potter Thestrals 76400,https://www.tesco.com/groceries/en-GB/shop/home-and-ents/all?department=Toys%20%26%20Games&viewAll=department&page=,£18.00,£18.00/each,,,/groceries/en-GB/products/312105215,https://digitalcontent.api.tesco.com/v2/media/ghs/057f17ca-782e-4d60-8d11-1367d82b9b82/22b42767-cf40-466e-880e-902df2b981a0_918918529.jpeg?h=225&w=225,
310665171,Lego Minecraft Mushroom House 21179,https://www.tesco.com/groceries/en-GB/shop/home-and-ents/all?department=Toys%20%26%20Games&viewAll=department&page=,£18.00,£18.00/each,,,/groceries/en-GB/products/310665171,https://digitalcontent.api.tesco.com/v2/media/ghs/358354d7-c938-4345-97b8-0ad073f92a81/84079bb6-1f40-4968-b16d-8402a01fccd6_1244947674.jpeg?h=225&w=225,
310691692,Lego Minecraft Fox Lodge 21178,https://www.tesco.com/groceries/en-GB/shop/home-and-ents/all?department=Toys%20%26%20Games&viewAll=department&page=,£18.00,£18.00/each,,,/groceries/en-GB/products/310691692,https://digitalcontent.api.tesco.com/v2/media/ghs/8725e0ff-9975-46f8-876c-dd9ad6258f6c/d26b59f9-5183-431c-9438-d5731e643e92_1727917198.jpeg?h=225&w=225,
289582956,Paw Patrol Ryders Pup Pad,https://www.tesco.com/groceries/en-GB/shop/home-and-ents/all?department=Toys%20%26%20Games&viewAll=department&page=,£16.00,£16.00/each,,,/groceries/en-GB/products/289582956,https://digitalcontent.api.tesco.com/v2/media/ghs/94e70780-69d7-4570-94fc-62f144f34544/333597e3-35d8-4a8a-916c-50254a6e4304_1138908697.jpeg?h=225&w=225,
308953535,Go Play Precious Newborn Emmi,https://www.tesco.com/groceries/en-GB/shop/home-and-ents/all?department=Toys%20%26%20Games&viewAll=department&page=,£12.00,£12.00/each,,,/groceries/en-GB/products/308953535,https://digitalcontent.api.tesco.com/v2/media/ghs/56af60f1-a71d-4c0e-b0d5-2d30987e025b/ba8e75a0-4967-45ec-a2e5-adb8ee5dfae4_839007701.jpeg?h=225&w=225,
302633745,Leapfrog 100 Words Book,https://www.tesco.com/groceries/en-GB/shop/home-and-ents/all?department=Toys%20%26%20Games&viewAll=department&page=,£23.00,£23.00/each,£18.00 Clubcard Price,,/groceries/en-GB/products/302633745,https://digitalcontent.api.tesco.com/v2/media/ghs/cfdea211-4a43-41a2-8f79-61927eee0e87/c10333e1-4b97-470b-a39e-8b4b90ab7b9a_614631312.jpeg?h=225&w=225,
303414289,Orchard Mini Games,https://www.tesco.com/groceries/en-GB/shop/home-and-ents/all?department=Toys%20%26%20Games&viewAll=department&page=,£5.50,£5.50/each,,,/groceries/en-GB/products/303414289,https://digitalcontent.api.tesco.com/v2/media/ghs/9fba6ef5-8e84-47ff-b8ec-6f18be12c345/04c7cc96-4323-4620-9f05-77751762c9ba_632844436.jpeg?h=225&w=225,
308871891,Go Play Wooden Train Set,https://www.tesco.com/groceries/en-GB/shop/home-and-ents/all?department=Toys%20%26%20Games&viewAll=department&page=,£15.00,£15.00/each,,,/groceries/en-GB/products/308871891,https://digitalcontent.api.tesco.com/v2/media/ghs/3cf169b2-1d97-460a-99d7-468a4737c390/1db21c14-06e2-4590-a358-20c4082d746f_898608771.jpeg?h=225&w=225,
308299629,Playdoh Peppa Pig,https://www.tesco.com/groceries/en-GB/shop/home-and-ents/all?department=Toys%20%26%20Games&viewAll=department&page=,£15.00,£15.00/each,,,/groceries/en-GB/products/308299629,https://digitalcontent.api.tesco.com/v2/media/ghs/d747bd1b-86b0-422e-a33e-64c910951ef6/6947379a-81be-4173-98ca-5596d6e18ef1_1114265457.jpeg?h=225&w=225,
310674079,Miraculous Ladybug Dress Up Set,https://www.tesco.com/groceries/en-GB/shop/home-and-ents/all?department=Toys%20%26%20Games&viewAll=department&page=,£18.00,£18.00/each,,,/groceries/en-GB/products/310674079,https://digitalcontent.api.tesco.com/v2/media/ghs/56a2b292-e2ce-4e3e-94c5-caa94f51293d/6d739c95-d364-493d-982e-92aab0764ef1_1275657269.jpeg?h=225&w=225,
311789950,Jurassic World Dominion Dino Pack Assortment,https://www.tesco.com/groceries/en-GB/shop/home-and-ents/all?department=Toys%20%26%20Games&viewAll=department&page=,£12.00,£12.00/each,£9.60 Clubcard Price,,/groceries/en-GB/products/311789950,https://digitalcontent.api.tesco.com/v2/media/ghs/105bbc46-0bb0-43c1-8a36-01f96fd5f4fe/321fae85-194e-4008-a15f-9a9434a7b8b6_21699241.jpeg?h=225&w=225,
306869483,X Shot 36 Dart Refill Pack,https://www.tesco.com/groceries/en-GB/shop/home-and-ents/all?department=Toys%20%26%20Games&viewAll=department&page=,£5.00,£5.00/each,,,/groceries/en-GB/products/306869483,https://digitalcontent.api.tesco.com/v2/media/ghs/8839f8a0-0c68-4681-b55e-7fab5a510161/fa58af5d-b53e-4183-a2cb-b074e5e039f9_1169201920.jpeg?h=225&w=225,
311237397,5 Surprise Monster Trucks Monster Trucks,https://www.tesco.com/groceries/en-GB/shop/home-and-ents/all?department=Toys%20%26%20Games&viewAll=department&page=,£6.50,£6.50/each,,,/groceries/en-GB/products/311237397,https://digitalcontent.api.tesco.com/v2/media/ghs/9dc542e6-582f-4dc6-a79c-b54a55336a6f/7edefc9f-2d66-4601-8f27-80ba0a272960_1698654975.jpeg?h=225&w=225,
293429961,Sing Along Microphone Refresh,https://www.tesco.com/groceries/en-GB/shop/home-and-ents/all?department=Toys%20%26%20Games&viewAll=department&page=,£14.00,£14.00/each,,,/groceries/en-GB/products/293429961,https://digitalcontent.api.tesco.com/v2/media/ghs/fc5f9d56-b9fb-4a2c-a9e3-7fe48d0d0989/a0a6cf42-38e0-4dbd-8f4c-e300a9ccda6f_580724254.jpeg?h=225&w=225,
312109891,Lego Lego Friends Boutique 41719,https://www.tesco.com/groceries/en-GB/shop/home-and-ents/all?department=Toys%20%26%20Games&viewAll=department&page=,£9.00,£9.00/each,,,/groceries/en-GB/products/312109891,https://digitalcontent.api.tesco.com/v2/media/ghs/6edb1572-d162-48ec-8221-64e1c5ba82ff/90200fd3-362f-4a6c-b6d5-d6fbbbcf1343_547389602.jpeg?h=225&w=225,
308901505,Go Play My First Vehicle,https://www.tesco.com/groceries/en-GB/shop/home-and-ents/all?department=Toys%20%26%20Games&viewAll=department&page=,£3.50,£3.50/each,,,/groceries/en-GB/products/308901505,https://digitalcontent.api.tesco.com/v2/media/ghs/79470f44-60a2-46eb-b6e1-6c2b4a5c77bc/d1903f65-9307-4d2d-94e7-62f987870c98_627903403.jpeg?h=225&w=225,
310677404,Jurassic World Captivz Clash Slime Egg,https://www.tesco.com/groceries/en-GB/shop/home-and-ents/all?department=Toys%20%26%20Games&viewAll=department&page=,£6.00,£6.00/each,,,/groceries/en-GB/products/310677404,https://digitalcontent.api.tesco.com/v2/media/ghs/f4c97a1d-e818-4326-8134-3518ffb74657/5335261e-2ee6-450b-87f1-6473a7bf2523_1198453266.jpeg?h=225&w=225,
311687143,Octonauts Octo-Racers Assortment,https://www.tesco.com/groceries/en-GB/shop/home-and-ents/all?department=Toys%20%26%20Games&viewAll=department&page=,£5.00,£5.00/each,,,/groceries/en-GB/products/311687143,https://digitalcontent.api.tesco.com/v2/media/ghs/e8b10488-c202-40a2-90b3-7eb4298fdbbf/81fc1af0-f3d3-4a89-ae9a-954831835b7b_916933163.jpeg?h=225&w=225,
311803738,Lego Lego Marvel I Am Groot 76217,https://www.tesco.com/groceries/en-GB/shop/home-and-ents/all?department=Toys%20%26%20Games&viewAll=department&page=,£45.00,£45.00/each,,,/groceries/en-GB/products/311803738,https://digitalcontent.api.tesco.com/v2/media/ghs/e082707e-3703-4fdd-8f91-0ef4aa54eb13/8b2cd965-5ab8-45cc-82e5-57fea17e7d00_1856847305.jpeg?h=225&w=225,
307286364,Rainbow High Fashion Doll Assorted 1,https://www.tesco.com/groceries/en-GB/shop/home-and-ents/all?department=Toys%20%26%20Games&viewAll=department&page=,£32.00,£32.00/each,,,/groceries/en-GB/products/307286364,https://digitalcontent.api.tesco.com/v2/media/ghs/22c1fb8f-79cf-40cb-b986-3ec91a9614c6/8834ed3f-5146-48fe-b108-8e067ca6e611_1782587954.jpeg?h=225&w=225,
311783386,Cheatwell Family Quiz Night,https://www.tesco.com/groceries/en-GB/shop/home-and-ents/all?department=Toys%20%26%20Games&viewAll=department&page=,£20.00,£20.00/each,£16.00 Clubcard Price,,/groceries/en-GB/products/311783386,https://digitalcontent.api.tesco.com/v2/media/ghs/2b2dcf09-3b65-4b1f-9131-9199c4761f1d/e6424e79-8d91-4bd6-a921-07691594ad39_2028506502.jpeg?h=225&w=225,
311695487,Spinmaster Sink & Sand Game,https://www.tesco.com/groceries/en-GB/shop/home-and-ents/all?department=Toys%20%26%20Games&viewAll=department&page=,£20.00,£20.00/each,,,/groceries/en-GB/products/311695487,https://digitalcontent.api.tesco.com/v2/media/ghs/09c3f987-c0de-46ff-a8ea-b0fe0eeb5574/2886544c-d1b0-429d-98e4-12de6dd4f30b_249512059.jpeg?h=225&w=225,
310099282,Lego City Ice Cream Truck Police 60314,https://www.tesco.com/groceries/en-GB/shop/home-and-ents/all?department=Toys%20%26%20Games&viewAll=department&page=,£25.00,£25.00/each,,,/groceries/en-GB/products/310099282,https://digitalcontent.api.tesco.com/v2/media/ghs/9fb42ece-227f-4df1-b60e-f0220eb2811f/7c2ee8cc-2e38-4000-bb27-0f51c0d1d9e8_1495613477.jpeg?h=225&w=225,
305939022,Hey Duggee Figure Pack,https://www.tesco.com/groceries/en-GB/shop/home-and-ents/all?department=Toys%20%26%20Games&viewAll=department&page=,£18.00,£18.00/each,,,/groceries/en-GB/products/305939022,https://digitalcontent.api.tesco.com/v2/media/ghs/0dcd86e1-ef0d-4525-9f36-78c1093e34ed/59398210-a40d-4c9f-adfc-e0039b9cb820_782702156.jpeg?h=225&w=225,
301274508,Fisher Price Game & Learn Controller,https://www.tesco.com/groceries/en-GB/shop/home-and-ents/all?department=Toys%20%26%20Games&viewAll=department&page=,£15.00,£15.00/each,,,/groceries/en-GB/products/301274508,https://digitalcontent.api.tesco.com/v2/media/ghs/4818eef9-35bc-4b70-88eb-94296894892c/0024c48a-fdf7-4bf0-95a1-88ff61fef5fb_292016850.jpeg?h=225&w=225,
309635755,Roblox Celeb Multipack Assorted,https://www.tesco.com/groceries/en-GB/shop/home-and-ents/all?department=Toys%20%26%20Games&viewAll=department&page=,£20.00,£20.00/each,£16.00 Clubcard Price,,/groceries/en-GB/products/309635755,https://digitalcontent.api.tesco.com/v2/media/ghs/d55c1629-d814-453e-92a1-a99a667c6c54/4a7a3f1e-c732-4e5f-8e01-a394d09c71ed_2049998528.jpeg?h=225&w=225,
311769409,Tesco Luxury Nativity Snowglobe Cards 5 Pack,https://www.tesco.com/groceries/en-GB/shop/home-and-ents/all?department=Greeting%20Cards&viewAll=department&page=,£4.00,£0.80/each,,New,/groceries/en-GB/products/311769409,https://digitalcontent.api.tesco.com/v2/media/ghs/9264720d-637e-444d-903c-c85391421e11/3d408066-f4d3-4b9d-a124-fbd034d59748_1818392103.jpeg?h=225&w=225,
311769375,Tesco Luxury Front Door Cards 5 Pack,https://www.tesco.com/groceries/en-GB/shop/home-and-ents/all?department=Greeting%20Cards&viewAll=department&page=,£4.00,£0.80/each,,New,/groceries/en-GB/products/311769375,https://digitalcontent.api.tesco.com/v2/media/ghs/b1d1e053-deb9-449b-a7a0-22cb6f3b333f/e9119b88-d95a-4fd8-8f56-329388ffcc6b_2144664439.jpeg?h=225&w=225,
311769369,Tesco Luxury 3D Stag Scene Cards 5 Pack,https://www.tesco.com/groceries/en-GB/shop/home-and-ents/all?department=Greeting%20Cards&viewAll=department&page=,£4.00,£0.80/each,,New,/groceries/en-GB/products/311769369,https://digitalcontent.api.tesco.com/v2/media/ghs/d6e05e0c-1e47-4601-8218-eb31b317062c/450f81a7-b5aa-4982-aeff-4d6ff22d5fdf_1108728767.jpeg?h=225&w=225,
311769398,Tesco Luxury Advent Calendar Cards 5 Pack,https://www.tesco.com/groceries/en-GB/shop/home-and-ents/all?department=Greeting%20Cards&viewAll=department&page=,£4.00,£0.80/each,,New,/groceries/en-GB/products/311769398,https://digitalcontent.api.tesco.com/v2/media/ghs/a9474631-b10c-4621-9573-fb5526a7ef11/bd97ddb3-922d-4ac5-928e-377af8ce2c10_1149022695.jpeg?h=225&w=225,
311769640,Tesco Luxury Christmas Tree Cards 5 Pack,https://www.tesco.com/groceries/en-GB/shop/home-and-ents/all?department=Greeting%20Cards&viewAll=department&page=,£3.00,£0.60/each,,New,/groceries/en-GB/products/311769640,https://digitalcontent.api.tesco.com/v2/media/ghs/61986aa1-9859-40b5-af3a-e317bfceda76/d8dfed11-0628-4a5c-954f-cdcaf0f959cc_296103229.jpeg?h=225&w=225,
311769686,Tesco Luxury Tree & Wreath Cards 12 Pack,https://www.tesco.com/groceries/en-GB/shop/home-and-ents/all?department=Greeting%20Cards&viewAll=department&page=,£3.00,£0.25/each,,New,/groceries/en-GB/products/311769686,https://digitalcontent.api.tesco.com/v2/media/ghs/e6445fd9-c991-45d6-83ef-9e4968a2a0dc/75c6b127-31f6-4364-b668-9bcd86a971a1_1859004333.jpeg?h=225&w=225,
311769703,Tesco Luxury Robin & Postbox Cards 12 Pack,https://www.tesco.com/groceries/en-GB/shop/home-and-ents/all?department=Greeting%20Cards&viewAll=department&page=,£3.00,£0.25/each,,New,/groceries/en-GB/products/311769703,https://digitalcontent.api.tesco.com/v2/media/ghs/28195831-1b62-4596-b9d5-f55347bf5f6b/6fd8fc90-4283-4182-9120-5515e3292d2b_1588551916.jpeg?h=225&w=225,
311769634,Tesco Luxury Rudi Reindeer Cards 12 Pack,https://www.tesco.com/groceries/en-GB/shop/home-and-ents/all?department=Greeting%20Cards&viewAll=department&page=,£3.00,£0.25/each,,New,/groceries/en-GB/products/311769634,https://digitalcontent.api.tesco.com/v2/media/ghs/679670da-ed46-4f25-a3cb-d39df40555c3/25daed85-2a93-4647-869a-fec3c14f80dc_2108936995.jpeg?h=225&w=225,
311769565,Tesco Luxury Alchemy Merry Christmas Cards 5 Pack,https://www.tesco.com/groceries/en-GB/shop/home-and-ents/all?department=Greeting%20Cards&viewAll=department&page=,£3.00,£0.60/each,,New,/groceries/en-GB/products/311769565,https://digitalcontent.api.tesco.com/v2/media/ghs/d3cf9338-0fec-49ed-be33-b3a916cae5b4/38ba38e3-4455-4fe7-9c1c-6f41a920518f_1636341782.jpeg?h=225&w=225,
311769605,Tesco Humble Cards 20 Pack,https://www.tesco.com/groceries/en-GB/shop/home-and-ents/all?department=Greeting%20Cards&viewAll=department&page=,£3.00,£0.15/each,,New,/groceries/en-GB/products/311769605,https://digitalcontent.api.tesco.com/v2/media/ghs/2c6e9906-23d1-4d97-93df-0c6e3d12c25e/af20cf0a-971a-46fa-b84d-0c579bfc784b_1233926001.jpeg?h=225&w=225,
311769588,T.Lxry Belonging Woodland Animals Cards 5 Pack,https://www.tesco.com/groceries/en-GB/shop/home-and-ents/all?department=Greeting%20Cards&viewAll=department&page=,£3.00,£0.60/each,,New,/groceries/en-GB/products/311769588,https://digitalcontent.api.tesco.com/v2/media/ghs/eac1a8e7-2f6d-47fb-9025-b84acd2782ea/9c6ad7ab-909e-4416-b9d1-c9661f0b9892_727774531.jpeg?h=225&w=225,
311769677,Tesco Luxury Gonk Cards 5 Pack,https://www.tesco.com/groceries/en-GB/shop/home-and-ents/all?department=Greeting%20Cards&viewAll=department&page=,£3.00,£0.60/each,,New,/groceries/en-GB/products/311769677,https://digitalcontent.api.tesco.com/v2/media/ghs/c7d49194-9c3d-4cbb-b86d-4f26990c9fa1/b8a38045-d602-408d-a4ad-c659d3fffddd_490708083.jpeg?h=225&w=225,
311769726,Tesco Nativity Cards 20 Pack,https://www.tesco.com/groceries/en-GB/shop/home-and-ents/all?department=Greeting%20Cards&viewAll=department&page=,£3.00,£0.15/each,,New,/groceries/en-GB/products/311769726,https://digitalcontent.api.tesco.com/v2/media/ghs/2d8969aa-fd23-4896-b5f3-7ff4d6e5ea1d/51974e75-4c58-4956-ba01-f8629c756988_1471139847.jpeg?h=225&w=225,
311769594,Tesco Belonging Cards 20 Pack,https://www.tesco.com/groceries/en-GB/shop/home-and-ents/all?department=Greeting%20Cards&viewAll=department&page=,£3.00,£0.15/each,,New,/groceries/en-GB/products/311769594,https://digitalcontent.api.tesco.com/v2/media/ghs/6db1ad65-4beb-4018-b1c6-a6758ffa2f69/5dbe1130-9933-4f65-907a-d2c5a9b237e9_673243992.jpeg?h=225&w=225,
311769692,Tesco Luxury Pudding & Mince Pie Recipe Cards 12 Pack,https://www.tesco.com/groceries/en-GB/shop/home-and-ents/all?department=Greeting%20Cards&viewAll=department&page=,£3.00,£0.25/each,,New,/groceries/en-GB/products/311769692,https://digitalcontent.api.tesco.com/v2/media/ghs/5cc1d7a9-95e2-498c-b04c-9d60f539fe2b/6787fc61-b75f-45fa-a480-0828cd447f52_1713721297.jpeg?h=225&w=225,
311769717,Tesco Luxury Kraft Santa And Angel Cards 12 Pack,https://www.tesco.com/groceries/en-GB/shop/home-and-ents/all?department=Greeting%20Cards&viewAll=department&page=,£3.00,£0.25/each,,New,/groceries/en-GB/products/311769717,https://digitalcontent.api.tesco.com/v2/media/ghs/22674481-11aa-4b36-af58-79ad0989b907/a5eb05ec-52ab-4db8-a938-1ae364ea9f27_1269026324.jpeg?h=225&w=225,
311769657,Tesco Luxury Gold Reindeer Cards 5 Pack,https://www.tesco.com/groceries/en-GB/shop/home-and-ents/all?department=Greeting%20Cards&viewAll=department&page=,£3.00,£0.60/each,,New,/groceries/en-GB/products/311769657,https://digitalcontent.api.tesco.com/v2/media/ghs/b3bec812-773e-46da-b2e1-44f20dd310f1/f3399e37-29e2-40ea-8dd1-1d5d117678d6_1256607858.jpeg?h=225&w=225,
311769732,Tesco Christmas Snow Fun Cards 20 Pack,https://www.tesco.com/groceries/en-GB/shop/home-and-ents/all?department=Greeting%20Cards&viewAll=department&page=,£3.00,£0.15/each,,New,/groceries/en-GB/products/311769732,https://digitalcontent.api.tesco.com/v2/media/ghs/2b5d5594-c67e-48f4-b475-03c73ff1d8f6/88b73252-62d9-4b14-bd64-ece1e73b00cf_1202509475.jpeg?h=225&w=225,
311769496,Tesco Dog Christmas Cards 10 Pack,https://www.tesco.com/groceries/en-GB/shop/home-and-ents/all?department=Greeting%20Cards&viewAll=department&page=,£1.50,£0.15/each,Any 2 for £2 Clubcard Price - Selected Tesco Boxed  Christmas Cards 2 For £ 2  ,,/groceries/en-GB/products/311769496,https://digitalcontent.api.tesco.com/v2/media/ghs/9ff402b7-5b06-4324-a7f5-eaa47b11bc61/92266028-df7d-4455-b925-7d85c248ccc3_1530629449.jpeg?h=225&w=225,
311769450,Tesco Fun Cards Bumper 50 Pack,https://www.tesco.com/groceries/en-GB/shop/home-and-ents/all?department=Greeting%20Cards&viewAll=department&page=,£2.00,£0.04/each,,New,/groceries/en-GB/products/311769450,https://digitalcontent.api.tesco.com/v2/media/ghs/bdc07c8a-4aa1-4a1f-963c-32f7761ddb62/b6894efb-1cc4-44a5-88ba-485da6c55793_129744226.jpeg?h=225&w=225,
311769513,"T, Traditional Village Cards 10 Pack",https://www.tesco.com/groceries/en-GB/shop/home-and-ents/all?department=Greeting%20Cards&viewAll=department&page=,£1.50,£0.15/each,Any 2 for £2 Clubcard Price - Selected Tesco Boxed  Christmas Cards 2 For £ 2  ,,/groceries/en-GB/products/311769513,https://digitalcontent.api.tesco.com/v2/media/ghs/7be6c924-445c-4300-86fc-d8e28cacfcfb/abe53c0d-a4eb-4600-9b4f-db59445ec35a_383104283.jpeg?h=225&w=225,
311769487,Tesco Woodland Animal Cards 10 Pack,https://www.tesco.com/groceries/en-GB/shop/home-and-ents/all?department=Greeting%20Cards&viewAll=department&page=,£1.50,£0.15/each,Any 2 for £2 Clubcard Price - Selected Tesco Boxed  Christmas Cards 2 For £ 2  ,,/groceries/en-GB/products/311769487,https://digitalcontent.api.tesco.com/v2/media/ghs/12d4ec83-442f-4ba4-a3d1-cca91a7f3e59/a4338ba5-50a2-4896-afa6-064865c98e2d_1328303775.jpeg?h=225&w=225,
311769628,Tesco Trees And Penguins Cards 10 Pack,https://www.tesco.com/groceries/en-GB/shop/home-and-ents/all?department=Greeting%20Cards&viewAll=department&page=,£1.50,£0.15/each,Any 2 for £2 Clubcard Price - Selected Tesco Boxed  Christmas Cards 2 For £ 2  ,,/groceries/en-GB/products/311769628,https://digitalcontent.api.tesco.com/v2/media/ghs/de3188b5-3dc7-4cd2-9cd2-287fb5621877/05bece60-cbda-4e57-8607-2904d4a5e804_1757992928.jpeg?h=225&w=225,
311769507,Tesco Traditional Santa Cards 10 Pack,https://www.tesco.com/groceries/en-GB/shop/home-and-ents/all?department=Greeting%20Cards&viewAll=department&page=,£1.50,£0.15/each,Any 2 for £2 Clubcard Price - Selected Tesco Boxed  Christmas Cards 2 For £ 2  ,,/groceries/en-GB/products/311769507,https://digitalcontent.api.tesco.com/v2/media/ghs/cf226cdb-1303-42de-9cb0-e96d09ec1b1b/ee09cbc8-cc4a-44fe-9960-d7a01bda86b0_751421832.jpeg?h=225&w=225,
312612755,Disney Christmas Character Cards 20 Pack,https://www.tesco.com/groceries/en-GB/shop/home-and-ents/all?department=Greeting%20Cards&viewAll=department&page=,£1.25,£0.06/each,,New,/groceries/en-GB/products/312612755,https://digitalcontent.api.tesco.com/v2/media/ghs/c60b1995-a860-43e7-a392-e9f5932c665f/2221eb9d-39da-40d0-9791-8b3e4cbde633_1319570358.jpeg?h=225&w=225,
311769467,Tesco Traditional Cards Bumper 50 Pack,https://www.tesco.com/groceries/en-GB/shop/home-and-ents/all?department=Greeting%20Cards&viewAll=department&page=,£2.00,£0.04/each,,New,/groceries/en-GB/products/311769467,https://digitalcontent.api.tesco.com/v2/media/ghs/2ceec6dd-1e48-486b-95f1-0e3ed2111561/60f20244-3f4a-462e-ad23-c9d715741daa_802883664.jpeg?h=225&w=225,
312612778,Marvel Christmas Character Cards 20 Pack,https://www.tesco.com/groceries/en-GB/shop/home-and-ents/all?department=Greeting%20Cards&viewAll=department&page=,£1.25,£0.06/each,,New,/groceries/en-GB/products/312612778,https://digitalcontent.api.tesco.com/v2/media/ghs/7cb9d130-5aec-4b8a-89fb-9be7560f0ba4/b200d29c-eccc-48ac-a6ce-2a6248067e77_310682275.jpeg?h=225&w=225,
311826331,Elf Mini Cards 20 Pack,https://www.tesco.com/groceries/en-GB/shop/home-and-ents/all?department=Greeting%20Cards&viewAll=department&page=,£1.25,£0.06/each,,New,/groceries/en-GB/products/311826331,https://digitalcontent.api.tesco.com/v2/media/ghs/7487783f-66b7-4800-9e3a-141059343129/a8738f30-469d-4a05-a298-faddea9cf3fc_197699286.jpeg?h=225&w=225,
311826325,Me To You Mini Cards 20 Pack,https://www.tesco.com/groceries/en-GB/shop/home-and-ents/all?department=Greeting%20Cards&viewAll=department&page=,£1.25,£0.06/each,,New,/groceries/en-GB/products/311826325,https://digitalcontent.api.tesco.com/v2/media/ghs/03280e90-7c2c-48af-82ae-5a386d66fbe5/7b1ecd5c-cb29-475f-adfc-87af691bfff5_34347106.jpeg?h=225&w=225,
311769473,Tesco Snowflake Cards 16 Pack,https://www.tesco.com/groceries/en-GB/shop/home-and-ents/all?department=Greeting%20Cards&viewAll=department&page=,£1.00,£0.06/each,,New,/groceries/en-GB/products/311769473,https://digitalcontent.api.tesco.com/v2/media/ghs/fa07ebed-69d1-4df3-8df0-d58a25348327/38e78ca4-b726-4eee-bebe-75bcbfd3b39d_2025464652.jpeg?h=225&w=225,
311769611,Tesco Scandi Reindeer Cards 16 Pack,https://www.tesco.com/groceries/en-GB/shop/home-and-ents/all?department=Greeting%20Cards&viewAll=department&page=,£1.00,£0.06/each,,New,/groceries/en-GB/products/311769611,https://digitalcontent.api.tesco.com/v2/media/ghs/6418292b-8e1b-46a7-a552-2d1aec1304b5/efa5ee24-6f03-40f1-8d54-ee6bbc8c9de3_788141922.jpeg?h=225&w=225,
311769444,Tesco Kids Rudi Reindeer Mini Cards 15Pk,https://www.tesco.com/groceries/en-GB/shop/home-and-ents/all?department=Greeting%20Cards&viewAll=department&page=,£0.50,£0.03/each,,New,/groceries/en-GB/products/311769444,https://digitalcontent.api.tesco.com/v2/media/ghs/538e9eed-4196-426b-a098-20624ad97ef2/c3b3de5c-1e39-41a8-a26a-89f55b8ec401_303413451.jpeg?h=225&w=225,
311769438,Tesco Kids Nativity Mini Cards 15Pk,https://www.tesco.com/groceries/en-GB/shop/home-and-ents/all?department=Greeting%20Cards&viewAll=department&page=,£0.50,£0.03/each,,New,/groceries/en-GB/products/311769438,https://digitalcontent.api.tesco.com/v2/media/ghs/6a016cb8-59e5-4056-bf49-9e46c674da5d/1157e5fd-3f81-4833-803f-6d1f4d452c07_220750642.jpeg?h=225&w=225,
311769381,Tesco Luxury Christmas Pudding Cards 5 Pack,https://www.tesco.com/groceries/en-GB/shop/home-and-ents/all?department=Greeting%20Cards&viewAll=department&page=,£4.00,£0.80/each,,New,/groceries/en-GB/products/311769381,https://digitalcontent.api.tesco.com/v2/media/ghs/e016fda9-9e9c-4050-84e0-84c4637aaf80/c33f20a5-285b-41cd-8021-3eff1ab2e1fe_2075120396.jpeg?h=225&w=225,
311769559,Tesco Luxury Magic Wreath Cards 5 Pack,https://www.tesco.com/groceries/en-GB/shop/home-and-ents/all?department=Greeting%20Cards&viewAll=department&page=,£4.00,£0.80/each,,New,/groceries/en-GB/products/311769559,https://digitalcontent.api.tesco.com/v2/media/ghs/1f19d0de-f43e-4e51-814e-f53f21c44085/28ddbe8d-83fc-484a-a2d4-c722099071bb_458227105.jpeg?h=225&w=225,
311769415,Tesco Luxury Nutcracker Cards 5 Pack,https://www.tesco.com/groceries/en-GB/shop/home-and-ents/all?department=Greeting%20Cards&viewAll=department&page=,£4.00,£0.80/each,,New,/groceries/en-GB/products/311769415,https://digitalcontent.api.tesco.com/v2/media/ghs/37a238c9-3867-41ff-b897-56b58e0c8969/3d2d354f-d5b7-4cfd-be08-a02e72b3eb37_773932120.jpeg?h=225&w=225,
311769663,Tesco Luxury Sparkle Cards 5 Pack,https://www.tesco.com/groceries/en-GB/shop/home-and-ents/all?department=Greeting%20Cards&viewAll=department&page=,£3.00,£0.60/each,,New,/groceries/en-GB/products/311769663,https://digitalcontent.api.tesco.com/v2/media/ghs/d66c3698-aa4a-4d98-85b5-9629ddcf08b1/0b5e89dc-9f72-4b12-99f3-261d9d607413_111074444.jpeg?h=225&w=225,
311769749,Tesco Christmas Bauble Cards 20 Pack,https://www.tesco.com/groceries/en-GB/shop/home-and-ents/all?department=Greeting%20Cards&viewAll=department&page=,£3.00,£0.15/each,,New,/groceries/en-GB/products/311769749,https://digitalcontent.api.tesco.com/v2/media/ghs/43383c1e-3239-4f09-a04d-7393337bb986/38ebd53a-39b4-44b3-a2a3-446d3029dcfe_1446834446.jpeg?h=225&w=225,
312612749,Disney Christmas Character Cards 10 Pack,https://www.tesco.com/groceries/en-GB/shop/home-and-ents/all?department=Greeting%20Cards&viewAll=department&page=,£2.00,£0.20/each,,New,/groceries/en-GB/products/312612749,https://digitalcontent.api.tesco.com/v2/media/ghs/0f285d85-c53e-4654-b88f-39ba5feab10c/37fb6db1-b1b1-4ad4-a921-20085e3cde1b_1193591051.jpeg?h=225&w=225,
311769527,Tesco Christmas Carol Cards 10 Pack,https://www.tesco.com/groceries/en-GB/shop/home-and-ents/all?department=Greeting%20Cards&viewAll=department&page=,£1.50,£0.15/each,Any 2 for £2 Clubcard Price - Selected Tesco Boxed  Christmas Cards 2 For £ 2  ,,/groceries/en-GB/products/311769527,https://digitalcontent.api.tesco.com/v2/media/ghs/50b0440b-ab2b-4c7e-8474-18fcfe8d77df/87a232fe-a76a-45f8-a8e7-9997d567389f_2031593191.jpeg?h=225&w=225,
311769536,Tesco Luxury Christmas Cafe Cards 5 Pack,https://www.tesco.com/groceries/en-GB/shop/home-and-ents/all?department=Greeting%20Cards&viewAll=department&page=,£4.00,£0.80/each,,New,/groceries/en-GB/products/311769536,https://digitalcontent.api.tesco.com/v2/media/ghs/5b51628a-cfbe-434c-a352-789bd6d7030b/d7aacd02-140a-418e-bf0c-0412b2c95822_1257901629.jpeg?h=225&w=225,
311769571,Tesco Luxury Kraft Ice Skate Cards 5 Pack,https://www.tesco.com/groceries/en-GB/shop/home-and-ents/all?department=Greeting%20Cards&viewAll=department&page=,£3.00,£0.60/each,,New,/groceries/en-GB/products/311769571,https://digitalcontent.api.tesco.com/v2/media/ghs/e802373a-e6dc-4afd-910d-c633c80ff7f1/475f902a-8c93-4fec-8173-0d999b3c902e_2009535449.jpeg?h=225&w=225,
296717039,Tresemme Keratin Smooth With Marula Oil Straightener,https://www.tesco.com/groceries/en-GB/shop/home-and-ents/all?department=Electrical&viewAll=department&page=,£55.00,£55.00/each,£37.00 Clubcard Price,,/groceries/en-GB/products/296717039,https://digitalcontent.api.tesco.com/v2/media/ghs/cea62917-324c-412f-8c9b-678f31721d8e/9167c080-d93e-461f-ae9c-b39007ca79b5_431357370.jpeg?h=225&w=225,
307179939,Babyliss 7755Bgu Clipper Gift Set,https://www.tesco.com/groceries/en-GB/shop/home-and-ents/all?department=Electrical&viewAll=department&page=,£60.00,£60.00/each,£30.00 Clubcard Price,,/groceries/en-GB/products/307179939,https://digitalcontent.api.tesco.com/v2/media/ghs/fa646aaf-1a64-4455-b4ff-a0454313a89c/437cac86-83df-474d-a948-71342fc9fef4_938747713.jpeg?h=225&w=225,
309112314,Braun Mgk3245 Multi Grooming Kit,https://www.tesco.com/groceries/en-GB/shop/home-and-ents/all?department=Electrical&viewAll=department&page=,£45.00,£45.00/each,£30.00 Clubcard Price,,/groceries/en-GB/products/309112314,https://digitalcontent.api.tesco.com/v2/media/ghs/83665e13-f07e-42a8-bd0f-489ef8dcf3be/508add38-79f0-4f15-98c3-9263f8972f25_1832974139.jpeg?h=225&w=225,
288744782,SanDisk Ultra Micro SDXC Card 128gb,https://www.tesco.com/groceries/en-GB/shop/home-and-ents/all?department=Electrical&viewAll=department&page=,£32.00,£32.00/each,,,/groceries/en-GB/products/288744782,https://digitalcontent.api.tesco.com/v2/media/ghs/d2d80ade-208f-4fb1-83ae-ca00c2a8cd64/a209cb2e-15ab-42a7-b5a6-11cd36d0ed05_1797205298.jpeg?h=225&w=225,
310092447,Jvc Gumy Mini True Earphones Ha-A5t Green,https://www.tesco.com/groceries/en-GB/shop/home-and-ents/all?department=Electrical&viewAll=department&page=,£30.00,£30.00/each,,,/groceries/en-GB/products/310092447,https://digitalcontent.api.tesco.com/v2/media/ghs/584c11eb-9506-493e-aaa2-38b14fadf5a2/003c6184-57a6-4c0c-ab73-214be44f6576_251231217.jpeg?h=225&w=225,
311223629,Jvc Gumy Mini True Earphones Ha/A5t Black,https://www.tesco.com/groceries/en-GB/shop/home-and-ents/all?department=Electrical&viewAll=department&page=,£30.00,£30.00/each,,,/groceries/en-GB/products/311223629,https://digitalcontent.api.tesco.com/v2/media/ghs/80b38ebb-a413-48a3-a563-3cff8092a573/cbf119a4-b44c-4c79-918b-c8c934fcfdbb_2094130873.jpeg?h=225&w=225,
293017890,Russell Hobbs Colours 2 Slice Toaster Black,https://www.tesco.com/groceries/en-GB/shop/home-and-ents/all?department=Electrical&viewAll=department&page=,£33.00,£33.00/each,,,/groceries/en-GB/products/293017890,https://digitalcontent.api.tesco.com/v2/media/ghs/fe9ee7e8-0e18-47c8-a721-46b74df1a69f/ebcbc3a6-69c7-4fcb-9287-7b51b6fd1f97_1944077542.jpeg?h=225&w=225,
312996743,Jml Pill-O-Pad Foldaway,https://www.tesco.com/groceries/en-GB/shop/home-and-ents/all?department=Electrical&viewAll=department&page=,£19.99,£19.99/each,,New,/groceries/en-GB/products/312996743,https://digitalcontent.api.tesco.com/v2/media/ghs/f17eda07-4987-4617-b35d-4536d95eb077/30aa12e8-25a0-49d1-8fc1-5d756dd4d427_2059581988.jpeg?h=225&w=225,
306782129,Juice Type C 1m Charging Cable Black,https://www.tesco.com/groceries/en-GB/shop/home-and-ents/all?department=Electrical&viewAll=department&page=,£13.00,£13.00/each,,,/groceries/en-GB/products/306782129,https://digitalcontent.api.tesco.com/v2/media/ghs/eeda15ea-e667-4789-85ff-dc1fd923696c/0aea87d5-e0d3-49c5-b445-fdf59595e518_1681798872.jpeg?h=225&w=225,
306856037,Calex Smart Uk Plug,https://www.tesco.com/groceries/en-GB/shop/home-and-ents/all?department=Electrical&viewAll=department&page=,£12.00,£12.00/each,£8.00 Clubcard Price,,/groceries/en-GB/products/306856037,https://digitalcontent.api.tesco.com/v2/media/ghs/371db2ff-9015-49a1-b697-80783d83ce67/dc51e429-0f96-46ef-9403-159d8be2fde5_1663985653.jpeg?h=225&w=225,
304048127,Integral Sd 64Gb,https://www.tesco.com/groceries/en-GB/shop/home-and-ents/all?department=Electrical&viewAll=department&page=,£15.00,£15.00/each,,,/groceries/en-GB/products/304048127,https://digitalcontent.api.tesco.com/v2/media/ghs/1352c4cf-4870-4d58-8673-ab6affd81d7a/d9085254-787a-442c-9fae-ecd55ea08306_631028516.jpeg?h=225&w=225,
305178962,Mixx Sound Up Wireless Overhead Black,https://www.tesco.com/groceries/en-GB/shop/home-and-ents/all?department=Electrical&viewAll=department&page=,£12.50,£12.50/each,,,/groceries/en-GB/products/305178962,https://digitalcontent.api.tesco.com/v2/media/ghs/b2b98dac-b3c4-47f2-954b-16f47c420a3c/63028cfb-3d3f-4c04-9cb2-058dedcf20d3_756115532.jpeg?h=225&w=225,
307806430,Philips Led G9 25W 2 Pack,https://www.tesco.com/groceries/en-GB/shop/home-and-ents/all?department=Electrical&viewAll=department&page=,£6.00,£3.00/each,,,/groceries/en-GB/products/307806430,https://digitalcontent.api.tesco.com/v2/media/ghs/7d2a4cc1-d394-422f-b241-cba614eebf0a/513de7f3-9375-40ad-a8df-35a0712bff08_329419583.jpeg?h=225&w=225,
309377259,Tesco Led Candle 40W Dimmable Small Edisonscrew 2 Pack,https://www.tesco.com/groceries/en-GB/shop/home-and-ents/all?department=Electrical&viewAll=department&page=,£6.00,£3.00/each,,,/groceries/en-GB/products/309377259,https://digitalcontent.api.tesco.com/v2/media/ghs/4ef074a6-25f9-41b1-988f-78852381df08/41ea6614-92f9-4854-85f9-a437f86eec28_1744831971.jpeg?h=225&w=225,
309377265,Tesco Led Candle 40W Dimmable Bayonet Cap 2 Pack,https://www.tesco.com/groceries/en-GB/shop/home-and-ents/all?department=Electrical&viewAll=department&page=,£6.00,£3.00/each,,,/groceries/en-GB/products/309377265,https://digitalcontent.api.tesco.com/v2/media/ghs/d8daedd1-5b6d-4628-acb6-864dec0ca6ea/5e204f50-c7ea-4f51-baf0-9b323617b7e9_1305727532.jpeg?h=225&w=225,
298498985,Henry Genuine Bags 5 Pack,https://www.tesco.com/groceries/en-GB/shop/home-and-ents/all?department=Electrical&viewAll=department&page=,£8.00,£1.60/each,2 for £14 or 3 for £17 Clubcard Price - Henry Genuine Bags 5  Pack ,,/groceries/en-GB/products/298498985,https://digitalcontent.api.tesco.com/v2/media/ghs/27eeff50-9066-495f-9c8f-46afc43f64b7/feec5b55-18b2-48cd-93a4-1611d9f07ef9_251429454.jpeg?h=225&w=225,
273591843,Energizer Impact Torch,https://www.tesco.com/groceries/en-GB/shop/home-and-ents/all?department=Electrical&viewAll=department&page=,£8.00,£8.00/each,,,/groceries/en-GB/products/273591843,https://digitalcontent.api.tesco.com/v2/media/ghs/ee0ba6f1-f127-467a-a1e1-fa691d538e9b/8654a4ec-f19e-4e13-99b1-09c89b744b48_1523465510.jpeg?h=225&w=225,
311765454,Tesco Led Classic Dimmable Warm White 100W Edison Screw 2 Pack,https://www.tesco.com/groceries/en-GB/shop/home-and-ents/all?department=Electrical&viewAll=department&page=,£5.00,£2.50/each,,New,/groceries/en-GB/products/311765454,https://digitalcontent.api.tesco.com/v2/media/ghs/7e537f81-8446-4e7a-bcac-73c6f354de78/7289bed6-acd2-4370-be9e-122ac48488a6_1148477135.jpeg?h=225&w=225,
311765448,Tesco Led Classic Dimmable Warm White 100W Bayonet Cap 2 Pack,https://www.tesco.com/groceries/en-GB/shop/home-and-ents/all?department=Electrical&viewAll=department&page=,£5.00,£2.50/each,,New,/groceries/en-GB/products/311765448,https://digitalcontent.api.tesco.com/v2/media/ghs/29185eb0-190d-4f42-87e0-659b4c3a50b1/d9f30db9-73ed-41ef-8760-5d83095ffe6b_1067214166.jpeg?h=225&w=225,
307806349,Philips Led Classic 100W Bayonet Cap,https://www.tesco.com/groceries/en-GB/shop/home-and-ents/all?department=Electrical&viewAll=department&page=,£5.00,£5.00/each,,,/groceries/en-GB/products/307806349,https://digitalcontent.api.tesco.com/v2/media/ghs/5c06602e-19de-496f-9f85-ef2762a92370/e9bde59e-f225-4f25-a3f0-4fae5315442b_1443381200.jpeg?h=225&w=225,
309377196,Tesco Led Candle 25W Bayonet Cap Cool White 2 Pack,https://www.tesco.com/groceries/en-GB/shop/home-and-ents/all?department=Electrical&viewAll=department&page=,£3.50,£1.75/each,,,/groceries/en-GB/products/309377196,https://digitalcontent.api.tesco.com/v2/media/ghs/f34f59ec-5bf1-4200-8903-71e221022c27/c6fe5482-6b49-4974-afa9-ff494b642341_1132078046.jpeg?h=225&w=225,
312109574,Status Led Battery Powered Light Switch,https://www.tesco.com/groceries/en-GB/shop/home-and-ents/all?department=Electrical&viewAll=department&page=,£6.00,£6.00/each,,New,/groceries/en-GB/products/312109574,https://digitalcontent.api.tesco.com/v2/media/ghs/8ac347b2-8891-406a-8e64-e0395c0de240/1f61730f-afed-442a-9554-e56810736841_983482071.jpeg?h=225&w=225,
305741612,Tesco Hand Blender,https://www.tesco.com/groceries/en-GB/shop/home-and-ents/all?department=Electrical&viewAll=department&page=,£7.00,£7.00/each,,,/groceries/en-GB/products/305741612,https://digitalcontent.api.tesco.com/v2/media/ghs/db4c99cc-135c-4965-b4ad-40326428c7e4/5a54ffd4-b9d4-4a38-9504-82e05f245371_693932576.jpeg?h=225&w=225,
311765477,Tesco Led Mini Globe Warm White 25W Edison Screw 2 Pack,https://www.tesco.com/groceries/en-GB/shop/home-and-ents/all?department=Electrical&viewAll=department&page=,£3.50,£1.75/each,,,/groceries/en-GB/products/311765477,https://digitalcontent.api.tesco.com/v2/media/ghs/5b1ec875-8295-422e-bb4e-106f23263a25/7074510b-3dc8-4c6b-93b9-486cb5047964_786197995.jpeg?h=225&w=225,
289357043,Tesco Led Push Lights Twin Pack,https://www.tesco.com/groceries/en-GB/shop/home-and-ents/all?department=Electrical&viewAll=department&page=,£3.50,£1.75/each,,,/groceries/en-GB/products/289357043,https://digitalcontent.api.tesco.com/v2/media/ghs/7ea384fa-dfbf-4fde-afa1-4a2ba9a41c66/1365ad96-60cf-4265-bf31-c35f4306858b_1721143387.jpeg?h=225&w=225,
294263428,Tesco Led 50W R63 Edison Screw,https://www.tesco.com/groceries/en-GB/shop/home-and-ents/all?department=Electrical&viewAll=department&page=,£3.00,£3.00/each,,,/groceries/en-GB/products/294263428,https://digitalcontent.api.tesco.com/v2/media/ghs/c527cf03-75f0-4f76-b769-a1664a047337/bf7ccd5d-4dde-4658-bfe2-6fddbbcdd318_1350696515.jpeg?h=225&w=225,
291466942,Tesco Led Lantern,https://www.tesco.com/groceries/en-GB/shop/home-and-ents/all?department=Electrical&viewAll=department&page=,£10.00,£10.00/each,,,/groceries/en-GB/products/291466942,https://digitalcontent.api.tesco.com/v2/media/ghs/5261175f-808a-4d63-9e8b-2bd2498a6e0e/9fca2d0b-3bae-40da-8779-4ff016cbb833_508385259.jpeg?h=225&w=225,
312341614,Keep It Handy Stylus Pens 2 Pack,https://www.tesco.com/groceries/en-GB/shop/home-and-ents/all?department=Electrical&viewAll=department&page=,£1.00,£0.50/each,,New,/groceries/en-GB/products/312341614,https://digitalcontent.api.tesco.com/v2/media/ghs-mktg/b0b04216-fa73-466d-a9d7-c9fcfa1ce9b3/no-image.jpeg,
307037769,Remington 4 In 1 Adjustable Waver,https://www.tesco.com/groceries/en-GB/shop/home-and-ents/all?department=Electrical&viewAll=department&page=,£55.00,£55.00/each,£43.00 Clubcard Price,,/groceries/en-GB/products/307037769,https://digitalcontent.api.tesco.com/v2/media/ghs/2241768d-6e93-4305-a077-6a5417ca3c8d/c5b2a664-7a5b-4e2d-8216-b0b4508ba001_9979696.jpeg?h=225&w=225,
307179883,Babyliss 5753Ru Berry Crush Hairdryer,https://www.tesco.com/groceries/en-GB/shop/home-and-ents/all?department=Electrical&viewAll=department&page=,£45.00,£45.00/each,£27.00 Clubcard Price,,/groceries/en-GB/products/307179883,https://digitalcontent.api.tesco.com/v2/media/ghs/f508bdaf-0e20-42e4-b431-1416e5ce7953/46c1db7c-74e4-4816-96ec-557b8868e063_754345560.jpeg?h=225&w=225,
310083784,Juice Social Lazy Arm Phone Holder,https://www.tesco.com/groceries/en-GB/shop/home-and-ents/all?department=Electrical&viewAll=department&page=,£20.00,£20.00/each,£10.00 Clubcard Price,,/groceries/en-GB/products/310083784,https://digitalcontent.api.tesco.com/v2/media/ghs/71c448d4-26a9-4401-86ee-385b79c32265/024fbb48-fffb-4ffe-ac66-f8537f89ed32_1177686669.jpeg?h=225&w=225,
296717022,Tresemme Keratin Smooth With Marula Oil Hair Dryer,https://www.tesco.com/groceries/en-GB/shop/home-and-ents/all?department=Electrical&viewAll=department&page=,£40.00,£40.00/each,£27.00 Clubcard Price,,/groceries/en-GB/products/296717022,https://digitalcontent.api.tesco.com/v2/media/ghs/6c15d105-0a2e-400e-803f-1374fc6c37f6/ead237b2-1557-42cb-8ca5-9c29e41ba5dd_873803184.jpeg?h=225&w=225,
311782491,Philips Smart Led Full Colour Gu10 50W Twin Pack,https://www.tesco.com/groceries/en-GB/shop/home-and-ents/all?department=Electrical&viewAll=department&page=,£25.00,£12.50/each,,,/groceries/en-GB/products/311782491,https://digitalcontent.api.tesco.com/v2/media/ghs/7a950171-62a0-4ed0-9dfa-bf177d936b06/d49d47d2-ed65-49bb-a6da-0d7d50000745_1454292505.jpeg?h=225&w=225,
306855620,Integral Usb 128Gb,https://www.tesco.com/groceries/en-GB/shop/home-and-ents/all?department=Electrical&viewAll=department&page=,£25.00,£25.00/each,£21.00 Clubcard Price,,/groceries/en-GB/products/306855620,https://digitalcontent.api.tesco.com/v2/media/ghs/2e70816f-f584-484e-9101-69cb4802309d/9da28040-ffac-4027-8f21-ae5c63ee1d43_1942078975.jpeg?h=225&w=225,
312010661,Tesco Jo4ttg22 Janco Grey 4 Slice Toaster,https://www.tesco.com/groceries/en-GB/shop/home-and-ents/all?department=Electrical&viewAll=department&page=,£33.00,£33.00/each,,New,/groceries/en-GB/products/312010661,https://digitalcontent.api.tesco.com/v2/media/ghs/51cf4166-c090-4602-b056-9044bd783f94/cc91714a-cf59-4e8f-91cd-7684d6ec1011_1411210492.jpeg?h=225&w=225,
285643056,Wahl Clipper Gift Set 79305-2817,https://www.tesco.com/groceries/en-GB/shop/home-and-ents/all?department=Electrical&viewAll=department&page=,£44.00,£44.00/each,£22.00 Clubcard Price,,/groceries/en-GB/products/285643056,https://digitalcontent.api.tesco.com/v2/media/ghs/07b4daeb-8375-4990-9b43-b3418be4ed7b/df36d4fa-c77f-4876-a016-828d8cd88c7a_975472195.jpeg?h=225&w=225,
308299163,Belkin 20W Usb-C Wall Charger,https://www.tesco.com/groceries/en-GB/shop/home-and-ents/all?department=Electrical&viewAll=department&page=,£18.00,£18.00/each,,,/groceries/en-GB/products/308299163,https://digitalcontent.api.tesco.com/v2/media/ghs/6758b291-69bb-439f-88cc-7bfc51d4001e/e3b90fe0-1cf3-4256-8338-94341b768505_895303309.jpeg?h=225&w=225,
309112337,Remington R3 Rotary Shaver,https://www.tesco.com/groceries/en-GB/shop/home-and-ents/all?department=Electrical&viewAll=department&page=,£33.00,£33.00/each,,,/groceries/en-GB/products/309112337,https://digitalcontent.api.tesco.com/v2/media/ghs/973d6578-d2c0-4db0-9711-63f8c2e507fa/c08b0475-a338-40e8-b852-f5b18ac4f7c0_1378723072.jpeg?h=225&w=225,
309629763,Tesco Lightning To Usb C Cable 1M White,https://www.tesco.com/groceries/en-GB/shop/home-and-ents/all?department=Electrical&viewAll=department&page=,£12.00,£12.00/each,,,/groceries/en-GB/products/309629763,https://digitalcontent.api.tesco.com/v2/media/ghs/57666e65-8def-4a48-ac30-d04cf221c0b4/22e16431-db80-462f-8028-c123571ec8ef_1737466837.jpeg?h=225&w=225,
303341668,Trust Izza Wired Gaming Mouse,https://www.tesco.com/groceries/en-GB/shop/home-and-ents/all?department=Electrical&viewAll=department&page=,£15.00,£15.00/each,£11.00 Clubcard Price,,/groceries/en-GB/products/303341668,https://digitalcontent.api.tesco.com/v2/media/ghs/2c43d5af-6ab1-46af-90f7-85de9c3cb7b4/dc7de630-672f-4caa-b291-b128390e2ec5_1651261454.jpeg?h=225&w=225,
282226987,Tesco Lightning Charge & Sync 1m Cable,https://www.tesco.com/groceries/en-GB/shop/home-and-ents/all?department=Electrical&viewAll=department&page=,£11.00,£11.00/each,,,/groceries/en-GB/products/282226987,https://digitalcontent.api.tesco.com/v2/media/ghs/ad016018-4eb2-4419-9508-7b02e186dc96/eee672f1-08d3-4be5-a9ff-9895fd5784cd_699496193.jpeg?h=225&w=225,
303922505,Tesco Dual Port USB-A Home Charger,https://www.tesco.com/groceries/en-GB/shop/home-and-ents/all?department=Electrical&viewAll=department&page=,£10.00,£10.00/each,,,/groceries/en-GB/products/303922505,https://digitalcontent.api.tesco.com/v2/media/ghs/cc1689b5-6566-4f16-94ad-263d88278e75/9f76e964-a7fe-4bd1-8580-eb80f48662a1_1993742588.jpeg?h=225&w=225,
312353709,Groov-E Samsung S22 Folio Wallet Case,https://www.tesco.com/groceries/en-GB/shop/home-and-ents/all?department=Electrical&viewAll=department&page=,£10.00,£10.00/each,,New,/groceries/en-GB/products/312353709,https://digitalcontent.api.tesco.com/v2/media/ghs/cd3ff313-7699-45d9-8bd9-659a4d6875c9/a2d46346-e244-46ef-9dbe-bf4d20835574_224481948.jpeg?h=225&w=225,
306351939,Groov-e iPhone 6/7/8/SE Folio Case Black,https://www.tesco.com/groceries/en-GB/shop/home-and-ents/all?department=Electrical&viewAll=department&page=,£10.00,£10.00/each,£5.00 Clubcard Price,,/groceries/en-GB/products/306351939,https://digitalcontent.api.tesco.com/v2/media/ghs/2aafa674-2757-456c-860a-54b7770adc67/ab99f6e3-1fde-4daa-9c20-f4cde14fa2db_1679902260.jpeg?h=225&w=225,
300434500,Tesco 1m USB-C Cable White,https://www.tesco.com/groceries/en-GB/shop/home-and-ents/all?department=Electrical&viewAll=department&page=,£10.00,£10.00/each,,,/groceries/en-GB/products/300434500,https://digitalcontent.api.tesco.com/v2/media/ghs/2ca9978a-bfea-445c-9756-5b7ea5ead91a/ec2a94db-8a9b-4fa3-9558-ccee0810c83e_89299859.jpeg?h=225&w=225,
301327689,Philips Mg3710/33 Multigroom,https://www.tesco.com/groceries/en-GB/shop/home-and-ents/all?department=Electrical&viewAll=department&page=,£20.00,£20.00/each,,,/groceries/en-GB/products/301327689,https://digitalcontent.api.tesco.com/v2/media/ghs/c63895a8-0055-4c1f-b4b4-a67a5f91a1b3/940a3ae4-d32b-4312-a11f-6333c07ad2ad_1000114481.jpeg?h=225&w=225,
306346641,Tesco 2.4A Car Charger With Usb C Cable 1M White,https://www.tesco.com/groceries/en-GB/shop/home-and-ents/all?department=Electrical&viewAll=department&page=,£12.00,£12.00/each,,,/groceries/en-GB/products/306346641,https://digitalcontent.api.tesco.com/v2/media/ghs/6816d3fb-0be3-46a9-8729-eb351f32aabb/83013d84-d569-4329-8093-0a455575a39e_215360195.jpeg?h=225&w=225,
273591866,Energizer Vision High Definition Headlight,https://www.tesco.com/groceries/en-GB/shop/home-and-ents/all?department=Electrical&viewAll=department&page=,£13.50,£13.50/each,,,/groceries/en-GB/products/273591866,https://digitalcontent.api.tesco.com/v2/media/ghs/0a0110df-9f91-4bee-9f17-062092292dd8/f2f93ff2-98ac-41f8-b2ba-8a5efe2b4f6c_650692733.jpeg?h=225&w=225,
275286770,SanDisk Ultra Micro SDHC Card 32gb,https://www.tesco.com/groceries/en-GB/shop/home-and-ents/all?department=Electrical&viewAll=department&page=,£12.00,£12.00/each,,,/groceries/en-GB/products/275286770,https://digitalcontent.api.tesco.com/v2/media/ghs/a7858e61-e75d-4b9a-8aae-11dce40f3334/3002919d-e0f7-4205-b0ad-11f444eaa6f3_1156189136.jpeg?h=225&w=225,
309642739,Tesco Led Gu10 50W 6 Pack Cool White,https://www.tesco.com/groceries/en-GB/shop/home-and-ents/all?department=Electrical&viewAll=department&page=,£7.50,£1.25/each,,,/groceries/en-GB/products/309642739,https://digitalcontent.api.tesco.com/v2/media/ghs/f71b1aa1-22f9-4ff3-954e-e61050e08de4/e6437423-1f2c-4da6-927a-2339b9c56ca8_1109648954.jpeg?h=225&w=225,
311757809,Tesco Jk22 1.7L Stainless Steel Kettle,https://www.tesco.com/groceries/en-GB/shop/home-and-ents/all?department=Electrical&viewAll=department&page=,£15.00,£15.00/each,,New,/groceries/en-GB/products/311757809,https://digitalcontent.api.tesco.com/v2/media/ghs/fd6e6425-e634-4c36-b734-0d894aa10ed2/c4c4e04d-8ba3-47d2-86bc-c44a0a335689_872526405.jpeg?h=225&w=225,
306856095,Calex Smart Rgb Light Strip 5M,https://www.tesco.com/groceries/en-GB/shop/home-and-ents/all?department=Electrical&viewAll=department&page=,£20.00,£20.00/each,£16.00 Clubcard Price,,/groceries/en-GB/products/306856095,https://digitalcontent.api.tesco.com/v2/media/ghs/65d1cfae-77d9-45a8-be60-a1e1e7e5fe06/5631efaa-88ef-4f1c-88b9-4f7b59993a03_1196742810.jpeg?h=225&w=225,
307806424,Philips Led Gu10 35W 2 Pack,https://www.tesco.com/groceries/en-GB/shop/home-and-ents/all?department=Electrical&viewAll=department&page=,£6.00,£3.00/each,,,/groceries/en-GB/products/307806424,https://digitalcontent.api.tesco.com/v2/media/ghs/d59de8ae-6df3-4aba-b9de-1d44da1bb174/215204cb-91ae-4ead-8079-ed884104e69f_1550694108.jpeg?h=225&w=225,
296822300,Tesco Jkrbp13 Rapid Boil Black Plastic Kettle New,https://www.tesco.com/groceries/en-GB/shop/home-and-ents/all?department=Electrical&viewAll=department&page=,£13.50,£13.50/each,,,/groceries/en-GB/products/296822300,https://digitalcontent.api.tesco.com/v2/media/ghs/558924d4-b7d8-4ade-a472-8ed189cd791b/970bbc18-77b4-4ddc-b51a-ae45d62fe6f6_2086632994.jpeg?h=225&w=225,
303602090,Tesco 4 Socket 2 Metre Extension Lead,https://www.tesco.com/groceries/en-GB/shop/home-and-ents/all?department=Electrical&viewAll=department&page=,£7.00,£7.00/each,,,/groceries/en-GB/products/303602090,https://digitalcontent.api.tesco.com/v2/media/ghs/25907635-5cff-4857-8574-8d3dfc4c33cd/898cb9f1-a7f0-43b9-950a-948e2a794e31_1922350630.jpeg?h=225&w=225,
294263405,Tesco Led 35W Gu5.3 2 Pack,https://www.tesco.com/groceries/en-GB/shop/home-and-ents/all?department=Electrical&viewAll=department&page=,£5.00,£2.50/each,,,/groceries/en-GB/products/294263405,https://digitalcontent.api.tesco.com/v2/media/ghs/c5203b81-64d8-4452-ae0a-9cd8d38e1c8b/ecc63da9-1f20-4de3-acfb-6f22dda780bd_2098049692.jpeg?h=225&w=225,
291446782,Tesco 2M Aerial Male To Female Lead,https://www.tesco.com/groceries/en-GB/shop/home-and-ents/all?department=Electrical&viewAll=department&page=,£7.00,£7.00/each,,,/groceries/en-GB/products/291446782,https://digitalcontent.api.tesco.com/v2/media/ghs/2b573f1c-faad-437f-9250-054d6f624673/30c00568-aa9a-45ce-8d82-85a9107d8e96_70923841.jpeg?h=225&w=225,
307806384,Philips Led Filament Classic 60W Bayonet Cap Dimmable,https://www.tesco.com/groceries/en-GB/shop/home-and-ents/all?department=Electrical&viewAll=department&page=,£6.00,£6.00/each,,,/groceries/en-GB/products/307806384,https://digitalcontent.api.tesco.com/v2/media/ghs/61d13d1d-a6f8-4517-b56a-7b5195f73356/047fb5d0-1d75-47dc-8170-b9845aa8ed8e_656073725.jpeg?h=225&w=225,
307806390,Philips Led Filament Candle 40W Bayonet Cap,https://www.tesco.com/groceries/en-GB/shop/home-and-ents/all?department=Electrical&viewAll=department&page=,£5.00,£5.00/each,,,/groceries/en-GB/products/307806390,https://digitalcontent.api.tesco.com/v2/media/ghs/dcc173a4-08b9-454d-aa74-c82956c6852e/77b88de0-8d24-473b-8025-b1757d66dd1d_449495553.jpeg?h=225&w=225,
303602078,Tesco 4Way Extension Lead 0.75M,https://www.tesco.com/groceries/en-GB/shop/home-and-ents/all?department=Electrical&viewAll=department&page=,£5.50,£5.50/each,,,/groceries/en-GB/products/303602078,https://digitalcontent.api.tesco.com/v2/media/ghs/ddd28833-9e85-49c5-9e98-ef2419f165f5/f73d8870-5010-4214-b53a-9776e202c314_795444128.jpeg?h=225&w=225,
310080292,Calex 2M Lightstrip Rgb Battery,https://www.tesco.com/groceries/en-GB/shop/home-and-ents/all?department=Electrical&viewAll=department&page=,£8.00,£4.00/metre,,,/groceries/en-GB/products/310080292,https://digitalcontent.api.tesco.com/v2/media/ghs/6015906d-157d-48b5-98e8-ab9d5dbddca8/98c20b5d-9d1c-493a-83cd-328aa4c3d0db_636356100.jpeg?h=225&w=225,
255673708,Tesco 3 Way Adaptor Plug,https://www.tesco.com/groceries/en-GB/shop/home-and-ents/all?department=Electrical&viewAll=department&page=,£4.00,£4.00/each,,,/groceries/en-GB/products/255673708,https://digitalcontent.api.tesco.com/v2/media/ghs/48dd4eb6-ebab-4f00-b763-fbd85f7800f2/d5de24bb-b115-4144-a660-fab33078336f_612626868.jpeg?h=225&w=225,
307806355,Philips Led Filament Classic 60W Edison Screw,https://www.tesco.com/groceries/en-GB/shop/home-and-ents/all?department=Electrical&viewAll=department&page=,£5.00,£5.00/each,,,/groceries/en-GB/products/307806355,https://digitalcontent.api.tesco.com/v2/media/ghs/ec9aff17-b146-46c9-bf8b-5b2c22139ec9/bf706e5e-db16-4bfc-8c3e-71e3a0002771_828899035.jpeg?h=225&w=225,
305741629,Tesco Hand Mixer,https://www.tesco.com/groceries/en-GB/shop/home-and-ents/all?department=Electrical&viewAll=department&page=,£8.00,£8.00/each,,,/groceries/en-GB/products/305741629,https://digitalcontent.api.tesco.com/v2/media/ghs/507b813c-7948-4445-86c5-40b8fcc953ea/0595a92d-d4db-47a6-8cb4-b279fe384f49_930168897.jpeg?h=225&w=225,
294263434,Tesco Led 60W R80 Edison Screw,https://www.tesco.com/groceries/en-GB/shop/home-and-ents/all?department=Electrical&viewAll=department&page=,£3.00,£3.00/each,,,/groceries/en-GB/products/294263434,https://digitalcontent.api.tesco.com/v2/media/ghs/fe20429c-458d-4f85-ba20-e8ff3ceba94f/455f5ae0-eafe-4353-ad0c-9300ba914ec5_2068492941.jpeg?h=225&w=225,
311765483,Tesco Led Mini Globe Warm White 25W Bayonet Cap 2 Pack,https://www.tesco.com/groceries/en-GB/shop/home-and-ents/all?department=Electrical&viewAll=department&page=,£3.50,£1.75/each,,,/groceries/en-GB/products/311765483,https://digitalcontent.api.tesco.com/v2/media/ghs/074775ed-b500-4a02-a2f8-606c1381a324/0bdc2999-a5b4-4b05-bd79-0b5594fb96a2_2008647791.jpeg?h=225&w=225,
266693670,Tesco 13Amp Plug,https://www.tesco.com/groceries/en-GB/shop/home-and-ents/all?department=Electrical&viewAll=department&page=,£2.00,£2.00/each,,,/groceries/en-GB/products/266693670,https://digitalcontent.api.tesco.com/v2/media/ghs/11462b07-013a-4b9a-8ff6-4eda7e724528/a208e490-1f61-4af3-98bf-ed975e4b376f_1450303625.jpeg?h=225&w=225,
261857410,Tesco Mixed Fuses 4 Pack,https://www.tesco.com/groceries/en-GB/shop/home-and-ents/all?department=Electrical&viewAll=department&page=,£1.50,£0.38/each,,,/groceries/en-GB/products/261857410,https://digitalcontent.api.tesco.com/v2/media/ghs/86f216f7-a015-47cd-9551-14a18d4ca397/57c791b5-f43c-42f4-92a2-07b2749826e3_1332057682.jpeg?h=225&w=225,
299244743,BT Advanced Cordless Telephone Trio,https://www.tesco.com/groceries/en-GB/shop/home-and-ents/all?department=Electrical&viewAll=department&page=,£100.00,£100.00/each,£80.00 Clubcard Price,,/groceries/en-GB/products/299244743,https://digitalcontent.api.tesco.com/v2/media/ghs/51b2ffba-0557-40e7-bc5d-0786cc00708b/2b421eed-bf90-4a99-bb14-98c36e888af8_163356530.jpeg?h=225&w=225,
312567572,Juice Max Black 7 Charge Powerbank,https://www.tesco.com/groceries/en-GB/shop/home-and-ents/all?department=Electrical&viewAll=department&page=,£30.00,£30.00/each,,,/groceries/en-GB/products/312567572,https://digitalcontent.api.tesco.com/v2/media/ghs/f21ebb1b-293d-4dd1-8c23-c2937143d573/e877f429-5aff-46ca-9c7e-1942acc77391_1607355716.jpeg?h=225&w=225,
306384802,Sony Whch510 Bluetooth Headphones Blue,https://www.tesco.com/groceries/en-GB/shop/home-and-ents/all?department=Electrical&viewAll=department&page=,£40.00,£40.00/each,,,/groceries/en-GB/products/306384802,https://digitalcontent.api.tesco.com/v2/media/ghs/21ce1d60-440f-43f1-9866-6bf2f44859a6/17af6bf3-fbdf-42d6-ba67-900b1f823578_1193830527.jpeg?h=225&w=225,
307037717,Remington Curl And Straight Hairdryer,https://www.tesco.com/groceries/en-GB/shop/home-and-ents/all?department=Electrical&viewAll=department&page=,£52.00,£52.00/each,£34.00 Clubcard Price,,/groceries/en-GB/products/307037717,https://digitalcontent.api.tesco.com/v2/media/ghs/94f5295f-5b2c-4312-8f4f-e1231efbb3b3/b74b671b-25c6-4c62-9816-fc22a33b10a5_416453118.jpeg?h=225&w=225,
303762757,Jvc S31bt Deep Bass Bluetooth Headphones Black,https://www.tesco.com/groceries/en-GB/shop/home-and-ents/all?department=Electrical&viewAll=department&page=,£32.00,£32.00/each,,,/groceries/en-GB/products/303762757,https://digitalcontent.api.tesco.com/v2/media/ghs/5488d5f2-7789-4f92-8b69-5aced8d215c7/a0237a2f-f44b-4840-a60b-b10aaeb00b62_424378096.jpeg?h=225&w=225,
308398190,Crockpot 3.7L Slow Cooker,https://www.tesco.com/groceries/en-GB/shop/home-and-ents/all?department=Electrical&viewAll=department&page=,£26.00,£26.00/each,,,/groceries/en-GB/products/308398190,https://digitalcontent.api.tesco.com/v2/media/ghs/556754a9-80cb-4657-9d32-8db0c6c23a0d/60c04903-827f-4c3d-90b0-bf540df323c0_1516107236.jpeg?h=225&w=225,
310275275,Juice Lightning to USB Braided Cable 1m Navy,https://www.tesco.com/groceries/en-GB/shop/home-and-ents/all?department=Electrical&viewAll=department&page=,£16.00,£16.00/each,£12.00 Clubcard Price,,/groceries/en-GB/products/310275275,https://digitalcontent.api.tesco.com/v2/media/ghs/f41150cb-c281-472f-9df4-f77d9d4c7e24/08417f96-df5e-4483-a151-5d9f48daeb56_186556691.jpeg?h=225&w=225,
309806415,Tower Oddessy Kettle Grey,https://www.tesco.com/groceries/en-GB/shop/home-and-ents/all?department=Electrical&viewAll=department&page=,£30.00,£30.00/each,,,/groceries/en-GB/products/309806415,https://digitalcontent.api.tesco.com/v2/media/ghs/26c70598-c80f-41ba-815e-8baecb4e8bb3/359d8ae7-5f52-49b3-bf93-ef3902f6f5d1_1893087343.jpeg?h=225&w=225,
270431439,Wahl Grooming Gear Travel Kit,https://www.tesco.com/groceries/en-GB/shop/home-and-ents/all?department=Electrical&viewAll=department&page=,£18.00,£18.00/each,,,/groceries/en-GB/products/270431439,https://digitalcontent.api.tesco.com/v2/media/ghs/51f05bea-da68-4f93-8c65-1a9f7c433bb8/f58de78d-2a4c-4435-857e-7dd3d051047b_1266777616.jpeg?h=225&w=225,
296004140,Juice Apple Lightning 3m Charging Cable Aqua,https://www.tesco.com/groceries/en-GB/shop/home-and-ents/all?department=Electrical&viewAll=department&page=,£18.00,£18.00/each,£13.50 Clubcard Price,,/groceries/en-GB/products/296004140,https://digitalcontent.api.tesco.com/v2/media/ghs/bab0e71a-4534-4917-853a-54ec2df22f51/99ead987-3439-46f4-aa6a-cb32c699cf4e_701262551.jpeg?h=225&w=225,
296397445,SanDisk Cruzer Blade USB Triple Pack 16gb,https://www.tesco.com/groceries/en-GB/shop/home-and-ents/all?department=Electrical&viewAll=department&page=,£18.00,£6.00/each,,,/groceries/en-GB/products/296397445,https://digitalcontent.api.tesco.com/v2/media/ghs/bc71d7d0-b1ae-45b4-afc9-018e1e4dfc79/cb5c931b-7125-4e59-ae51-604b5e104e13_1807369343.jpeg?h=225&w=225,
270698083,Remington S3500 Ceramic Slim Straightener230c,https://www.tesco.com/groceries/en-GB/shop/home-and-ents/all?department=Electrical&viewAll=department&page=,£23.00,£23.00/each,,,/groceries/en-GB/products/270698083,https://digitalcontent.api.tesco.com/v2/media/ghs/e9f26057-b2bc-4113-a954-70b593be6684/d97300e9-fec7-4a47-8923-c0a52853fdd5_354817666.jpeg?h=225&w=225,
309642372,Tesco 4 Port USB-A Travel Charger,https://www.tesco.com/groceries/en-GB/shop/home-and-ents/all?department=Electrical&viewAll=department&page=,£15.00,£15.00/each,,,/groceries/en-GB/products/309642372,https://digitalcontent.api.tesco.com/v2/media/ghs/136bd213-e912-4da2-9dec-6439a089542b/ec244943-3b40-488d-97ce-d0edde2cac8f_1998346555.jpeg?h=225&w=225,
306829076,Trust Mydo Silent Click Black,https://www.tesco.com/groceries/en-GB/shop/home-and-ents/all?department=Electrical&viewAll=department&page=,£15.00,£15.00/each,£10.00 Clubcard Price,,/groceries/en-GB/products/306829076,https://digitalcontent.api.tesco.com/v2/media/ghs/24580390-337e-4c8d-ab16-296c8d47c942/af1d9608-b5c0-4f70-86dd-fd1e0adbd257_960774539.jpeg?h=225&w=225,
310083778,Juice Social Selfie Light White,https://www.tesco.com/groceries/en-GB/shop/home-and-ents/all?department=Electrical&viewAll=department&page=,£10.00,£10.00/each,£5.00 Clubcard Price,,/groceries/en-GB/products/310083778,https://digitalcontent.api.tesco.com/v2/media/ghs/a300b866-953b-430e-913b-de2e46d37af2/778860a2-c900-4b67-959e-598de135dba7_180939770.jpeg?h=225&w=225,
310083790,Juice Social Tripod Black,https://www.tesco.com/groceries/en-GB/shop/home-and-ents/all?department=Electrical&viewAll=department&page=,£10.00,£10.00/each,,,/groceries/en-GB/products/310083790,https://digitalcontent.api.tesco.com/v2/media/ghs/78caebfc-7c75-48b9-92c6-ac4352e013f9/4e81cbe5-68fa-460f-beba-11310ef77111_534879384.jpeg?h=225&w=225,
306275217,Status Surge 4 Socket 2 Metre Extension Lead2,https://www.tesco.com/groceries/en-GB/shop/home-and-ents/all?department=Electrical&viewAll=department&page=,£12.00,£12.00/each,,,/groceries/en-GB/products/306275217,https://digitalcontent.api.tesco.com/v2/media/ghs/b7100991-02c4-4c0b-83e0-7709e091a488/a9a35833-f8b5-4d1d-bcee-93a53310aa10_515674173.jpeg?h=225&w=225,
309629779,Tesco Dual Port Charger Usb C And Usb A,https://www.tesco.com/groceries/en-GB/shop/home-and-ents/all?department=Electrical&viewAll=department&page=,£13.00,£13.00/each,,,/groceries/en-GB/products/309629779,https://digitalcontent.api.tesco.com/v2/media/ghs/38b9ce05-e429-4a94-a478-750e019889f4/958f762f-0eb6-4575-9346-880fb0ca475a_1037498355.jpeg?h=225&w=225,
306980429,Groov-E Metal Buds Bluetooth Earphones Black,https://www.tesco.com/groceries/en-GB/shop/home-and-ents/all?department=Electrical&viewAll=department&page=,£13.00,£13.00/each,£10.00 Clubcard Price,,/groceries/en-GB/products/306980429,https://digitalcontent.api.tesco.com/v2/media/ghs/b1270134-c33b-425a-a2a0-b1d5ac3d0466/73616cc5-f40e-4656-84e0-c815da835e90_1088558892.jpeg?h=225&w=225,
292992265,SanDisk Ultra Flair USB 3.0 Memory Stick 32gb,https://www.tesco.com/groceries/en-GB/shop/home-and-ents/all?department=Electrical&viewAll=department&page=,£12.00,£12.00/each,,,/groceries/en-GB/products/292992265,https://digitalcontent.api.tesco.com/v2/media/ghs/c1a56eff-e5be-4158-9d17-146841201ef1/ed076a49-235c-4a02-a476-2f5825bb3b84_1453178129.jpeg?h=225&w=225,
310083761,Juice Social Selfie Ring Light Rose Gold,https://www.tesco.com/groceries/en-GB/shop/home-and-ents/all?department=Electrical&viewAll=department&page=,£10.00,£10.00/each,£5.00 Clubcard Price,,/groceries/en-GB/products/310083761,https://digitalcontent.api.tesco.com/v2/media/ghs/eb09c29c-7eae-44ca-a44d-6bce23145e3c/3807acd3-2ec0-4563-997b-10e0e92071ec_935080849.jpeg?h=225&w=225,
295965817,Jvc Hafx7m Gumy Earphones Pink,https://www.tesco.com/groceries/en-GB/shop/home-and-ents/all?department=Electrical&viewAll=department&page=,£10.00,£10.00/each,,,/groceries/en-GB/products/295965817,https://digitalcontent.api.tesco.com/v2/media/ghs/1699cf56-100d-4f62-b23e-975e82dbfe9e/f3d2f557-30f5-4155-ad80-e815ef2a8bf8_1755349952.jpeg?h=225&w=225,
295965777,Jvc Gumy Earphones Black,https://www.tesco.com/groceries/en-GB/shop/home-and-ents/all?department=Electrical&viewAll=department&page=,£10.00,£10.00/each,,,/groceries/en-GB/products/295965777,https://digitalcontent.api.tesco.com/v2/media/ghs/9a57b4d5-ce85-4e15-8dc2-397f5a2ae882/a6c4a82b-13dd-4320-bc13-e4244c7f93f9_25102268.jpeg?h=225&w=225,
295965783,Jvc Hafx7m Gumy Earphones Blue,https://www.tesco.com/groceries/en-GB/shop/home-and-ents/all?department=Electrical&viewAll=department&page=,£10.00,£10.00/each,,,/groceries/en-GB/products/295965783,https://digitalcontent.api.tesco.com/v2/media/ghs/e0f70e11-eb01-468a-a38f-84a7f576e8dc/85508b25-7010-45b4-b2c2-d3062f23a77b_990552334.jpeg?h=225&w=225,
290165390,Tresemme Fast Dry 2000 9142Tu,https://www.tesco.com/groceries/en-GB/shop/home-and-ents/all?department=Electrical&viewAll=department&page=,£14.00,£14.00/each,,,/groceries/en-GB/products/290165390,https://digitalcontent.api.tesco.com/v2/media/ghs/9defcec0-6be2-4d47-9642-2f0eb4141cdf/3d824887-9656-4fc2-9aff-4e46c2cd6ed2_64607593.jpeg?h=225&w=225,
262861116,Wahl Homepro Mains Operated Clipper 91458,https://www.tesco.com/groceries/en-GB/shop/home-and-ents/all?department=Electrical&viewAll=department&page=,£13.00,£13.00/each,,,/groceries/en-GB/products/262861116,https://digitalcontent.api.tesco.com/v2/media/ghs/5301e273-d625-478f-b586-342ff4e9042f/0c1916da-461b-4042-98cb-4f31cd2b426b_1428584179.jpeg?h=225&w=225,
297729058,Tesco Black Toaster 2 Slice,https://www.tesco.com/groceries/en-GB/shop/home-and-ents/all?department=Electrical&viewAll=department&page=,£13.50,£13.50/each,,,/groceries/en-GB/products/297729058,https://digitalcontent.api.tesco.com/v2/media/ghs/47f6e116-3938-425b-810b-25ea50f98e63/cf41659b-7860-418d-af38-295af6041b13_600066842.jpeg?h=225&w=225,
306351692,Groov-e iPhone 11 Pro Clear Case,https://www.tesco.com/groceries/en-GB/shop/home-and-ents/all?department=Electrical&viewAll=department&page=,£6.00,£6.00/each,£3.00 Clubcard Price,,/groceries/en-GB/products/306351692,https://digitalcontent.api.tesco.com/v2/media/ghs/53695afb-8c27-4f8f-b00a-e4c9dce79929/5b2d78fa-2a1c-430a-91d0-be348b4d6576_66128891.jpeg?h=225&w=225,
295986896,Tesco 1m Micro USB Cable White,https://www.tesco.com/groceries/en-GB/shop/home-and-ents/all?department=Electrical&viewAll=department&page=,£6.00,£6.00/each,,,/groceries/en-GB/products/295986896,https://digitalcontent.api.tesco.com/v2/media/ghs/3179e859-75c9-4dbc-8424-d1dd406622d6/a630e20c-6005-48af-9798-9d57a84de6e9_1966845817.jpeg?h=225&w=225,
296822317,Tesco White Rapid Boil Kettle,https://www.tesco.com/groceries/en-GB/shop/home-and-ents/all?department=Electrical&viewAll=department&page=,£13.50,£13.50/each,,,/groceries/en-GB/products/296822317,https://digitalcontent.api.tesco.com/v2/media/ghs/51cdb3e5-cf1f-44db-b2c8-142d9be7a87f/61de33e4-9289-4f5b-966f-b9f39600f6fb_1267551820.jpeg?h=225&w=225,
291446937,Tesco Usb Cable Kit,https://www.tesco.com/groceries/en-GB/shop/home-and-ents/all?department=Electrical&viewAll=department&page=,£12.00,£12.00/each,,,/groceries/en-GB/products/291446937,https://digitalcontent.api.tesco.com/v2/media/ghs/cba8a9b4-7176-49f6-9ddc-aeb3aa6f8424/6f6bfa94-6f75-42fd-89f1-204564bb387f_56483855.jpeg?h=225&w=225,
307806418,Philips Led Gu10 50W Dimmable,https://www.tesco.com/groceries/en-GB/shop/home-and-ents/all?department=Electrical&viewAll=department&page=,£5.00,£5.00/each,,,/groceries/en-GB/products/307806418,https://digitalcontent.api.tesco.com/v2/media/ghs/84c1598e-7018-455e-978b-05f2e90d160e/04a5e7e5-31a8-4b99-9b63-016992665faa_1258315947.jpeg?h=225&w=225,
306245305,Status Energy Saving 24 Hour Mechanical Timer,https://www.tesco.com/groceries/en-GB/shop/home-and-ents/all?department=Electrical&viewAll=department&page=,£5.50,£5.50/each,,,/groceries/en-GB/products/306245305,https://digitalcontent.api.tesco.com/v2/media/ghs/bd2eab4f-384f-4368-930f-d892acad3481/2ac2f225-ba5c-409a-bb1a-568c4cc765e5_128452803.jpeg?h=225&w=225,
307806378,Philips Led Filament Classic 60W Edison Screw Dimmable,https://www.tesco.com/groceries/en-GB/shop/home-and-ents/all?department=Electrical&viewAll=department&page=,£6.00,£6.00/each,,,/groceries/en-GB/products/307806378,https://digitalcontent.api.tesco.com/v2/media/ghs/9295fa60-91e1-4c83-9df7-6b1b5b3bba39/9ef41dd0-c94d-4ad3-9cd3-7ffeb7ba96df_1872282203.jpeg?h=225&w=225,
312084964,Status Led Colour Changing Night Light,https://www.tesco.com/groceries/en-GB/shop/home-and-ents/all?department=Electrical&viewAll=department&page=,£7.00,£7.00/each,,,/groceries/en-GB/products/312084964,https://digitalcontent.api.tesco.com/v2/media/ghs/83c460d0-f10a-43e3-ac19-b89dec048e7f/9b2a9507-4eb7-47c1-83e1-15e70839c37a_269557823.jpeg?h=225&w=225,
309377242,Tesco Led Candle 40W Edison Screw 2 Pack,https://www.tesco.com/groceries/en-GB/shop/home-and-ents/all?department=Electrical&viewAll=department&page=,£3.50,£1.75/each,,,/groceries/en-GB/products/309377242,https://digitalcontent.api.tesco.com/v2/media/ghs/c2644b5d-4a21-41d3-ba03-bd335a642369/d1ec2bdf-fc29-496e-9de1-c2fdb5c72766_1143940156.jpeg?h=225&w=225,
260203224,Maxell DVD-R 10 Pack Spindle,https://www.tesco.com/groceries/en-GB/shop/home-and-ents/all?department=Electrical&viewAll=department&page=,£5.00,£0.50/each,,,/groceries/en-GB/products/260203224,https://digitalcontent.api.tesco.com/v2/media/ghs/d53ec73b-ebb7-46b2-9b18-153aba384300/b1e79615-cf40-4b23-b8fa-2b0bed14e8d4_1126605610.jpeg?h=225&w=225,
270168394,Babyliss Energy Replacement Cells 4580U,https://www.tesco.com/groceries/en-GB/shop/home-and-ents/all?department=Electrical&viewAll=department&page=,£7.00,£7.00/each,,,/groceries/en-GB/products/270168394,https://digitalcontent.api.tesco.com/v2/media/ghs/7938dbc2-df2a-4ed4-9e6b-4c9e7b327f60/08bb77b0-1508-4f5a-8968-4a587ff78414_1660104108.jpeg?h=225&w=225,
307074344,Mixx Buds Earphones Black,https://www.tesco.com/groceries/en-GB/shop/home-and-ents/all?department=Electrical&viewAll=department&page=,£4.50,£4.50/each,,,/groceries/en-GB/products/307074344,https://digitalcontent.api.tesco.com/v2/media/ghs/e1c1d3df-d274-4816-8952-93585b562c4b/c9d8add3-3548-4fc9-8713-38e22b17924a_1445151373.jpeg?h=225&w=225,
309377081,Tesco Led Classic 40W Edison Screw Cool White 2 Pack,https://www.tesco.com/groceries/en-GB/shop/home-and-ents/all?department=Electrical&viewAll=department&page=,£3.50,£1.75/each,,,/groceries/en-GB/products/309377081,https://digitalcontent.api.tesco.com/v2/media/ghs/789ea999-c3bb-4a4c-aca0-d00a9603eba4/0daa5bff-0b4d-4fe3-903c-106343f7e9ef_329962378.jpeg?h=225&w=225,
312711767,Juice Black Magtec 10K Powerbank,https://www.tesco.com/groceries/en-GB/shop/home-and-ents/all?department=Electrical&viewAll=department&page=,£30.00,£30.00/each,,New,/groceries/en-GB/products/312711767,https://digitalcontent.api.tesco.com/v2/media/ghs/dc8e1055-3386-4b3b-9ac5-b3cf9d7457f0/d59af042-4cf4-4295-913e-4a9007dc287d_1126253861.jpeg?h=225&w=225,
307179917,Babyliss 2136U Airstyler 1000,https://www.tesco.com/groceries/en-GB/shop/home-and-ents/all?department=Electrical&viewAll=department&page=,£60.00,£60.00/each,£45.00 Clubcard Price,,/groceries/en-GB/products/307179917,https://digitalcontent.api.tesco.com/v2/media/ghs/93b6d8ae-562a-4604-a498-e434359f09d9/4f298e44-2558-4dc1-94d3-ae9ed74e0283_1617614252.jpeg?h=225&w=225,
304630238,Philips S3134 Shaver,https://www.tesco.com/groceries/en-GB/shop/home-and-ents/all?department=Electrical&viewAll=department&page=,£65.00,£65.00/each,£45.00 Clubcard Price,,/groceries/en-GB/products/304630238,https://digitalcontent.api.tesco.com/v2/media/ghs/4a9860c3-58e6-4de7-802b-589b83388227/0768c97c-9490-49c2-82dd-10dc16490294_1566198621.jpeg?h=225&w=225,
307037809,Braun Bt3240 Beard Trimmer And Gilette,https://www.tesco.com/groceries/en-GB/shop/home-and-ents/all?department=Electrical&viewAll=department&page=,£45.00,£45.00/each,£30.00 Clubcard Price,,/groceries/en-GB/products/307037809,https://digitalcontent.api.tesco.com/v2/media/ghs/0d604964-eca1-4730-99c6-6af0f0ace36e/eb2b4fef-2df4-41b0-81c0-adaae87a4ed9_1110379365.jpeg?h=225&w=225,
305178904,"Juice 5 Charge Powerbank 15,000mAh Black",https://www.tesco.com/groceries/en-GB/shop/home-and-ents/all?department=Electrical&viewAll=department&page=,£30.00,£30.00/each,£22.50 Clubcard Price,,/groceries/en-GB/products/305178904,https://digitalcontent.api.tesco.com/v2/media/ghs/9b59538c-dff7-4c4b-bb83-8bcf324f03da/e9a9bf97-9c23-4759-ae04-06b6fb43cc7f_838415628.jpeg?h=225&w=225,
311227700,Mixx Streambuds Micro Anc Earphones Black,https://www.tesco.com/groceries/en-GB/shop/home-and-ents/all?department=Electrical&viewAll=department&page=,£35.00,£35.00/each,£30.00 Clubcard Price,,/groceries/en-GB/products/311227700,https://digitalcontent.api.tesco.com/v2/media/ghs/28957cfd-cb78-4ded-96da-47bb0d3451ce/1b4a3b8a-527f-472a-bdf9-27a41ca9e1df_137486807.jpeg?h=225&w=225,
305178893,"Juice 3 Charge Powerbank, 10,000mAh Grey",https://www.tesco.com/groceries/en-GB/shop/home-and-ents/all?department=Electrical&viewAll=department&page=,£20.00,£20.00/each,,,/groceries/en-GB/products/305178893,https://digitalcontent.api.tesco.com/v2/media/ghs/ef52da45-7e0e-4986-a24e-37bcb2fd9569/6e8e2b90-b4cd-44b9-b333-48f759eb8f34_1539288871.jpeg?h=225&w=225,
306758695,Juice Type C 3m Charging Cable Black,https://www.tesco.com/groceries/en-GB/shop/home-and-ents/all?department=Electrical&viewAll=department&page=,£18.00,£18.00/each,£13.50 Clubcard Price,,/groceries/en-GB/products/306758695,https://digitalcontent.api.tesco.com/v2/media/ghs/e5bcddb1-22f3-4a28-9033-dde0387991ff/72efab46-74ec-41f9-88e0-a3d9e34998a0_792386358.jpeg?h=225&w=225,
296756453,Babyliss For Men 7456U Powerblade Pro Clipper,https://www.tesco.com/groceries/en-GB/shop/home-and-ents/all?department=Electrical&viewAll=department&page=,£35.00,£35.00/each,£25.00 Clubcard Price,,/groceries/en-GB/products/296756453,https://digitalcontent.api.tesco.com/v2/media/ghs/08326c36-8482-4bed-977c-6e44f50577de/6239abb0-ce0a-402c-8b51-05304c598998_375782721.jpeg?h=225&w=225,
306758689,Juice Type C 2m Charging Cable Black,https://www.tesco.com/groceries/en-GB/shop/home-and-ents/all?department=Electrical&viewAll=department&page=,£15.00,£15.00/each,,,/groceries/en-GB/products/306758689,https://digitalcontent.api.tesco.com/v2/media/ghs/e925467b-d6c2-405d-bff8-57510cce3c99/43b300b6-97ac-4e54-8e54-5f697b0282cc_1369321326.jpeg?h=225&w=225,
307591359,Belkin 10W Wireless Charger White,https://www.tesco.com/groceries/en-GB/shop/home-and-ents/all?department=Electrical&viewAll=department&page=,£15.00,£15.00/each,,,/groceries/en-GB/products/307591359,https://digitalcontent.api.tesco.com/v2/media/ghs/125b0c6f-b94c-4771-a60a-c7146dad05ef/94c8cc1a-7b6e-43ff-9ca2-fc9a5b80c047_1646927061.jpeg?h=225&w=225,
300434523,Tesco 2M Lightning Cable White,https://www.tesco.com/groceries/en-GB/shop/home-and-ents/all?department=Electrical&viewAll=department&page=,£14.00,£14.00/each,,,/groceries/en-GB/products/300434523,https://digitalcontent.api.tesco.com/v2/media/ghs/44be11f4-07f0-42dc-af6c-8276d0b3e607/3c274313-ab37-4b1d-91a2-8607a823730e_1384984541.jpeg?h=225&w=225,
310040582,Status Extra 4Way2 2Usb In Black,https://www.tesco.com/groceries/en-GB/shop/home-and-ents/all?department=Electrical&viewAll=department&page=,£15.00,£15.00/each,,,/groceries/en-GB/products/310040582,https://digitalcontent.api.tesco.com/v2/media/ghs/96170b2c-0cfc-478d-9411-bb562ee21d19/b80441b3-892b-4d72-8b72-779f0d8d79ce_1762662582.jpeg?h=225&w=225,
311801458,Status Desk Top Usb & C Adapter,https://www.tesco.com/groceries/en-GB/shop/home-and-ents/all?department=Electrical&viewAll=department&page=,£15.00,£15.00/each,,,/groceries/en-GB/products/311801458,https://digitalcontent.api.tesco.com/v2/media/ghs/149abb4e-2948-422f-8fee-581062d5ce09/03c061a7-7af3-4b31-b330-b1b69acfa465_1782637046.jpeg?h=225&w=225,
312225073,Kenwood Hmp10 Quickmix Lite White Hand Mixer,https://www.tesco.com/groceries/en-GB/shop/home-and-ents/all?department=Electrical&viewAll=department&page=,£24.00,£24.00/each,£19.00 Clubcard Price,,/groceries/en-GB/products/312225073,https://digitalcontent.api.tesco.com/v2/media/ghs/d650e559-d2d7-4c3f-b894-dd2dc2ef12e8/33005971-16b1-4136-87dc-8f5d14cb683d_307343838.jpeg?h=225&w=225,
306437637,Tesco 15 Metre 2 Way Cable Reel 13A,https://www.tesco.com/groceries/en-GB/shop/home-and-ents/all?department=Electrical&viewAll=department&page=,£22.00,£22.00/each,,,/groceries/en-GB/products/306437637,https://digitalcontent.api.tesco.com/v2/media/ghs/9f0ead83-33ba-4819-b2cb-424b772c2d1c/488678c2-9aa7-4c6b-b2c2-dad9ea2418ba_1076859028.jpeg?h=225&w=225,
308439056,Philips Qc5115/13 Hair Clipper,https://www.tesco.com/groceries/en-GB/shop/home-and-ents/all?department=Electrical&viewAll=department&page=,£25.00,£25.00/each,£14.00 Clubcard Price,,/groceries/en-GB/products/308439056,https://digitalcontent.api.tesco.com/v2/media/ghs/99ae8e9a-e045-42cc-8cb5-95c801a31257/f676ff1c-0690-4ff0-a608-f1366e1b39dc_2117424824.jpeg?h=225&w=225,
311221136,Mixx Streambuds Play Wireless Earphones Black,https://www.tesco.com/groceries/en-GB/shop/home-and-ents/all?department=Electrical&viewAll=department&page=,£18.00,£18.00/each,,,/groceries/en-GB/products/311221136,https://digitalcontent.api.tesco.com/v2/media/ghs/16308ca6-e12f-40dc-b826-81646a7b947a/1accab39-9907-4d7c-b478-aec2eb503a75_1701033481.jpeg?h=225&w=225,
312711822,Groov-E Iphone 14 Pro Screen Protector,https://www.tesco.com/groceries/en-GB/shop/home-and-ents/all?department=Electrical&viewAll=department&page=,£9.00,£9.00/each,,New,/groceries/en-GB/products/312711822,https://digitalcontent.api.tesco.com/v2/media/ghs/b03a7ba4-d705-4344-9161-9dc2f7bd6ee1/646e03d8-48a0-48bd-b0be-850864d5d125_2009107.jpeg?h=225&w=225,
309931623,Energizer Rechargable Torch,https://www.tesco.com/groceries/en-GB/shop/home-and-ents/all?department=Electrical&viewAll=department&page=,£12.00,£12.00/each,,,/groceries/en-GB/products/309931623,https://digitalcontent.api.tesco.com/v2/media/ghs/4bee2396-fc73-4079-a4f8-ebbdcfaa297d/aef859bd-0169-4a25-990a-6dd983d1308e_1479272980.jpeg?h=225&w=225,
275286735,SanDisk Ultra SDHC Card 32gb,https://www.tesco.com/groceries/en-GB/shop/home-and-ents/all?department=Electrical&viewAll=department&page=,£12.00,£12.00/each,,,/groceries/en-GB/products/275286735,https://digitalcontent.api.tesco.com/v2/media/ghs/abdc489c-3034-4782-b3f5-44a10ad247b6/27f30cf1-8f19-4f6d-a2ec-532a139327d9_1878636752.jpeg?h=225&w=225,
290277580,Russell Hobbs Hand Blender,https://www.tesco.com/groceries/en-GB/shop/home-and-ents/all?department=Electrical&viewAll=department&page=,£15.00,£15.00/each,,,/groceries/en-GB/products/290277580,https://digitalcontent.api.tesco.com/v2/media/ghs/5c74844a-3220-474e-bbe9-dac361c83cda/b1eff5c6-95af-45dc-887d-2c99ca88e32e_466730574.jpeg?h=225&w=225,
300434539,Tesco 2m Micro USB Cable White,https://www.tesco.com/groceries/en-GB/shop/home-and-ents/all?department=Electrical&viewAll=department&page=,£8.00,£8.00/each,,,/groceries/en-GB/products/300434539,https://digitalcontent.api.tesco.com/v2/media/ghs/09a1fad7-fe65-4e7f-bb85-5e8af465ea3d/7393db9b-aba8-4af6-8b4c-105f5f7841bc_1806049579.jpeg?h=225&w=225,
289357106,Tesco 24 Led & 0.5W Multiuse Torch,https://www.tesco.com/groceries/en-GB/shop/home-and-ents/all?department=Electrical&viewAll=department&page=,£8.50,£8.50/each,,,/groceries/en-GB/products/289357106,https://digitalcontent.api.tesco.com/v2/media/ghs/e7f168e0-5f3f-4107-9c47-2743fadedef1/55cca501-405d-4ad5-bfc9-f4d665df1f2b_1378123608.jpeg?h=225&w=225,
306352028,Groov-e iPhone 6/7/8/SE Plus Glass Screen Protector,https://www.tesco.com/groceries/en-GB/shop/home-and-ents/all?department=Electrical&viewAll=department&page=,£9.00,£9.00/each,,,/groceries/en-GB/products/306352028,https://digitalcontent.api.tesco.com/v2/media/ghs/504a3c3d-9d52-4977-a742-5729fbc0cd61/c9a117f0-0938-427e-9450-26c620460f49_111307080.jpeg?h=225&w=225,
311214257,Juice Melody Eco Bluetooth Speaker,https://www.tesco.com/groceries/en-GB/shop/home-and-ents/all?department=Electrical&viewAll=department&page=,£10.00,£10.00/each,,,/groceries/en-GB/products/311214257,https://digitalcontent.api.tesco.com/v2/media/ghs/b1050485-8255-4d4f-827b-9d7196a12d8d/a55412e5-f07f-450b-b555-1e384ba6e31c_2092012841.jpeg?h=225&w=225,
310314898,Groov-e Iphone 13 Clear Case,https://www.tesco.com/groceries/en-GB/shop/home-and-ents/all?department=Electrical&viewAll=department&page=,£6.00,£6.00/each,,,/groceries/en-GB/products/310314898,https://digitalcontent.api.tesco.com/v2/media/ghs/2c8a4137-67c0-4b5b-9c41-1a09eb6d2f81/28dfa972-ee96-4910-821c-7050621cc3ed_1866631533.jpeg?h=225&w=225,
306351611,Groov-e iPhone 11 Clear Case,https://www.tesco.com/groceries/en-GB/shop/home-and-ents/all?department=Electrical&viewAll=department&page=,£6.00,£6.00/each,,,/groceries/en-GB/products/306351611,https://digitalcontent.api.tesco.com/v2/media/ghs/10e0e473-824d-4e40-8793-c3fd77f202f3/b439cfd3-07c7-4864-a4d0-ce71f6c76781_42034801.jpeg?h=225&w=225,
282227018,Tesco 1m Micro USB Cable Black,https://www.tesco.com/groceries/en-GB/shop/home-and-ents/all?department=Electrical&viewAll=department&page=,£6.00,£6.00/each,,,/groceries/en-GB/products/282227018,https://digitalcontent.api.tesco.com/v2/media/ghs/27d4515a-b42e-4a69-9f98-0d6237018025/7003419a-6187-4002-8497-a00c53e0d970_2086986227.jpeg?h=225&w=225,
306352119,Groov-e iPhone XR Clear Case,https://www.tesco.com/groceries/en-GB/shop/home-and-ents/all?department=Electrical&viewAll=department&page=,£6.00,£6.00/each,£3.00 Clubcard Price,,/groceries/en-GB/products/306352119,https://digitalcontent.api.tesco.com/v2/media/ghs/c0164d52-c85c-4163-b97c-5f8b65d160ec/25821217-63f5-47a3-a5a6-4b47040de683_1338320557.jpeg?h=225&w=225,
303922511,Tesco 3.1A Dual Port Car Charger,https://www.tesco.com/groceries/en-GB/shop/home-and-ents/all?department=Electrical&viewAll=department&page=,£8.00,£8.00/each,,,/groceries/en-GB/products/303922511,https://digitalcontent.api.tesco.com/v2/media/ghs/d35a6887-387b-4bb1-9874-b55eaf580321/95d09172-bfa1-4190-a860-ba2244b04d80_1817979915.jpeg?h=225&w=225,
281016615,Tesco Sandwich Toaster,https://www.tesco.com/groceries/en-GB/shop/home-and-ents/all?department=Electrical&viewAll=department&page=,£12.00,£12.00/each,,,/groceries/en-GB/products/281016615,https://digitalcontent.api.tesco.com/v2/media/ghs/65ce6820-ec80-4978-aa9a-4de7739d8128/5621ea4e-9176-4eee-bb9a-000a453f4cb2_1367394074.jpeg?h=225&w=225,
310083755,Juice Social Bluetooth Remote Control,https://www.tesco.com/groceries/en-GB/shop/home-and-ents/all?department=Electrical&viewAll=department&page=,£5.00,£5.00/each,£2.50 Clubcard Price,,/groceries/en-GB/products/310083755,https://digitalcontent.api.tesco.com/v2/media/ghs/35e8e9c8-2698-4586-b456-40819971aa64/da922d89-93f3-4402-b5c5-be25343c3acf_1386562166.jpeg?h=225&w=225,
282226970,Tesco 3O Pin iPod Charge Sync 1m Cable,https://www.tesco.com/groceries/en-GB/shop/home-and-ents/all?department=Electrical&viewAll=department&page=,£5.00,£5.00/each,,,/groceries/en-GB/products/282226970,https://digitalcontent.api.tesco.com/v2/media/ghs/74c54691-ee25-453c-a5de-4f2257f47bf2/2017f19a-73af-4623-b01a-c94cd2189580_1761885506.jpeg?h=225&w=225,
270722337,Sony Mdr E9lp In Ear Blue,https://www.tesco.com/groceries/en-GB/shop/home-and-ents/all?department=Electrical&viewAll=department&page=,£6.50,£6.50/each,,,/groceries/en-GB/products/270722337,https://digitalcontent.api.tesco.com/v2/media/ghs/c13dc3d8-27e0-4d90-b72a-366d8d73dfc5/dc6188a4-f20f-47b9-908e-7f079b4ff8c5_860623618.jpeg?h=225&w=225,
306245311,Status Energy Saving 7 Day Electronic Timer,https://www.tesco.com/groceries/en-GB/shop/home-and-ents/all?department=Electrical&viewAll=department&page=,£7.00,£7.00/each,,,/groceries/en-GB/products/306245311,https://digitalcontent.api.tesco.com/v2/media/ghs/a83f19c5-b84b-4aca-9d45-46cd953be5ec/71a54947-4a96-4119-a777-ed1a996b2455_952888738.jpeg?h=225&w=225,
275657631,Tesco 1M Aerial Lead Tca1aw12,https://www.tesco.com/groceries/en-GB/shop/home-and-ents/all?department=Electrical&viewAll=department&page=,£6.00,£6.00/each,,,/groceries/en-GB/products/275657631,https://digitalcontent.api.tesco.com/v2/media/ghs/dce046e6-c44a-494c-bdf3-64cbb470d391/02ba6c15-72cd-4435-b679-d384fe239054_394519694.jpeg?h=225&w=225,
258564858,Maxell CD-R 10 Pack Spindle,https://www.tesco.com/groceries/en-GB/shop/home-and-ents/all?department=Electrical&viewAll=department&page=,£6.00,£0.60/each,,,/groceries/en-GB/products/258564858,https://digitalcontent.api.tesco.com/v2/media/ghs/cab22b54-3983-41cf-a161-a4c3c24d00b8/586585ee-c974-4564-a227-217fbea6306b_1295610574.jpeg?h=225&w=225,
310040616,Status 2Way Plug Adaptor 2Usb,https://www.tesco.com/groceries/en-GB/shop/home-and-ents/all?department=Electrical&viewAll=department&page=,£8.00,£8.00/each,,,/groceries/en-GB/products/310040616,https://digitalcontent.api.tesco.com/v2/media/ghs/bbf3fb3b-4774-4d45-9d1e-745651c42e8c/2554145d-02fe-476d-abd1-f6a2c57ef9d8_435972376.jpeg?h=225&w=225,
255678248,Tesco Shaver Adaptor Plug,https://www.tesco.com/groceries/en-GB/shop/home-and-ents/all?department=Electrical&viewAll=department&page=,£3.00,£3.00/each,,,/groceries/en-GB/products/255678248,https://digitalcontent.api.tesco.com/v2/media/ghs/cf72079a-937f-4bdf-8855-f2bb2b2ee2ec/b7566b90-d2bd-4cb6-911d-85f692b82b08_238607271.jpeg?h=225&w=225,
260203126,Maxell DVD+R 10 Pack Spindle,https://www.tesco.com/groceries/en-GB/shop/home-and-ents/all?department=Electrical&viewAll=department&page=,£5.00,£0.50/each,,,/groceries/en-GB/products/260203126,https://digitalcontent.api.tesco.com/v2/media/ghs/d594c5a0-e10a-4592-93c6-c11eb17160c9/5d185182-7e8e-4f28-96c6-94335f89d255_835349044.jpeg?h=225&w=225,
309377121,Tesco Led Classic 60W Edison Screw Cool White 2 Pack,https://www.tesco.com/groceries/en-GB/shop/home-and-ents/all?department=Electrical&viewAll=department&page=,£3.50,£1.75/each,,,/groceries/en-GB/products/309377121,https://digitalcontent.api.tesco.com/v2/media/ghs/96196011-0f4d-4d8c-98cc-b86af77af9f9/3d87f138-8849-49bb-bb7d-62fac1431849_83711226.jpeg?h=225&w=225,
307074367,Mixx Buds Earphones White,https://www.tesco.com/groceries/en-GB/shop/home-and-ents/all?department=Electrical&viewAll=department&page=,£4.50,£4.50/each,,,/groceries/en-GB/products/307074367,https://digitalcontent.api.tesco.com/v2/media/ghs/019e0508-f3fb-44b5-8a54-35909b9ec25d/3c3c0b47-4653-4948-b666-ed6be9991559_436515197.jpeg?h=225&w=225,
296236245,Tesco Led Light Wand,https://www.tesco.com/groceries/en-GB/shop/home-and-ents/all?department=Electrical&viewAll=department&page=,£3.00,£3.00/each,,,/groceries/en-GB/products/296236245,https://digitalcontent.api.tesco.com/v2/media/ghs/56aab826-ec2c-41e4-aa94-1395135b0698/7e4c03e1-fc8a-4bc6-97b5-be36fee10e14_458337760.jpeg?h=225&w=225,
306963912,George Foreman Medium,https://www.tesco.com/groceries/en-GB/shop/home-and-ents/all?department=Electrical&viewAll=department&page=,£45.00,£45.00/each,,,/groceries/en-GB/products/306963912,https://digitalcontent.api.tesco.com/v2/media/ghs/2d71bf4a-9167-4d40-9723-144cc07ea0b1/b1ba6af3-769e-4766-bb25-a9d7f91328f5_1865419966.jpeg?h=225&w=225,
292992288,SanDisk Ultra Flair USB 3.0 Memory Stick 128gb,https://www.tesco.com/groceries/en-GB/shop/home-and-ents/all?department=Electrical&viewAll=department&page=,£32.00,£32.00/each,,,/groceries/en-GB/products/292992288,https://digitalcontent.api.tesco.com/v2/media/ghs/b4db0c4e-d51a-44d2-99fa-8af145afcb7a/1ef45cfa-062a-4744-ba72-03d2592f05df_753500215.jpeg?h=225&w=225,
303748314,Groov-E Wireless Noise Cancelling Headphones,https://www.tesco.com/groceries/en-GB/shop/home-and-ents/all?department=Electrical&viewAll=department&page=,£35.00,£35.00/each,,,/groceries/en-GB/products/303748314,https://digitalcontent.api.tesco.com/v2/media/ghs/e7a3524b-e943-4315-9eb6-9c0d1efa883e/9847e60e-50df-40ee-914a-0220d823d0cd_2006237560.jpeg?h=225&w=225,
309112297,Remington F4 Foil Shaver,https://www.tesco.com/groceries/en-GB/shop/home-and-ents/all?department=Electrical&viewAll=department&page=,£40.00,£40.00/each,£35.00 Clubcard Price,,/groceries/en-GB/products/309112297,https://digitalcontent.api.tesco.com/v2/media/ghs/ff93a67a-4d36-4808-aae4-9d14bb20ebe6/023a92d5-ac71-452f-bb13-ba9f3ec8b267_1091743788.jpeg?h=225&w=225,
303717363,Juice Apple Lightning 3m Braided Charging Cable Rose Gold,https://www.tesco.com/groceries/en-GB/shop/home-and-ents/all?department=Electrical&viewAll=department&page=,£20.00,£20.00/each,,,/groceries/en-GB/products/303717363,https://digitalcontent.api.tesco.com/v2/media/ghs/abc68a62-8001-4974-a4b9-07b5d51bb3cc/834b86ff-07e0-48cb-85ee-4987f412ac4d_546604987.jpeg?h=225&w=225,
307208654,Braun Series 3 310Bt Shaver And Styler,https://www.tesco.com/groceries/en-GB/shop/home-and-ents/all?department=Electrical&viewAll=department&page=,£50.00,£50.00/each,£40.00 Clubcard Price,,/groceries/en-GB/products/307208654,https://digitalcontent.api.tesco.com/v2/media/ghs/3868e534-6ca1-4bc7-b0c0-1a0503bfd657/28c3e9ba-23fb-4b05-9be1-b883f7182fed_234489555.jpeg?h=225&w=225,
310321699,Juice USB-C To USB-C Braided Cable 1m Navy,https://www.tesco.com/groceries/en-GB/shop/home-and-ents/all?department=Electrical&viewAll=department&page=,£18.00,£18.00/each,,,/groceries/en-GB/products/310321699,https://digitalcontent.api.tesco.com/v2/media/ghs/6031b099-a0cf-4a8f-b262-b24df75e4970/ee86fc37-aee8-4b79-85a4-b39c6ce30357_1456415913.jpeg?h=225&w=225,
303717392,Juice Apple Lightning - Type C 2m Charging Cable White,https://www.tesco.com/groceries/en-GB/shop/home-and-ents/all?department=Electrical&viewAll=department&page=,£18.00,£18.00/each,,,/groceries/en-GB/products/303717392,https://digitalcontent.api.tesco.com/v2/media/ghs/0ef2adc0-e06e-4e4a-ac5e-c20c785374ac/9cd89d4f-8d87-4cd4-81c9-54f527d938ec_1686979975.jpeg?h=225&w=225,
305178949,Mixx Streambuds Lx True Wireless Earphones Black,https://www.tesco.com/groceries/en-GB/shop/home-and-ents/all?department=Electrical&viewAll=department&page=,£25.00,£25.00/each,£20.00 Clubcard Price,,/groceries/en-GB/products/305178949,https://digitalcontent.api.tesco.com/v2/media/ghs/d8a29bd8-e181-4c09-97f3-c728881ad747/a0fa4380-7619-4ca1-be96-4acf50f52bb9_1863453372.jpeg?h=225&w=225,
306916059,Braun Mgk 3221,https://www.tesco.com/groceries/en-GB/shop/home-and-ents/all?department=Electrical&viewAll=department&page=,£32.00,£32.00/each,£20.00 Clubcard Price,,/groceries/en-GB/products/306916059,https://digitalcontent.api.tesco.com/v2/media/ghs/e2a2a388-3431-489f-9b69-150197a33546/084c555e-03d4-4cb8-8149-9dffd12debc8_105159961.jpeg?h=225&w=225,
304533843,Braun Se3420 Epilator W Bikini Trimmer,https://www.tesco.com/groceries/en-GB/shop/home-and-ents/all?department=Electrical&viewAll=department&page=,£35.00,£35.00/each,,,/groceries/en-GB/products/304533843,https://digitalcontent.api.tesco.com/v2/media/ghs/590d5bc4-8709-4299-8c8a-54d44ae6e0fa/8db0cb1b-a669-404b-92c4-c9557d9e4ce1_1486957771.jpeg?h=225&w=225,
311683510,Juice Dab Radio,https://www.tesco.com/groceries/en-GB/shop/home-and-ents/all?department=Electrical&viewAll=department&page=,£20.00,£20.00/each,,,/groceries/en-GB/products/311683510,https://digitalcontent.api.tesco.com/v2/media/ghs/1615ad7a-27cb-4333-9910-d91ebd47d8ca/ecae9332-ade7-493e-9136-f9ad340d1596_30106737.jpeg?h=225&w=225,
292992271,SanDisk Ultra Flair USB 3.0 Memory Stick 64gb,https://www.tesco.com/groceries/en-GB/shop/home-and-ents/all?department=Electrical&viewAll=department&page=,£20.00,£20.00/each,£17.00 Clubcard Price,,/groceries/en-GB/products/292992271,https://digitalcontent.api.tesco.com/v2/media/ghs/37e2f7a8-c20e-456e-9731-e907be9fcdc3/8a3db94c-d37c-47c8-ae42-498a706606da_944569436.jpeg?h=225&w=225,
297392679,Russell Hobbs Easy Store 23780 Steam Iron Purple,https://www.tesco.com/groceries/en-GB/shop/home-and-ents/all?department=Electrical&viewAll=department&page=,£29.00,£29.00/each,,,/groceries/en-GB/products/297392679,https://digitalcontent.api.tesco.com/v2/media/ghs/30b54ab1-c6fe-42f7-aa08-3e76232c26f6/fabed814-fdb2-44ac-8622-57a0785da4d1_2136281270.jpeg?h=225&w=225,
267176935,Tresemme Salon Professional Diffuser Dryer 5543U,https://www.tesco.com/groceries/en-GB/shop/home-and-ents/all?department=Electrical&viewAll=department&page=,£28.00,£28.00/each,£24.00 Clubcard Price,,/groceries/en-GB/products/267176935,https://digitalcontent.api.tesco.com/v2/media/ghs/591c67b2-15b9-4fb3-a3fb-d909773ea045/f81c0b0f-e4aa-49b7-a8b5-73a7b2c91080_1809173594.jpeg?h=225&w=225,
312090207,Status Black White Desk Lamp With Phone Charging,https://www.tesco.com/groceries/en-GB/shop/home-and-ents/all?department=Electrical&viewAll=department&page=,£25.00,£25.00/each,,,/groceries/en-GB/products/312090207,https://digitalcontent.api.tesco.com/v2/media/ghs/3aa96d43-190e-484f-b8c2-4cc3a2f601e2/94155227-d139-4deb-bac5-fca499cebbaf_268659794.jpeg?h=225&w=225,
290165050,Tresemme Ceramic Styler 230 2089Tu,https://www.tesco.com/groceries/en-GB/shop/home-and-ents/all?department=Electrical&viewAll=department&page=,£25.00,£25.00/each,,,/groceries/en-GB/products/290165050,https://digitalcontent.api.tesco.com/v2/media/ghs/e497c1f6-3e80-4622-8606-a17f863a9f94/927c552b-47c8-4e55-8804-8786346fb908_95262302.jpeg?h=225&w=225,
301090299,Groov-E Rhythm Headphones Gvbt550,https://www.tesco.com/groceries/en-GB/shop/home-and-ents/all?department=Electrical&viewAll=department&page=,£18.00,£18.00/each,£15.00 Clubcard Price,,/groceries/en-GB/products/301090299,https://digitalcontent.api.tesco.com/v2/media/ghs/1da126d9-a06e-401c-8197-f9de7d0439a3/fb8a305a-de04-46e7-b5b2-a98e99b04625_1326140515.jpeg?h=225&w=225,
285023822,SanDisk Ultra SD Card 64gb,https://www.tesco.com/groceries/en-GB/shop/home-and-ents/all?department=Electrical&viewAll=department&page=,£18.00,£18.00/each,,,/groceries/en-GB/products/285023822,https://digitalcontent.api.tesco.com/v2/media/ghs/3c13b6d0-eed7-49b1-8403-1e1d6896ec73/d619046e-42cc-42ea-a96e-0965bf88d87a_963446481.jpeg?h=225&w=225,
285023807,SanDisk Ultra Micro SD Card 64gb,https://www.tesco.com/groceries/en-GB/shop/home-and-ents/all?department=Electrical&viewAll=department&page=,£18.00,£18.00/each,£15.00 Clubcard Price,,/groceries/en-GB/products/285023807,https://digitalcontent.api.tesco.com/v2/media/ghs/8dbc9516-d39d-4dcd-ae2e-1606517fea1c/1bcd1598-4cbe-4e88-b877-e99369da33f7_1711264603.jpeg?h=225&w=225,
309038863,Tower Deep Fill Sandwich Maker,https://www.tesco.com/groceries/en-GB/shop/home-and-ents/all?department=Electrical&viewAll=department&page=,£25.00,£25.00/each,,,/groceries/en-GB/products/309038863,https://digitalcontent.api.tesco.com/v2/media/ghs/c114ff06-f276-4c88-8a04-6cbba6540af8/60c1b844-9e56-4e6e-88db-deb6f7a835ed_385123227.jpeg?h=225&w=225,
311679619,Fire Angel 10Yr Carbon Monoxide Alarm Replaceable Battery,https://www.tesco.com/groceries/en-GB/shop/home-and-ents/all?department=Electrical&viewAll=department&page=,£20.00,£20.00/each,,,/groceries/en-GB/products/311679619,https://digitalcontent.api.tesco.com/v2/media/ghs/b686fd62-2b49-4718-9b93-710be56d4230/ba7c5dd7-6525-44a2-bb83-9f1449d66493_2002012969.jpeg?h=225&w=225,
308397869,Tower Cord/Cordless,https://www.tesco.com/groceries/en-GB/shop/home-and-ents/all?department=Electrical&viewAll=department&page=,£30.00,£30.00/each,£20.00 Clubcard Price,,/groceries/en-GB/products/308397869,https://digitalcontent.api.tesco.com/v2/media/ghs/a1479d8e-c650-44b3-bc86-996cf6fb1587/45162ca5-b99c-43c0-b107-dd2cecb9da34_2048344319.jpeg?h=225&w=225,
309262850,Tower Health Grill And Panini Maker,https://www.tesco.com/groceries/en-GB/shop/home-and-ents/all?department=Electrical&viewAll=department&page=,£23.00,£23.00/each,£18.00 Clubcard Price,,/groceries/en-GB/products/309262850,https://digitalcontent.api.tesco.com/v2/media/ghs/e8c6a9b7-0322-464e-93f2-3758f0f5c9fa/68e4bedd-bd8c-44a5-a6f7-4f9782fac694_1514566183.jpeg?h=225&w=225,
308397882,Breville Vin413 Supersteam 2600W Ceramic Iron,https://www.tesco.com/groceries/en-GB/shop/home-and-ents/all?department=Electrical&viewAll=department&page=,£26.00,£26.00/each,,,/groceries/en-GB/products/308397882,https://digitalcontent.api.tesco.com/v2/media/ghs/7fe93c55-d07a-471e-889d-9fc1c02b812b/aa051fe7-923f-4cf8-951f-98d3dcb41505_1852380158.jpeg?h=225&w=225,
304048202,Integral Micro Sd 64Gb,https://www.tesco.com/groceries/en-GB/shop/home-and-ents/all?department=Electrical&viewAll=department&page=,£15.00,£15.00/each,,,/groceries/en-GB/products/304048202,https://digitalcontent.api.tesco.com/v2/media/ghs/48373d0a-7a1d-4d60-adb0-c68da29af19e/eadc39af-07b7-4b19-b59c-adcb28a48468_1664217441.jpeg?h=225&w=225,
293292619,Russell Hobbs 22220 Mini Chopper,https://www.tesco.com/groceries/en-GB/shop/home-and-ents/all?department=Electrical&viewAll=department&page=,£17.00,£17.00/each,,,/groceries/en-GB/products/293292619,https://digitalcontent.api.tesco.com/v2/media/ghs/68419e6c-2dee-401a-92a8-6739d78f822b/8cb75133-923e-422f-acc1-a89cf2be45ca_1121560594.jpeg?h=225&w=225,
310844719,Juice Mirror Clock Radio,https://www.tesco.com/groceries/en-GB/shop/home-and-ents/all?department=Electrical&viewAll=department&page=,£12.00,£12.00/each,,,/groceries/en-GB/products/310844719,https://digitalcontent.api.tesco.com/v2/media/ghs/1db9822c-7eb5-4f98-92cb-31223783c23c/a50da8d9-a4ee-419f-9b43-5712638aa754_846519246.jpeg?h=225&w=225,
312716638,Philips Smart Led Clear Glass 60W A60 B22 Bulb,https://www.tesco.com/groceries/en-GB/shop/home-and-ents/all?department=Electrical&viewAll=department&page=,£15.00,£15.00/each,,,/groceries/en-GB/products/312716638,https://digitalcontent.api.tesco.com/v2/media/ghs/25a3d28a-4b3a-4e75-b8d2-8259952406f7/49066d7a-6d27-4bcf-a978-afff87aecdea_1278240907.jpeg?h=225&w=225,
307109269,Philips Nose Trimmer Nt3650,https://www.tesco.com/groceries/en-GB/shop/home-and-ents/all?department=Electrical&viewAll=department&page=,£15.00,£15.00/each,£12.00 Clubcard Price,,/groceries/en-GB/products/307109269,https://digitalcontent.api.tesco.com/v2/media/ghs/664408ed-da71-4cc4-97d8-3481cbeb67ca/6d5890b8-c533-4c48-b5c8-33fd4cc58934_809966826.jpeg?h=225&w=225,
294253475,One For All Contour Tv Replacement Remote Urc1210,https://www.tesco.com/groceries/en-GB/shop/home-and-ents/all?department=Electrical&viewAll=department&page=,£12.00,£12.00/each,,,/groceries/en-GB/products/294253475,https://digitalcontent.api.tesco.com/v2/media/ghs/2f0e5c8d-9c40-4eef-acf2-473b306d42f2/681581d0-fa3a-4317-97dd-6215f980bcbf_2147090042.jpeg?h=225&w=225,
297729041,Tesco White Toaster 2 Slice,https://www.tesco.com/groceries/en-GB/shop/home-and-ents/all?department=Electrical&viewAll=department&page=,£13.50,£13.50/each,,,/groceries/en-GB/products/297729041,https://digitalcontent.api.tesco.com/v2/media/ghs/8209d023-a8c2-459e-94b3-3a31f1b0619e/f1bf0e84-b343-4bf7-989a-9adb6bb09089_1352678183.jpeg?h=225&w=225,
291466959,Tesco Multi-Purpose Torch,https://www.tesco.com/groceries/en-GB/shop/home-and-ents/all?department=Electrical&viewAll=department&page=,£10.00,£10.00/each,,,/groceries/en-GB/products/291466959,https://digitalcontent.api.tesco.com/v2/media/ghs/05502374-95d7-4401-9c5e-09a0d06d67ef/3c7d57ce-0273-4197-9fd2-002515a74d99_379597454.jpeg?h=225&w=225,
292693918,Sony Mrd-Ex15ap Wired Earphones White,https://www.tesco.com/groceries/en-GB/shop/home-and-ents/all?department=Electrical&viewAll=department&page=,£10.00,£10.00/each,,,/groceries/en-GB/products/292693918,https://digitalcontent.api.tesco.com/v2/media/ghs/99243978-cb48-42fb-b254-4dbb5f055e8e/ca14df4e-e842-4e9f-8eaf-b9860555fa7c_411231047.jpeg?h=225&w=225,
292686927,Sony Mrd-Ex15ap Wired Earphones Black,https://www.tesco.com/groceries/en-GB/shop/home-and-ents/all?department=Electrical&viewAll=department&page=,£10.00,£10.00/each,,,/groceries/en-GB/products/292686927,https://digitalcontent.api.tesco.com/v2/media/ghs/100caa03-5eb0-4f0e-b07b-71069fe8fea0/e032510b-df64-47eb-8862-c1991e9650e8_1519037842.jpeg?h=225&w=225,
296717051,Remington Nasal Trimmer Ne3850,https://www.tesco.com/groceries/en-GB/shop/home-and-ents/all?department=Electrical&viewAll=department&page=,£11.00,£11.00/each,,,/groceries/en-GB/products/296717051,https://digitalcontent.api.tesco.com/v2/media/ghs/41039aa6-e203-497e-ba3f-b69b36db702b/811e17b3-f6b0-44fc-b5f4-9e1404e2a0e1_191925042.jpeg?h=225&w=225,
296369531,Tesco Switched 4 Way 1M Extra Lead,https://www.tesco.com/groceries/en-GB/shop/home-and-ents/all?department=Electrical&viewAll=department&page=,£8.50,£8.50/each,,,/groceries/en-GB/products/296369531,https://digitalcontent.api.tesco.com/v2/media/ghs/1e28ae1b-20ba-47a0-b429-907f58be70b4/94b82922-7119-4460-b875-235d82963993_87521234.jpeg?h=225&w=225,
312586261,Groov-E Samsung S22 Clear Shell Case,https://www.tesco.com/groceries/en-GB/shop/home-and-ents/all?department=Electrical&viewAll=department&page=,£6.00,£6.00/each,,New,/groceries/en-GB/products/312586261,https://digitalcontent.api.tesco.com/v2/media/ghs/9c99e8ec-4a60-440a-bc3f-814de5887847/36a17a3f-dd5f-4e4e-a0a8-2131b2712f08_1105727173.jpeg?h=225&w=225,
312367137,Groov-E Iphone 14 Pro Max Clear Shell Case,https://www.tesco.com/groceries/en-GB/shop/home-and-ents/all?department=Electrical&viewAll=department&page=,£6.00,£6.00/each,,New,/groceries/en-GB/products/312367137,https://digitalcontent.api.tesco.com/v2/media/ghs/b9d5c91a-4068-4088-b809-3ead0266c781/4e5cc43f-c907-4c47-97ab-e1e43751f158_587730283.jpeg?h=225&w=225,
303636251,Russell Hobbs 25580 My Iron 1800W,https://www.tesco.com/groceries/en-GB/shop/home-and-ents/all?department=Electrical&viewAll=department&page=,£15.00,£15.00/each,,,/groceries/en-GB/products/303636251,https://digitalcontent.api.tesco.com/v2/media/ghs/cd290c0a-d05b-454a-93e3-ca3cbd7c8781/snapshotimagehandler_1372561840.jpeg?h=225&w=225,
303602084,Tesco 2 Way 4M Extension Lead,https://www.tesco.com/groceries/en-GB/shop/home-and-ents/all?department=Electrical&viewAll=department&page=,£7.00,£7.00/each,,,/groceries/en-GB/products/303602084,https://digitalcontent.api.tesco.com/v2/media/ghs/8763723f-39ee-49fd-9647-3766a42b0322/58290042-2b77-498c-b2ce-c6d55df38c8f_799646759.jpeg?h=225&w=225,
270722314,Sony Mdr E9lp Earphones White,https://www.tesco.com/groceries/en-GB/shop/home-and-ents/all?department=Electrical&viewAll=department&page=,£6.50,£6.50/each,,,/groceries/en-GB/products/270722314,https://digitalcontent.api.tesco.com/v2/media/ghs/effec765-fddb-4ff0-bf06-fbae6d6e4097/9cd48a16-168d-4c27-85c9-d104818925a2_419924488.jpeg?h=225&w=225,
310083824,Juice Social Ring Light,https://www.tesco.com/groceries/en-GB/shop/home-and-ents/all?department=Electrical&viewAll=department&page=,£30.00,£30.00/each,£15.00 Clubcard Price,,/groceries/en-GB/products/310083824,https://digitalcontent.api.tesco.com/v2/media/ghs/e7c59712-254b-43f8-842a-e2a7cbdeb868/0b1efcf2-78e8-49b3-9652-ce2956ba922a_1702846672.jpeg?h=225&w=225,
306384791,Sony Whch510 Bluetooth Headphones Black,https://www.tesco.com/groceries/en-GB/shop/home-and-ents/all?department=Electrical&viewAll=department&page=,£40.00,£40.00/each,,,/groceries/en-GB/products/306384791,https://digitalcontent.api.tesco.com/v2/media/ghs/eebc7f06-962c-4671-a90d-7c1002dce998/b2a33451-da38-4ba0-abe6-7805252032bb_1286261963.jpeg?h=225&w=225,
310087359,Jml Handy Brite Solar Led Spotlight,https://www.tesco.com/groceries/en-GB/shop/home-and-ents/all?department=Electrical&viewAll=department&page=,£24.99,£24.99/each,,,/groceries/en-GB/products/310087359,https://digitalcontent.api.tesco.com/v2/media/ghs/77fe5e7a-3776-4eaa-9c2e-c056ee12e097/e27027e4-c1f9-4710-918a-8790341c90e7_2047896816.jpeg?h=225&w=225,
306855608,Integral Micro Sd 128Gb,https://www.tesco.com/groceries/en-GB/shop/home-and-ents/all?department=Electrical&viewAll=department&page=,£28.00,£28.00/each,,,/groceries/en-GB/products/306855608,https://digitalcontent.api.tesco.com/v2/media/ghs/94adfd30-50a8-43fd-b410-f5a626bb8272/9d2aa900-790a-47c6-9b2b-33676e920afd_1171881700.jpeg?h=225&w=225,
304650675,Breville Flow 4 Slice - Grey,https://www.tesco.com/groceries/en-GB/shop/home-and-ents/all?department=Electrical&viewAll=department&page=,£40.00,£40.00/each,,,/groceries/en-GB/products/304650675,https://digitalcontent.api.tesco.com/v2/media/ghs/1f2a6e7d-314a-459f-a2d6-f69f8fa408c1/13b4e3ea-2817-4bf3-a667-569e27f94f10_146981920.jpeg?h=225&w=225,
294102516,Juice Apple Lightning 3m Charging Cable Black,https://www.tesco.com/groceries/en-GB/shop/home-and-ents/all?department=Electrical&viewAll=department&page=,£18.00,£18.00/each,£13.50 Clubcard Price,,/groceries/en-GB/products/294102516,https://digitalcontent.api.tesco.com/v2/media/ghs/20af0619-0a77-4090-b0a6-bb0b5ea29eda/d03d076b-12a2-4335-9a9d-7c48ae1e12e0_1348139937.jpeg?h=225&w=225,
294102499,Juice Apple Lightning 2m Charging Cable Coral,https://www.tesco.com/groceries/en-GB/shop/home-and-ents/all?department=Electrical&viewAll=department&page=,£16.00,£16.00/each,£12.00 Clubcard Price,,/groceries/en-GB/products/294102499,https://digitalcontent.api.tesco.com/v2/media/ghs/4bfe220c-b33a-4739-b2e7-2eaed5ac4b2b/222e7651-b355-42c3-a259-6a804093d6eb_1899104179.jpeg?h=225&w=225,
304680472,Wahl Beard Kit Gift Set,https://www.tesco.com/groceries/en-GB/shop/home-and-ents/all?department=Electrical&viewAll=department&page=,£30.00,£30.00/each,,,/groceries/en-GB/products/304680472,https://digitalcontent.api.tesco.com/v2/media/ghs/5dba6f8b-548a-4a16-ac05-7468f2b5c47f/2cea6292-937e-42e1-8349-66437d0f783e_475683994.jpeg?h=225&w=225,
303922494,Tesco 2.4A Home Charger With Lightning Cable,https://www.tesco.com/groceries/en-GB/shop/home-and-ents/all?department=Electrical&viewAll=department&page=,£15.00,£15.00/each,,,/groceries/en-GB/products/303922494,https://digitalcontent.api.tesco.com/v2/media/ghs/5dc6bd0f-cdb3-4866-b43f-076399c58afc/42f478b5-8869-4f7e-beea-42b698a87897_1533920692.jpeg?h=225&w=225,
300434575,Tesco Lightning Twin Pack,https://www.tesco.com/groceries/en-GB/shop/home-and-ents/all?department=Electrical&viewAll=department&page=,£15.00,£15.00/each,,,/groceries/en-GB/products/300434575,https://digitalcontent.api.tesco.com/v2/media/ghs/e199aea6-efdd-4218-a6df-08256e78ede1/d8446a90-f816-419a-9c99-ba7e8e8c6056_936672804.jpeg?h=225&w=225,
312082839,Status 2 Usb 8 Socket Extension Lead Tower,https://www.tesco.com/groceries/en-GB/shop/home-and-ents/all?department=Electrical&viewAll=department&page=,£20.00,£20.00/each,,,/groceries/en-GB/products/312082839,https://digitalcontent.api.tesco.com/v2/media/ghs/1b8de628-ffdc-40fe-ac37-eda6e01f5391/700336e3-ae16-41f9-a830-17b0eae3a9e9_298533458.jpeg?h=225&w=225,
308398028,Tesco Janco 1.7L Kettle,https://www.tesco.com/groceries/en-GB/shop/home-and-ents/all?department=Electrical&viewAll=department&page=,£22.00,£22.00/each,,,/groceries/en-GB/products/308398028,https://digitalcontent.api.tesco.com/v2/media/ghs/c3800466-b6a4-43ae-a125-40d850ff6e2b/91069b95-5cff-44d2-9b77-da60aa990c40_542657843.jpeg?h=225&w=225,
308398103,Tesco Janco 2 Slice Toaster,https://www.tesco.com/groceries/en-GB/shop/home-and-ents/all?department=Electrical&viewAll=department&page=,£22.00,£22.00/each,,,/groceries/en-GB/products/308398103,https://digitalcontent.api.tesco.com/v2/media/ghs/dbfb1ce2-b86d-42cc-9c21-877619927ffc/e53ffcfc-3555-40c6-86c8-3f35b87e43b4_369014351.jpeg?h=225&w=225,
311255332,Juice Boom 360 Eco Bluetooth Speaker,https://www.tesco.com/groceries/en-GB/shop/home-and-ents/all?department=Electrical&viewAll=department&page=,£20.00,£20.00/each,£15.00 Clubcard Price,,/groceries/en-GB/products/311255332,https://digitalcontent.api.tesco.com/v2/media/ghs/3acee6e1-1401-494e-a4ca-0bad05ebad89/8140f208-9ce8-46a1-9104-393aedb8b7c0_1341687323.jpeg?h=225&w=225,
295986867,Tesco Sync Charge Lightning Cable 1M Black Braided,https://www.tesco.com/groceries/en-GB/shop/home-and-ents/all?department=Electrical&viewAll=department&page=,£12.00,£12.00/each,,,/groceries/en-GB/products/295986867,https://digitalcontent.api.tesco.com/v2/media/ghs/ca04dc0e-76b0-4bf7-9da1-105e301ec4a1/bad15264-8b6d-4b37-ab70-3d63a6ec7a97_1296265421.jpeg?h=225&w=225,
300434477,Tesco 1m Braided Lightning Cable Rose Gold,https://www.tesco.com/groceries/en-GB/shop/home-and-ents/all?department=Electrical&viewAll=department&page=,£12.00,£12.00/each,,,/groceries/en-GB/products/300434477,https://digitalcontent.api.tesco.com/v2/media/ghs/4454ee87-d509-4894-b731-130f3104d3ee/6143c39b-e55f-4fb2-94a2-b4910b883dc5_2118741420.jpeg?h=225&w=225,
303762711,Jvc Ha-S31m-Be On Ear Headphones Black,https://www.tesco.com/groceries/en-GB/shop/home-and-ents/all?department=Electrical&viewAll=department&page=,£16.00,£16.00/each,£13.00 Clubcard Price,,/groceries/en-GB/products/303762711,https://digitalcontent.api.tesco.com/v2/media/ghs/38ca2d9f-ab22-4e80-820c-372fe12f7a7d/306c478b-f37e-4ecc-8e73-0b91671ebc32_1698717139.jpeg?h=225&w=225,
303762728,Jvc Ha-S31m-Be On Ear Headphones Blue,https://www.tesco.com/groceries/en-GB/shop/home-and-ents/all?department=Electrical&viewAll=department&page=,£16.00,£16.00/each,£13.00 Clubcard Price,,/groceries/en-GB/products/303762728,https://digitalcontent.api.tesco.com/v2/media/ghs/30467ace-0547-4a5d-a9f4-1be679ef8ff2/2af08d6b-b5d6-44b8-b87f-679fb761808b_615003878.jpeg?h=225&w=225,
301034471,Braun Lady Shaver Ls5100mn,https://www.tesco.com/groceries/en-GB/shop/home-and-ents/all?department=Electrical&viewAll=department&page=,£24.00,£24.00/each,,,/groceries/en-GB/products/301034471,https://digitalcontent.api.tesco.com/v2/media/ghs/a4125822-ada8-4a5b-beca-8bc449d23b21/11821a75-2641-46a9-94ae-950ae7173ac5_11172061.jpeg?h=225&w=225,
311222826,Mixx Streambuds Play Wireless Earphones White,https://www.tesco.com/groceries/en-GB/shop/home-and-ents/all?department=Electrical&viewAll=department&page=,£18.00,£18.00/each,,,/groceries/en-GB/products/311222826,https://digitalcontent.api.tesco.com/v2/media/ghs/1c73ac26-b3cc-485c-83b8-5bf2cc79ab07/1bc6b86d-ad66-407a-a7b2-233c64973612_1847747548.jpeg?h=225&w=225,
277724612,Tresemme Power Dryer 2200,https://www.tesco.com/groceries/en-GB/shop/home-and-ents/all?department=Electrical&viewAll=department&page=,£24.00,£24.00/each,,,/groceries/en-GB/products/277724612,https://digitalcontent.api.tesco.com/v2/media/ghs/7f971aed-d026-4a81-945f-a4db29d15e22/656fcdea-117d-4f2e-8cb0-2315b1d89a7a_1387620171.jpeg?h=225&w=225,
296349060,Energizer Metal Vision High Definition Torch,https://www.tesco.com/groceries/en-GB/shop/home-and-ents/all?department=Electrical&viewAll=department&page=,£15.00,£15.00/each,,,/groceries/en-GB/products/296349060,https://digitalcontent.api.tesco.com/v2/media/ghs/d11b19f9-22c8-4c67-a37b-dee74208ece4/dbbd9dfe-ebb2-4243-9d24-7afe970f0158_104697524.jpeg?h=225&w=225,
271386289,Russell Hobbs 14451 Handmixer,https://www.tesco.com/groceries/en-GB/shop/home-and-ents/all?department=Electrical&viewAll=department&page=,£17.00,£17.00/each,,,/groceries/en-GB/products/271386289,https://digitalcontent.api.tesco.com/v2/media/ghs/acd80db9-d5fc-4dc9-a92d-c5f98d1a7eb0/f99079df-3375-44e6-bcc9-2d97c449f47a_1539253091.jpeg?h=225&w=225,
305877739,Tesco Textured Plastic White 1.7L Kettle,https://www.tesco.com/groceries/en-GB/shop/home-and-ents/all?department=Electrical&viewAll=department&page=,£19.00,£19.00/each,,,/groceries/en-GB/products/305877739,https://digitalcontent.api.tesco.com/v2/media/ghs/37c03c53-df27-4794-af94-0dd60ffb7961/a390bd48-80c6-4917-892a-836263c54f06_1244895125.jpeg?h=225&w=225,
304532591,Babyliss 5 In 1 Personal Trimmer Kit,https://www.tesco.com/groceries/en-GB/shop/home-and-ents/all?department=Electrical&viewAll=department&page=,£20.00,£20.00/each,£15.00 Clubcard Price,,/groceries/en-GB/products/304532591,https://digitalcontent.api.tesco.com/v2/media/ghs/3a2635e6-e79e-4287-b927-85ad4337df59/7477b0a6-439c-49c8-9fec-53b122464c7a_1545735676.jpeg?h=225&w=225,
300434552,Tesco Plug With Micro USB Cable,https://www.tesco.com/groceries/en-GB/shop/home-and-ents/all?department=Electrical&viewAll=department&page=,£10.00,£10.00/each,,,/groceries/en-GB/products/300434552,https://digitalcontent.api.tesco.com/v2/media/ghs/bb6e8d3e-33f7-4082-bc7c-969b209199d2/f54cce9d-530f-47ee-bdb1-c37f52a8b889_734529508.jpeg?h=225&w=225,
306351679,Groov-e iPhone 11 Folio Case Black,https://www.tesco.com/groceries/en-GB/shop/home-and-ents/all?department=Electrical&viewAll=department&page=,£10.00,£10.00/each,£5.00 Clubcard Price,,/groceries/en-GB/products/306351679,https://digitalcontent.api.tesco.com/v2/media/ghs/3b64fa74-d61b-4d13-9042-2ca09e89bac5/9842cd23-a54f-4792-9337-1e29ef6e7359_1155938802.jpeg?h=225&w=225,
309931639,Energizer Rechargable Headlight,https://www.tesco.com/groceries/en-GB/shop/home-and-ents/all?department=Electrical&viewAll=department&page=,£15.00,£15.00/each,,,/groceries/en-GB/products/309931639,https://digitalcontent.api.tesco.com/v2/media/ghs/dde6f948-6f38-4df2-a9f0-415273e4b039/6f07bf23-98fd-462b-92b6-e9b0d3e44981_372976399.jpeg?h=225&w=225,
311228526,Groov-E Sport Clips Earphones Black,https://www.tesco.com/groceries/en-GB/shop/home-and-ents/all?department=Electrical&viewAll=department&page=,£13.00,£13.00/each,,,/groceries/en-GB/products/311228526,https://digitalcontent.api.tesco.com/v2/media/ghs/a9814ec0-b53b-444b-be44-5f58d3ab4d9d/f2ab97b4-c7e0-492e-8f73-bcfb92c0fe48_180116980.jpeg?h=225&w=225,
305877768,Tesco Textured Plastic Toaster 2 Slice - Black,https://www.tesco.com/groceries/en-GB/shop/home-and-ents/all?department=Electrical&viewAll=department&page=,£19.00,£19.00/each,,,/groceries/en-GB/products/305877768,https://digitalcontent.api.tesco.com/v2/media/ghs/0ae0c549-9303-4484-838d-940cda3bd4f7/1dbebada-f388-49bc-a184-e41bf7e8bd2c_1600027684.jpeg?h=225&w=225,
304556758,Revlon Fast & Light 2000W Hair Dryer,https://www.tesco.com/groceries/en-GB/shop/home-and-ents/all?department=Electrical&viewAll=department&page=,£13.00,£13.00/each,,,/groceries/en-GB/products/304556758,https://digitalcontent.api.tesco.com/v2/media/ghs/d5a45ee5-7c92-4e6c-8c99-8e8c5b388394/3d224847-b610-4fbc-9b9d-c1f721dab71c_1917247399.jpeg?h=225&w=225,
311950782,Fire Angel 5 Year Optical Smoke Alarm,https://www.tesco.com/groceries/en-GB/shop/home-and-ents/all?department=Electrical&viewAll=department&page=,£13.00,£13.00/each,,,/groceries/en-GB/products/311950782,https://digitalcontent.api.tesco.com/v2/media/ghs/86f621ee-5b49-4610-a4d7-534ace6bc40e/c8575ec6-2fdd-4cf8-abf3-5e0f7a64c318_1460201372.jpeg?h=225&w=225,
308767796,Tesco Expert Xhc21 Rechargeable Hair Clipper,https://www.tesco.com/groceries/en-GB/shop/home-and-ents/all?department=Electrical&viewAll=department&page=,£17.00,£17.00/each,£10.00 Clubcard Price,,/groceries/en-GB/products/308767796,https://digitalcontent.api.tesco.com/v2/media/ghs/63a7bc8e-e4ad-4423-8174-148d51d31a47/6dc331b1-7f14-448e-873c-815122eaba97_176175440.jpeg?h=225&w=225,
311434691,Juice Clock Radio,https://www.tesco.com/groceries/en-GB/shop/home-and-ents/all?department=Electrical&viewAll=department&page=,£10.00,£10.00/each,£8.00 Clubcard Price,,/groceries/en-GB/products/311434691,https://digitalcontent.api.tesco.com/v2/media/ghs/03c7b0d3-dfda-47e2-b4f6-dc07e04cb066/784648a9-946a-4d01-aaf0-21db52c3cbb4_335841292.jpeg?h=225&w=225,
310040622,Status Doorbell,https://www.tesco.com/groceries/en-GB/shop/home-and-ents/all?department=Electrical&viewAll=department&page=,£10.00,£10.00/each,,,/groceries/en-GB/products/310040622,https://digitalcontent.api.tesco.com/v2/media/ghs/d8b286df-50d1-47e8-bddb-3615abf343b2/94d2a6e6-43b7-4dc0-bc5d-8b190f0f6581_396156937.jpeg?h=225&w=225,
295965790,Jvc Hafx7m Gumy Earphones White,https://www.tesco.com/groceries/en-GB/shop/home-and-ents/all?department=Electrical&viewAll=department&page=,£10.00,£10.00/each,,,/groceries/en-GB/products/295965790,https://digitalcontent.api.tesco.com/v2/media/ghs/27ff314d-6a17-4c15-a9d1-59122c416b74/cacbd032-4adb-442c-a6d0-1eee06d01f68_444823986.jpeg?h=225&w=225,
311208032,Mixx Ox1 Wired Headphones Black,https://www.tesco.com/groceries/en-GB/shop/home-and-ents/all?department=Electrical&viewAll=department&page=,£10.00,£10.00/each,,,/groceries/en-GB/products/311208032,https://digitalcontent.api.tesco.com/v2/media/ghs/6e8fc120-dcc7-4054-8b4c-b5bb918188d6/7835c7b5-a011-4d53-a319-267df832c468_73790805.jpeg?h=225&w=225,
283466666,Trust Yvi Wireless Mouse Red,https://www.tesco.com/groceries/en-GB/shop/home-and-ents/all?department=Electrical&viewAll=department&page=,£10.00,£10.00/each,£6.00 Clubcard Price,,/groceries/en-GB/products/283466666,https://digitalcontent.api.tesco.com/v2/media/ghs/dc54abb2-56fd-4c69-8870-abb8969eb7c4/bdb37a00-218d-45af-bb8c-c529c4c93679_1228067956.jpeg?h=225&w=225,
306431396,Status Cube 3 Plug 3 Usb 1.4M Extension Lead,https://www.tesco.com/groceries/en-GB/shop/home-and-ents/all?department=Electrical&viewAll=department&page=,£12.00,£12.00/each,,,/groceries/en-GB/products/306431396,https://digitalcontent.api.tesco.com/v2/media/ghs/7ded14b6-1380-4c70-b4de-3b3df6f97ae3/325cb996-d718-43c4-a5c4-4a38b5b06133_956053929.jpeg?h=225&w=225,
307862961,Groov-e iPhone 12/12 Pro Clear Case,https://www.tesco.com/groceries/en-GB/shop/home-and-ents/all?department=Electrical&viewAll=department&page=,£6.00,£6.00/each,£3.00 Clubcard Price,,/groceries/en-GB/products/307862961,https://digitalcontent.api.tesco.com/v2/media/ghs/40be5d56-c274-46f9-abb2-83c622486931/6f0199ba-97ab-4ff6-91d3-b403b73324da_892195749.jpeg?h=225&w=225,
253455984,Logitech M90 Wired Mouse Black,https://www.tesco.com/groceries/en-GB/shop/home-and-ents/all?department=Electrical&viewAll=department&page=,£7.00,£7.00/each,,,/groceries/en-GB/products/253455984,https://digitalcontent.api.tesco.com/v2/media/ghs/11be0de0-11d7-4245-a8fb-6c8d235e2bbe/6c8fb1fb-8ac0-49c1-94cc-a8e2b1c0a8c6_652361703.jpeg?h=225&w=225,
270632414,Sony Mdr E9lp In Ear Black,https://www.tesco.com/groceries/en-GB/shop/home-and-ents/all?department=Electrical&viewAll=department&page=,£6.50,£6.50/each,,,/groceries/en-GB/products/270632414,https://digitalcontent.api.tesco.com/v2/media/ghs/422a8c51-9e91-443c-ad5c-b7ff8d71df1e/356bd865-e793-46a1-90d9-a1c8095fc05e_227850846.jpeg?h=225&w=225,
312251634,Tesco 2.4A Single Usb White In Car Charger,https://www.tesco.com/groceries/en-GB/shop/home-and-ents/all?department=Electrical&viewAll=department&page=,£4.00,£4.00/each,,,/groceries/en-GB/products/312251634,https://digitalcontent.api.tesco.com/v2/media/ghs/f64b9676-0d75-4aa4-aa8a-8edb636959e8/fd722ba2-d002-46c8-ac4c-0999a04cf242_154503766.jpeg?h=225&w=225,
301439136,Wahl Lifeproof Shaver,https://www.tesco.com/groceries/en-GB/shop/home-and-ents/all?department=Electrical&viewAll=department&page=,£67.00,£67.00/each,,,/groceries/en-GB/products/301439136,https://digitalcontent.api.tesco.com/v2/media/ghs/6cb5bf1d-6f5e-4b1e-bb5c-597a8c86364c/c2f70acd-7004-4a5e-978f-1e1b8fcb944f_577045655.jpeg?h=225&w=225,
267175406,Babyliss New Big Hair 2885U,https://www.tesco.com/groceries/en-GB/shop/home-and-ents/all?department=Electrical&viewAll=department&page=,£45.00,£45.00/each,,,/groceries/en-GB/products/267175406,https://digitalcontent.api.tesco.com/v2/media/ghs/0bcd2cf8-431c-4342-8dd5-5095d6b122fa/a52f6d7a-16c3-4ecc-ae00-6a0f6845ab54_368453982.jpeg?h=225&w=225,
304650639,Breville Flow Collection Jug Kettle - Cream,https://www.tesco.com/groceries/en-GB/shop/home-and-ents/all?department=Electrical&viewAll=department&page=,£36.00,£36.00/each,,,/groceries/en-GB/products/304650639,https://digitalcontent.api.tesco.com/v2/media/ghs/9f4697a7-b19a-4d65-b8ee-517522bfcb52/8d1ddea3-c9cc-469d-8668-45e0a521d07d_1751146475.jpeg?h=225&w=225,
308398057,Tesco Astra 4 Slice Toaster,https://www.tesco.com/groceries/en-GB/shop/home-and-ents/all?department=Electrical&viewAll=department&page=,£35.00,£35.00/each,,,/groceries/en-GB/products/308398057,https://digitalcontent.api.tesco.com/v2/media/ghs/c047210d-0ff2-47b2-bd5b-d7df9bd2646a/2faf0e78-f112-4b0d-9804-06fc63b2f3e9_176242688.jpeg?h=225&w=225,
307109253,Philips S1231/41 Rotary Shaver,https://www.tesco.com/groceries/en-GB/shop/home-and-ents/all?department=Electrical&viewAll=department&page=,£45.00,£45.00/each,£35.00 Clubcard Price,,/groceries/en-GB/products/307109253,https://digitalcontent.api.tesco.com/v2/media/ghs/16f4c480-cbc6-443b-af96-6b30d7b2549c/d6bd1880-9ec4-4b86-81b9-fedfc99192ff_641452208.jpeg?h=225&w=225,
293017878,Russell Hobbs Colours 2 Slice Toaster Cream,https://www.tesco.com/groceries/en-GB/shop/home-and-ents/all?department=Electrical&viewAll=department&page=,£33.00,£33.00/each,,,/groceries/en-GB/products/293017878,https://digitalcontent.api.tesco.com/v2/media/ghs/1f183772-4d0a-4a97-9357-87eb7c7db979/9ac2b43f-fb78-4f24-9e53-5f1c1dd32d08_76252554.jpeg?h=225&w=225,
299244766,BT Everyday Cordless Telephone Single,https://www.tesco.com/groceries/en-GB/shop/home-and-ents/all?department=Electrical&viewAll=department&page=,£22.00,£22.00/each,,,/groceries/en-GB/products/299244766,https://digitalcontent.api.tesco.com/v2/media/ghs/8bbb87b7-fcc1-413b-998d-0f62b8dcd50b/9904bb2a-e79f-4205-b695-a6bea8ed7caf_137960722.jpeg?h=225&w=225,
306963906,George Foreman Small,https://www.tesco.com/groceries/en-GB/shop/home-and-ents/all?department=Electrical&viewAll=department&page=,£27.00,£27.00/each,,,/groceries/en-GB/products/306963906,https://digitalcontent.api.tesco.com/v2/media/ghs/68a53f87-ad28-45fd-82f3-00b38484958b/31399f7d-3e22-4542-9392-d007d522b407_1018571038.jpeg?h=225&w=225,
301327672,Philips Bt3206/13 Beard Trimmer,https://www.tesco.com/groceries/en-GB/shop/home-and-ents/all?department=Electrical&viewAll=department&page=,£30.00,£30.00/each,£20.00 Clubcard Price,,/groceries/en-GB/products/301327672,https://digitalcontent.api.tesco.com/v2/media/ghs/43e7e796-e915-4f65-998e-b32d527a17e6/6fce2d42-4a56-44e2-854a-29dbfd2953c6_919332799.jpeg?h=225&w=225,
303502922,Wahl 9891-017 Beard Trimmer,https://www.tesco.com/groceries/en-GB/shop/home-and-ents/all?department=Electrical&viewAll=department&page=,£30.00,£30.00/each,,,/groceries/en-GB/products/303502922,https://digitalcontent.api.tesco.com/v2/media/ghs/f709b91b-ae78-4fdd-8b27-a6f8c7c052ca/1be73644-d683-4896-9346-b8e8ca57120f_1745454370.jpeg?h=225&w=225,
285284503,Russell Hobbs Quiet Boil Stainless Steel Kettle,https://www.tesco.com/groceries/en-GB/shop/home-and-ents/all?department=Electrical&viewAll=department&page=,£36.00,£36.00/each,£31.00 Clubcard Price,,/groceries/en-GB/products/285284503,https://digitalcontent.api.tesco.com/v2/media/ghs/4912514c-e4ab-4a03-9bda-3d7fdb14ce01/45fd810d-2d67-4004-a791-debede69fcbb_895339774.jpeg?h=225&w=225,
306963929,Russell Hobbs 24610 Food Jug Blender,https://www.tesco.com/groceries/en-GB/shop/home-and-ents/all?department=Electrical&viewAll=department&page=,£30.00,£30.00/each,,,/groceries/en-GB/products/306963929,https://digitalcontent.api.tesco.com/v2/media/ghs/61f2af32-9482-4f6c-a719-3f0e6c97601d/9aa9fbec-d922-46aa-b435-5a0fd424c526_2056509721.jpeg?h=225&w=225,
306838877,Belkin Dual USB-A Wall Charger 12W X2 White,https://www.tesco.com/groceries/en-GB/shop/home-and-ents/all?department=Electrical&viewAll=department&page=,£18.00,£18.00/each,,,/groceries/en-GB/products/306838877,https://digitalcontent.api.tesco.com/v2/media/ghs/01269865-3513-433b-a4cc-2b99831343e2/f2350416-927f-4089-9c97-7b27c238dae4_576189729.jpeg?h=225&w=225,
303722068,Juice Type C 1m Charging Cable Aqua,https://www.tesco.com/groceries/en-GB/shop/home-and-ents/all?department=Electrical&viewAll=department&page=,£13.00,£13.00/each,,,/groceries/en-GB/products/303722068,https://digitalcontent.api.tesco.com/v2/media/ghs/430e6b7e-302a-4e02-a778-7591904ea738/c222c4d2-eaf9-4514-a9d0-5337d8213df7_2038808819.jpeg?h=225&w=225,
282682814,Sony Mdv Zx310 On Ear Headphones Black,https://www.tesco.com/groceries/en-GB/shop/home-and-ents/all?department=Electrical&viewAll=department&page=,£18.00,£18.00/each,,,/groceries/en-GB/products/282682814,https://digitalcontent.api.tesco.com/v2/media/ghs/112af194-0dfe-4161-8764-3e42c5931240/5186cbed-ddec-4f5a-83a7-c2becfcaeb01_1278169738.jpeg?h=225&w=225,
304532549,Babyliss Rose Gold Lustre 2400W Hair Dryer,https://www.tesco.com/groceries/en-GB/shop/home-and-ents/all?department=Electrical&viewAll=department&page=,£35.00,£35.00/each,£25.00 Clubcard Price,,/groceries/en-GB/products/304532549,https://digitalcontent.api.tesco.com/v2/media/ghs/22595f9f-135c-4625-9ff1-cd13eeca9409/16ed399a-c49c-454f-9a65-27378e5e83e6_860354246.jpeg?h=225&w=225,
311757775,Tesco Hbs22 White Hand Blender Set,https://www.tesco.com/groceries/en-GB/shop/home-and-ents/all?department=Electrical&viewAll=department&page=,£23.00,£23.00/each,,,/groceries/en-GB/products/311757775,https://digitalcontent.api.tesco.com/v2/media/ghs/e24acf30-1d56-42a8-b7f6-d554be846974/55823ef0-a405-4c3c-823d-1c5816fd7b51_529388366.jpeg?h=225&w=225,
311757821,Tesco Joktg22 Janco Grey Kettle 1.7 Litre,https://www.tesco.com/groceries/en-GB/shop/home-and-ents/all?department=Electrical&viewAll=department&page=,£22.00,£22.00/each,,New,/groceries/en-GB/products/311757821,https://digitalcontent.api.tesco.com/v2/media/ghs/c49ebb76-3c21-44f9-a839-7fab55ad32e9/ccbd96b7-165e-4906-bb43-77059126e9e8_562312400.jpeg?h=225&w=225,
303911979,Mixx Cardio Air Wireless Sports Earphones Black,https://www.tesco.com/groceries/en-GB/shop/home-and-ents/all?department=Electrical&viewAll=department&page=,£16.00,£16.00/each,£13.00 Clubcard Price,,/groceries/en-GB/products/303911979,https://digitalcontent.api.tesco.com/v2/media/ghs/82910a33-ddb2-46bf-89b8-471f47bfae9f/ba192df0-d6e9-4038-aff2-3353a082e445_1060834069.jpeg?h=225&w=225,
305741606,Tesco Blender 1.5L,https://www.tesco.com/groceries/en-GB/shop/home-and-ents/all?department=Electrical&viewAll=department&page=,£19.00,£19.00/each,,,/groceries/en-GB/products/305741606,https://digitalcontent.api.tesco.com/v2/media/ghs/f27e8879-dc67-4974-bb52-e7728be8e042/5078bed2-aec4-4f81-b91f-a273c6b7cfe8_871692289.jpeg?h=225&w=225,
300434569,Tesco Lightning In Car Charger,https://www.tesco.com/groceries/en-GB/shop/home-and-ents/all?department=Electrical&viewAll=department&page=,£15.00,£15.00/each,,,/groceries/en-GB/products/300434569,https://digitalcontent.api.tesco.com/v2/media/ghs/f4bde668-66b8-454b-9cf4-6fabc64cfdb6/db56f960-1160-4379-a961-fdc96e939481_1170003417.jpeg?h=225&w=225,
305877745,Tesco Textured Plastic Black 1.7L Kettle,https://www.tesco.com/groceries/en-GB/shop/home-and-ents/all?department=Electrical&viewAll=department&page=,£19.00,£19.00/each,,,/groceries/en-GB/products/305877745,https://digitalcontent.api.tesco.com/v2/media/ghs/89634fbe-9875-4ada-b5a3-4b1cb85e2a3b/02df8102-6224-4128-9577-edc16b0d72ca_130367576.jpeg?h=225&w=225,
304478430,Remington R4 Rotary Shaver,https://www.tesco.com/groceries/en-GB/shop/home-and-ents/all?department=Electrical&viewAll=department&page=,£41.00,£41.00/each,£31.00 Clubcard Price,,/groceries/en-GB/products/304478430,https://digitalcontent.api.tesco.com/v2/media/ghs/5da4fb8b-1101-4240-8943-b7c0456e7597/0e95ac44-41e3-4c4b-b28e-ef95fbe54310_162693441.jpeg?h=225&w=225,
305877751,Tesco Textured Plastic Toaster 2 Slice - White,https://www.tesco.com/groceries/en-GB/shop/home-and-ents/all?department=Electrical&viewAll=department&page=,£19.00,£19.00/each,,,/groceries/en-GB/products/305877751,https://digitalcontent.api.tesco.com/v2/media/ghs/1124f8dc-1cb2-4a0d-b604-df65d2de05db/e9c26793-a2d2-4089-bdf3-269547547cdc_1420686337.jpeg?h=225&w=225,
303389721,Tesco 2.4A Car Charger With USB-C Cable To A Cable White,https://www.tesco.com/groceries/en-GB/shop/home-and-ents/all?department=Electrical&viewAll=department&page=,£13.00,£13.00/each,,,/groceries/en-GB/products/303389721,https://digitalcontent.api.tesco.com/v2/media/ghs/948d31f8-92f7-44f9-8762-57b3dd717ca9/57b79026-07bb-4e44-94a2-2e0c8d2d9974_383263756.jpeg?h=225&w=225,
308341597,Philips Pq206/18 Travel Shaver,https://www.tesco.com/groceries/en-GB/shop/home-and-ents/all?department=Electrical&viewAll=department&page=,£17.00,£17.00/each,,,/groceries/en-GB/products/308341597,https://digitalcontent.api.tesco.com/v2/media/ghs/19c9018a-0f92-44f2-84e4-bcf15a3a8735/ac6c4ba9-94fc-4259-b145-d976edf1bf56_2027348824.jpeg?h=225&w=225,
311795697,Philips White Led Desk Light,https://www.tesco.com/groceries/en-GB/shop/home-and-ents/all?department=Electrical&viewAll=department&page=,£15.00,£15.00/each,,,/groceries/en-GB/products/311795697,https://digitalcontent.api.tesco.com/v2/media/ghs/8e57835f-356b-4122-97b8-836e2238ad37/9e3324e6-6630-4d8a-8651-68baefb5f91d_9000226.jpeg?h=225&w=225,
310040599,Status 2Way Wall Plug Fitting 2Usb,https://www.tesco.com/groceries/en-GB/shop/home-and-ents/all?department=Electrical&viewAll=department&page=,£12.00,£12.00/each,,,/groceries/en-GB/products/310040599,https://digitalcontent.api.tesco.com/v2/media/ghs/8153cfed-b874-4138-abc6-814342840b58/b8bb3a86-dff5-4e6a-bfa4-ce554c65ba48_1054853479.jpeg?h=225&w=225,
304474031,Remington 2000W Travel Hair Dryer,https://www.tesco.com/groceries/en-GB/shop/home-and-ents/all?department=Electrical&viewAll=department&page=,£14.00,£14.00/each,,,/groceries/en-GB/products/304474031,https://digitalcontent.api.tesco.com/v2/media/ghs/779ebe00-aa5e-40db-9bbc-65f8db290866/3ff32833-0728-4176-9ad6-8f3bb8ba5d8c_1431855581.jpeg?h=225&w=225,
312086432,Status Palma Black White Classic Desk Lamp,https://www.tesco.com/groceries/en-GB/shop/home-and-ents/all?department=Electrical&viewAll=department&page=,£10.00,£10.00/each,,,/groceries/en-GB/products/312086432,https://digitalcontent.api.tesco.com/v2/media/ghs/beefdc45-03ac-4010-97bc-36110920f420/0d664763-24ba-470a-90cd-d879903ac6a0_1065386186.jpeg?h=225&w=225,
277145865,Trust Yvi Wireless Mouse Grey,https://www.tesco.com/groceries/en-GB/shop/home-and-ents/all?department=Electrical&viewAll=department&page=,£10.00,£10.00/each,,,/groceries/en-GB/products/277145865,https://digitalcontent.api.tesco.com/v2/media/ghs/cc14c481-dd4b-4d42-970f-9c307656e7dd/44df9fe0-47a7-4107-a0c9-71b9e14c4742_1712982263.jpeg?h=225&w=225,
308398230,Tesco Stainless Steel 2 Slice Toaster,https://www.tesco.com/groceries/en-GB/shop/home-and-ents/all?department=Electrical&viewAll=department&page=,£18.00,£18.00/each,,,/groceries/en-GB/products/308398230,https://digitalcontent.api.tesco.com/v2/media/ghs/f5d4c7b3-561d-4c1c-9da0-59b2498a43b2/5e908b84-7bb4-4f10-98bc-915b4ec23309_943539694.jpeg?h=225&w=225,
295996855,Tesco 1m Micro USB Braided Cable Grey,https://www.tesco.com/groceries/en-GB/shop/home-and-ents/all?department=Electrical&viewAll=department&page=,£7.00,£7.00/each,,,/groceries/en-GB/products/295996855,https://digitalcontent.api.tesco.com/v2/media/ghs/cee95d40-055d-44ab-9b79-24fd057c2ad6/f215e155-2aea-44a1-a24c-39fc04d163b0_2104765862.jpeg?h=225&w=225,
306351945,Groov-e iPhone 6/7/8/SE Glass Screen Protector,https://www.tesco.com/groceries/en-GB/shop/home-and-ents/all?department=Electrical&viewAll=department&page=,£9.00,£9.00/each,,,/groceries/en-GB/products/306351945,https://digitalcontent.api.tesco.com/v2/media/ghs/b6559220-1f5b-4533-a791-5f84d2ddff33/2ef05d93-275f-48ac-ab2e-245f51360ab5_1593799936.jpeg?h=225&w=225,
292992259,SanDisk Ultra Flair USB 3.0 Memory Stick 16gb,https://www.tesco.com/groceries/en-GB/shop/home-and-ents/all?department=Electrical&viewAll=department&page=,£9.00,£9.00/each,,,/groceries/en-GB/products/292992259,https://digitalcontent.api.tesco.com/v2/media/ghs/baf1a218-85e4-4329-995e-7216ac41d68f/a9608142-d567-410f-9f3e-fed14a99cb83_100682033.jpeg?h=225&w=225,
304048283,Integral Usb 32Gb,https://www.tesco.com/groceries/en-GB/shop/home-and-ents/all?department=Electrical&viewAll=department&page=,£9.00,£9.00/each,,,/groceries/en-GB/products/304048283,https://digitalcontent.api.tesco.com/v2/media/ghs/0ef9e91c-85ae-463d-a5bf-2fff98f0b359/f291b0c9-b2bd-45a7-a7af-38f1ee5c5b10_1118820662.jpeg?h=225&w=225,
272082007,Braun M90 Mobile Shave,https://www.tesco.com/groceries/en-GB/shop/home-and-ents/all?department=Electrical&viewAll=department&page=,£19.00,£19.00/each,,,/groceries/en-GB/products/272082007,https://digitalcontent.api.tesco.com/v2/media/ghs/2677300f-78f0-4e9f-a010-20c6e24a63d1/e954f2e9-4aa2-4463-b6b2-01f7259e8457_144124383.jpeg?h=225&w=225,
303341651,Trust Usb 2.0 Card Reader,https://www.tesco.com/groceries/en-GB/shop/home-and-ents/all?department=Electrical&viewAll=department&page=,£7.00,£7.00/each,,,/groceries/en-GB/products/303341651,https://digitalcontent.api.tesco.com/v2/media/ghs/a4027ce2-8984-4153-9c53-c9bb9adf422c/7f18dbab-0174-4803-8470-d3fe8823cefc_870478570.jpeg?h=225&w=225,
308767807,Tesco Expert Xtcc21 Corded Hair Clipper,https://www.tesco.com/groceries/en-GB/shop/home-and-ents/all?department=Electrical&viewAll=department&page=,£8.00,£8.00/each,£7.00 Clubcard Price,,/groceries/en-GB/products/308767807,https://digitalcontent.api.tesco.com/v2/media/ghs/889c4486-fd0f-4f54-ae5c-161bfa18a005/97d60f82-601f-4206-b161-6af292b46f2c_2067447061.jpeg?h=225&w=225,
309948189,Groov-E Airpod Case Black Silicone,https://www.tesco.com/groceries/en-GB/shop/home-and-ents/all?department=Electrical&viewAll=department&page=,£5.00,£5.00/each,,,/groceries/en-GB/products/309948189,https://digitalcontent.api.tesco.com/v2/media/ghs/9bfdfc27-26bb-4fa7-8359-c059ae82f07a/219cfe60-8c16-4a9e-af91-6b73c68564a5_404673639.jpeg?h=225&w=225,
275657654,Tesco 1M High Performance Aux Lead,https://www.tesco.com/groceries/en-GB/shop/home-and-ents/all?department=Electrical&viewAll=department&page=,£5.00,£5.00/each,,,/groceries/en-GB/products/275657654,https://digitalcontent.api.tesco.com/v2/media/ghs/8d6fad13-4ac0-48e7-957c-b7bcb26e2039/7be1ac88-3bc7-4db3-a59b-c51803fdd5b3_1238154383.jpeg?h=225&w=225,
305001089,Tassimo Suny Black,https://www.tesco.com/groceries/en-GB/shop/home-and-ents/all?department=Electrical&viewAll=department&page=,£49.00,£49.00/each,,,/groceries/en-GB/products/305001089,https://digitalcontent.api.tesco.com/v2/media/ghs/5930bbc8-bb97-430a-8ce8-b3d636099ca0/584a2ac6-2c3c-4a2b-b0f5-8a7926f5d721_1062694653.jpeg?h=225&w=225,
299244795,BT Everyday Cordless Telephone Twin,https://www.tesco.com/groceries/en-GB/shop/home-and-ents/all?department=Electrical&viewAll=department&page=,£38.00,£38.00/each,,,/groceries/en-GB/products/299244795,https://digitalcontent.api.tesco.com/v2/media/ghs/14081a0e-b3f6-492d-addc-a544ed01722b/e4c37f4b-2f1a-458d-8729-6037e455768d_620371267.jpeg?h=225&w=225,
294603950,BT 3960 Cordless Telephone Single,https://www.tesco.com/groceries/en-GB/shop/home-and-ents/all?department=Electrical&viewAll=department&page=,£38.00,£38.00/each,,,/groceries/en-GB/products/294603950,https://digitalcontent.api.tesco.com/v2/media/ghs/b4711a34-a57c-4329-bc67-6019dc938b1d/2db288ad-251e-4e68-b5e6-aa83a05aa697_1323407885.jpeg?h=225&w=225,
311420027,Philips Smart Led Full Colour 60W E27 Twin Pack,https://www.tesco.com/groceries/en-GB/shop/home-and-ents/all?department=Electrical&viewAll=department&page=,£25.00,£0.00/null,,,/groceries/en-GB/products/311420027,https://digitalcontent.api.tesco.com/v2/media/ghs/edb34a6c-e7a7-4a72-b974-afe70dd4b1a9/35f66a4c-89c5-452b-a455-5082603cb832_26208464.jpeg?h=225&w=225,
308397909,Breville Vin438 Powersteam Advanced 3000W Iron,https://www.tesco.com/groceries/en-GB/shop/home-and-ents/all?department=Electrical&viewAll=department&page=,£50.00,£50.00/each,,,/groceries/en-GB/products/308397909,https://digitalcontent.api.tesco.com/v2/media/ghs/1da16a97-9e9a-4385-8b4e-7bfeabef2295/e0e475ae-aabe-469f-a5ea-243cc360b2ee_1735284904.jpeg?h=225&w=225,
304650669,Breville Flow 4 Slice - Cream,https://www.tesco.com/groceries/en-GB/shop/home-and-ents/all?department=Electrical&viewAll=department&page=,£40.00,£40.00/each,,,/groceries/en-GB/products/304650669,https://digitalcontent.api.tesco.com/v2/media/ghs/54f8991d-1ac2-413c-8840-2a8078896847/7de8e1ca-1bf0-46e5-a556-cd3daf8ff7b7_499055809.jpeg?h=225&w=225,
304650646,Breville Flow Collection Jug Kettle - Grey,https://www.tesco.com/groceries/en-GB/shop/home-and-ents/all?department=Electrical&viewAll=department&page=,£36.00,£36.00/each,,,/groceries/en-GB/products/304650646,https://digitalcontent.api.tesco.com/v2/media/ghs/6a0742a7-5109-4127-9abe-01e377acd480/566af650-bfac-429b-99db-307d737c714a_1305631944.jpeg?h=225&w=225,
307179848,Babyliss 5781U Midnight Luxe Hairdryer,https://www.tesco.com/groceries/en-GB/shop/home-and-ents/all?department=Electrical&viewAll=department&page=,£40.00,£40.00/each,£27.00 Clubcard Price,,/groceries/en-GB/products/307179848,https://digitalcontent.api.tesco.com/v2/media/ghs/12f56150-576b-4913-b3c1-d358cbb7f913/c0356b8e-8e96-46ad-8760-c72f634c1491_1585925634.jpeg?h=225&w=225,
294873639,Juice Braided Lightning Cable 2m Rose Gold,https://www.tesco.com/groceries/en-GB/shop/home-and-ents/all?department=Electrical&viewAll=department&page=,£18.00,£18.00/each,,,/groceries/en-GB/products/294873639,https://digitalcontent.api.tesco.com/v2/media/ghs/16525910-ae37-4929-a741-bca7ee156de1/ae634830-dd8c-4efb-bdd3-030d007bb6e5_1294521535.jpeg?h=225&w=225,
304532579,Babyliss 7255U 10 In1 Titanium Grooming Kit,https://www.tesco.com/groceries/en-GB/shop/home-and-ents/all?department=Electrical&viewAll=department&page=,£35.00,£35.00/each,£24.00 Clubcard Price,,/groceries/en-GB/products/304532579,https://digitalcontent.api.tesco.com/v2/media/ghs/58f03ef8-fcff-4c73-80a3-ee932901bd9e/bb348bfe-eeaf-406e-b7ba-f96e02e34088_513806939.jpeg?h=225&w=225,
304048679,Trust Avonn Wired Gaming Keyboard,https://www.tesco.com/groceries/en-GB/shop/home-and-ents/all?department=Electrical&viewAll=department&page=,£25.00,£25.00/each,£14.00 Clubcard Price,,/groceries/en-GB/products/304048679,https://digitalcontent.api.tesco.com/v2/media/ghs/63f667a4-252c-4d7b-b5dc-b647f20f4a4a/44db3169-11f7-4c52-8881-97d7c197ee9c_1491542032.jpeg?h=225&w=225,
311434938,Wahl Clean & Close Lithium Shaver,https://www.tesco.com/groceries/en-GB/shop/home-and-ents/all?department=Electrical&viewAll=department&page=,£40.00,£40.00/each,£28.00 Clubcard Price,,/groceries/en-GB/products/311434938,https://digitalcontent.api.tesco.com/v2/media/ghs/d244a559-4065-4a33-bbb3-2814f87d10f6/48574f49-65c0-4199-bca9-2223faccb3d6_228146507.jpeg?h=225&w=225,
278678808,Logitech Mk270 Wirless Keyboard Mouse Combo,https://www.tesco.com/groceries/en-GB/shop/home-and-ents/all?department=Electrical&viewAll=department&page=,£23.00,£23.00/each,,,/groceries/en-GB/products/278678808,https://digitalcontent.api.tesco.com/v2/media/ghs/b1c90208-bde5-4634-9187-0f90e588f416/60723e9c-4933-4695-b780-5df51183de15_1410961821.jpeg?h=225&w=225,
294102482,Juice Apple Lightning 2m Charging Cable Aqua,https://www.tesco.com/groceries/en-GB/shop/home-and-ents/all?department=Electrical&viewAll=department&page=,£16.00,£16.00/each,,,/groceries/en-GB/products/294102482,https://digitalcontent.api.tesco.com/v2/media/ghs/a962523c-1158-41a7-b5b9-aaca8647ec0f/132524ec-cded-4923-9a27-5e8148f0f2b5_295695082.jpeg?h=225&w=225,
305178864,"Juice 2 Charge Powerbank 5,000 mAh Red",https://www.tesco.com/groceries/en-GB/shop/home-and-ents/all?department=Electrical&viewAll=department&page=,£15.00,£15.00/each,,,/groceries/en-GB/products/305178864,https://digitalcontent.api.tesco.com/v2/media/ghs/7e971e0e-a4c1-43d3-a0b5-9c4e23ff6044/6fbbe1fc-9f15-4d67-a60f-0e5dffe28874_1036458320.jpeg?h=225&w=225,
306980459,Groov-E Music Buds Wireless Earphones Black,https://www.tesco.com/groceries/en-GB/shop/home-and-ents/all?department=Electrical&viewAll=department&page=,£20.00,£20.00/each,,,/groceries/en-GB/products/306980459,https://digitalcontent.api.tesco.com/v2/media/ghs/dc9cacb7-8301-49ef-968e-4c03212d9262/f1bf06f9-eb50-49c2-a91b-18c9b527c543_36180621.jpeg?h=225&w=225,
277686944,Remington S6300 Straightener,https://www.tesco.com/groceries/en-GB/shop/home-and-ents/all?department=Electrical&viewAll=department&page=,£32.00,£32.00/each,£22.00 Clubcard Price,,/groceries/en-GB/products/277686944,https://digitalcontent.api.tesco.com/v2/media/ghs/a9f54f11-f322-42a1-878b-ec53b3020ef6/8afde81e-640a-47b1-8244-2f989557e4a9_2005551924.jpeg?h=225&w=225,
288178740,Remington D3190 Ionic Dry 2200W Hairdryer,https://www.tesco.com/groceries/en-GB/shop/home-and-ents/all?department=Electrical&viewAll=department&page=,£31.00,£31.00/each,£21.00 Clubcard Price,,/groceries/en-GB/products/288178740,https://digitalcontent.api.tesco.com/v2/media/ghs/9e55d8af-b347-4773-b562-a6b42b98b98b/63a4db54-42c9-4bd3-a32b-7eb4904fb6c4_1383321647.jpeg?h=225&w=225,
308397974,Tesco Astra 1.7L Kettle,https://www.tesco.com/groceries/en-GB/shop/home-and-ents/all?department=Electrical&viewAll=department&page=,£27.00,£27.00/each,,,/groceries/en-GB/products/308397974,https://digitalcontent.api.tesco.com/v2/media/ghs/2ca1e60f-68a5-4739-a800-80c1f1e8194f/7ec1dcaf-dce8-4ee8-8749-9da0cb992b4f_1820717684.jpeg?h=225&w=225,
300434546,Tesco 2m USB-C Cable White,https://www.tesco.com/groceries/en-GB/shop/home-and-ents/all?department=Electrical&viewAll=department&page=,£12.00,£12.00/each,,,/groceries/en-GB/products/300434546,https://digitalcontent.api.tesco.com/v2/media/ghs/30f1770d-a14d-4172-aff0-ecbc88bcf38d/e122ede5-8b27-4488-a92a-fbb1b7b27cb7_180332497.jpeg?h=225&w=225,
291566985,Tesco Lightning Charge & Sync Cable 15cm Grey,https://www.tesco.com/groceries/en-GB/shop/home-and-ents/all?department=Electrical&viewAll=department&page=,£12.00,£12.00/each,,,/groceries/en-GB/products/291566985,https://digitalcontent.api.tesco.com/v2/media/ghs/2b8fdb7d-61ea-4c4e-a51c-c56408a481d5/0b1da442-8da6-431e-9967-a7b26aa2242a_1437741100.jpeg?h=225&w=225,
310080286,Calex Rgb Moodlight Black,https://www.tesco.com/groceries/en-GB/shop/home-and-ents/all?department=Electrical&viewAll=department&page=,£20.00,£20.00/each,,,/groceries/en-GB/products/310080286,https://digitalcontent.api.tesco.com/v2/media/ghs/7f088780-cd7a-4794-8f3a-83e01f6bbbfc/afec1571-5a0e-4890-980e-da873cf86ec8_2064365381.jpeg?h=225&w=225,
290165120,Tresemme Perfectly Undone Curling Tong,https://www.tesco.com/groceries/en-GB/shop/home-and-ents/all?department=Electrical&viewAll=department&page=,£25.00,£25.00/each,,,/groceries/en-GB/products/290165120,https://digitalcontent.api.tesco.com/v2/media/ghs/f307d4e4-6448-4b14-94a8-b755b8c6df9a/2605be4e-3f23-4eab-8f8f-5b5d1fd278d1_482362686.jpeg?h=225&w=225,
305178985,Mixx Sound Up Wirelessoverhead Rose Gold,https://www.tesco.com/groceries/en-GB/shop/home-and-ents/all?department=Electrical&viewAll=department&page=,£15.00,£15.00/each,,,/groceries/en-GB/products/305178985,https://digitalcontent.api.tesco.com/v2/media/ghs/5f70df7a-55c1-418f-b48e-8ba15209cba3/2b2cbcbe-f832-4f6a-810a-2206a0bdb48b_831132063.jpeg?h=225&w=225,
303220126,Tesco Coffee Maker,https://www.tesco.com/groceries/en-GB/shop/home-and-ents/all?department=Electrical&viewAll=department&page=,£19.00,£19.00/each,,,/groceries/en-GB/products/303220126,https://digitalcontent.api.tesco.com/v2/media/ghs/22e6626f-aa92-4960-b743-8520aa984f64/d1536787-cd0e-4076-b456-6492388bd698_1337854724.jpeg?h=225&w=225,
285444418,Russell Hobbs 20630 Iron,https://www.tesco.com/groceries/en-GB/shop/home-and-ents/all?department=Electrical&viewAll=department&page=,£50.00,£50.00/each,,,/groceries/en-GB/products/285444418,https://digitalcontent.api.tesco.com/v2/media/ghs/3e85e8a4-3f09-49a6-b429-05ab4b62e863/9de77093-6541-4eb0-9733-ecf0091fe952_1235933578.jpeg?h=225&w=225,
271427334,Sky 120 High Definition Remote,https://www.tesco.com/groceries/en-GB/shop/home-and-ents/all?department=Electrical&viewAll=department&page=,£26.00,£26.00/each,,,/groceries/en-GB/products/271427334,https://digitalcontent.api.tesco.com/v2/media/ghs/1d5b0b65-1227-4847-abeb-ce599a4a4b60/f18370ef-e49e-4dc7-a511-a1cedfc9b0ed_1775881454.jpeg?h=225&w=225,
310314909,Groov-e iPhone 13/13 Pro Screen Protector,https://www.tesco.com/groceries/en-GB/shop/home-and-ents/all?department=Electrical&viewAll=department&page=,£9.00,£9.00/each,,,/groceries/en-GB/products/310314909,https://digitalcontent.api.tesco.com/v2/media/ghs/156c33c2-e78f-4923-90fa-33ee0f5faa4a/b280a1f1-ba50-4bb5-a731-72ed7701be1d_2051679284.jpeg?h=225&w=225,
291446649,Tesco 10M High Performance Aerial Lead Kit,https://www.tesco.com/groceries/en-GB/shop/home-and-ents/all?department=Electrical&viewAll=department&page=,£12.00,£12.00/each,,,/groceries/en-GB/products/291446649,https://digitalcontent.api.tesco.com/v2/media/ghs/e98d1f88-0dc6-4620-a159-ba06f4984f9e/48eceb88-187d-46b4-8177-dc00e9c3ad40_2005702361.jpeg?h=225&w=225,
280001634,Remington D3010 2000W Hair Dryer,https://www.tesco.com/groceries/en-GB/shop/home-and-ents/all?department=Electrical&viewAll=department&page=,£18.00,£18.00/each,,,/groceries/en-GB/products/280001634,https://digitalcontent.api.tesco.com/v2/media/ghs/423f379d-a160-4048-bcbb-011192753964/6e4114be-2871-4741-a7c6-5a63f65dcd6f_1889016863.jpeg?h=225&w=225,
307032227,Wahl Facial Hair Remover,https://www.tesco.com/groceries/en-GB/shop/home-and-ents/all?department=Electrical&viewAll=department&page=,£20.00,£20.00/each,,,/groceries/en-GB/products/307032227,https://digitalcontent.api.tesco.com/v2/media/ghs/4d651b4c-8be3-4678-a106-5dcc6e7732eb/4994ab05-3c1d-4833-8c6e-4bb1fa7a2bf9_1435776337.jpeg?h=225&w=225,
307983627,Breville Vst057 Sandwich Toaster,https://www.tesco.com/groceries/en-GB/shop/home-and-ents/all?department=Electrical&viewAll=department&page=,£17.00,£17.00/each,,,/groceries/en-GB/products/307983627,https://digitalcontent.api.tesco.com/v2/media/ghs/89441f0c-15cb-4b00-834f-542c45de743a/3901c83a-4f8b-4efe-945b-b02476ddfeaf_842377467.jpeg?h=225&w=225,
309629792,Tesco Dual Port Car Charger USB-C And USB-A,https://www.tesco.com/groceries/en-GB/shop/home-and-ents/all?department=Electrical&viewAll=department&page=,£10.00,£10.00/each,,,/groceries/en-GB/products/309629792,https://digitalcontent.api.tesco.com/v2/media/ghs/24b72756-f2fc-4df8-80f4-c95b20ad85f5/7100c76a-4707-4266-90ed-963409dadd0d_1774521889.jpeg?h=225&w=225,
308033616,Trust Primo Keyboard,https://www.tesco.com/groceries/en-GB/shop/home-and-ents/all?department=Electrical&viewAll=department&page=,£10.00,£10.00/each,,,/groceries/en-GB/products/308033616,https://digitalcontent.api.tesco.com/v2/media/ghs/99971322-c4ad-4cdd-8251-e0d23b47ec4c/2b0bb2d3-43eb-4e2c-9613-8cca41ed9040_2032086550.jpeg?h=225&w=225,
304048179,Integral Micro Sd 32Gb,https://www.tesco.com/groceries/en-GB/shop/home-and-ents/all?department=Electrical&viewAll=department&page=,£10.00,£10.00/each,,,/groceries/en-GB/products/304048179,https://digitalcontent.api.tesco.com/v2/media/ghs/000a901f-ffcb-4479-a9a9-27e6ae1f714f/0bd82cb2-89ba-49d9-a517-ee165a468347_400578611.jpeg?h=225&w=225,
311208547,Mixx Ox1 Wired Headphones Purple,https://www.tesco.com/groceries/en-GB/shop/home-and-ents/all?department=Electrical&viewAll=department&page=,£10.00,£10.00/each,,,/groceries/en-GB/products/311208547,https://digitalcontent.api.tesco.com/v2/media/ghs/2b8745ac-11e3-4aaf-951a-45c0bc8f20cc/99bcb82e-ddad-41e0-a2f5-a7b9a2761807_2026478721.jpeg?h=225&w=225,
304048093,Integral Sd 32Gb,https://www.tesco.com/groceries/en-GB/shop/home-and-ents/all?department=Electrical&viewAll=department&page=,£10.00,£10.00/each,,,/groceries/en-GB/products/304048093,https://digitalcontent.api.tesco.com/v2/media/ghs/e7298d74-48f2-490f-b7d2-693e80c088ae/87c540e1-1afe-4367-8c13-28741c830a55_658905780.jpeg?h=225&w=225,
306351686,Groov-e iPhone 11 Glass Screen Protector,https://www.tesco.com/groceries/en-GB/shop/home-and-ents/all?department=Electrical&viewAll=department&page=,£9.00,£9.00/each,,,/groceries/en-GB/products/306351686,https://digitalcontent.api.tesco.com/v2/media/ghs/e17cdb36-3aad-432e-9567-cc6585c3d1ff/e03d30e8-02b0-44f3-a792-a4300d8c0627_938683980.jpeg?h=225&w=225,
291446724,Tesco 2M High Performance Aerial Lead,https://www.tesco.com/groceries/en-GB/shop/home-and-ents/all?department=Electrical&viewAll=department&page=,£8.00,£8.00/each,,,/groceries/en-GB/products/291446724,https://digitalcontent.api.tesco.com/v2/media/ghs/545d0e80-c071-4f2e-a81f-f59cb889c4d0/6c0d6261-bf21-4f28-8e21-a3d11b4f2d1f_259334437.jpeg?h=225&w=225,
291446718,Tesco 2m High Performance HDMI Lead,https://www.tesco.com/groceries/en-GB/shop/home-and-ents/all?department=Electrical&viewAll=department&page=,£9.00,£9.00/each,,,/groceries/en-GB/products/291446718,https://digitalcontent.api.tesco.com/v2/media/ghs/659b81f8-fb88-4db6-a008-7fcc70070253/64822579-80f5-4549-a674-2af255133916_959084212.jpeg?h=225&w=225,
276024987,Tesco 1m HDMI Lead TCH1SS13,https://www.tesco.com/groceries/en-GB/shop/home-and-ents/all?department=Electrical&viewAll=department&page=,£7.00,£7.00/each,,,/groceries/en-GB/products/276024987,https://digitalcontent.api.tesco.com/v2/media/ghs/a85d6d30-a1f6-4571-a4ff-7d0ee0218118/b2c82dd8-e33c-4a93-910c-9b980079e688_838860248.jpeg?h=225&w=225,
300811175,Tefal Bl420840 Blenforce Ii Jug Blender Black,https://www.tesco.com/groceries/en-GB/shop/home-and-ents/all?department=Electrical&viewAll=department&page=,£49.00,£49.00/each,,,/groceries/en-GB/products/300811175,https://digitalcontent.api.tesco.com/v2/media/ghs/e45698ca-9d02-474e-bf5a-d9bcc04d8ef3/5ac645e7-ec2a-4c38-9aba-ef3350b4273f_227121093.jpeg?h=225&w=225,
263924852,Kenwood Fp120 Food Processor,https://www.tesco.com/groceries/en-GB/shop/home-and-ents/all?department=Electrical&viewAll=department&page=,£44.00,£44.00/each,,,/groceries/en-GB/products/263924852,https://digitalcontent.api.tesco.com/v2/media/ghs/07f0b7cb-e75a-4962-b3ee-b88d536e1dfa/90dffc6f-16f8-474e-b511-45d56bc592cc_110153952.jpeg?h=225&w=225,
304532562,Babyliss Carbon Steel Clipper,https://www.tesco.com/groceries/en-GB/shop/home-and-ents/all?department=Electrical&viewAll=department&page=,£50.00,£50.00/each,,,/groceries/en-GB/products/304532562,https://digitalcontent.api.tesco.com/v2/media/ghs/8e449e85-a900-4526-bd2c-95bd373fecd2/40002910-52eb-4512-a78e-fa1a616c1c89_150704891.jpeg?h=225&w=225,
311693043,Wahl Extreme Grip 7 In 1 Multigroomer,https://www.tesco.com/groceries/en-GB/shop/home-and-ents/all?department=Electrical&viewAll=department&page=,£40.00,£40.00/each,£30.00 Clubcard Price,,/groceries/en-GB/products/311693043,https://digitalcontent.api.tesco.com/v2/media/ghs/3e49eed7-2909-4fe3-9341-782fafb5df87/8048f2c3-09d3-4ecb-b94b-3edd70d2aff1_133322126.jpeg?h=225&w=225,
309806421,Tower Oddessy 4 Slice Toaster Grey,https://www.tesco.com/groceries/en-GB/shop/home-and-ents/all?department=Electrical&viewAll=department&page=,£40.00,£40.00/each,,,/groceries/en-GB/products/309806421,https://digitalcontent.api.tesco.com/v2/media/ghs/981547a6-b6a0-4687-be59-c4ed45fc1aa7/173cab33-fec1-4d91-a663-846a22a3b879_1880745707.jpeg?h=225&w=225,
288178711,Remington Hc366 Stylist Hair Clipper,https://www.tesco.com/groceries/en-GB/shop/home-and-ents/all?department=Electrical&viewAll=department&page=,£35.00,£35.00/each,£30.00 Clubcard Price,,/groceries/en-GB/products/288178711,https://digitalcontent.api.tesco.com/v2/media/ghs/f0c165a9-2ad3-4d4b-88cc-b233f6b4a1ea/ed64fd96-7701-4021-8834-c417b3ad0bf9_169291231.jpeg?h=225&w=225,
301327706,Remington Shine Therapy Hairdryer,https://www.tesco.com/groceries/en-GB/shop/home-and-ents/all?department=Electrical&viewAll=department&page=,£33.00,£33.00/each,£25.00 Clubcard Price,,/groceries/en-GB/products/301327706,https://digitalcontent.api.tesco.com/v2/media/ghs/4896ad35-28b9-4329-9e34-481e41e5e0e3/6359faf1-89bd-47f7-ae43-8434a8033c52_1505781926.jpeg?h=225&w=225,
301470869,Tresemme Salon Dry Style Hair Dryer Set,https://www.tesco.com/groceries/en-GB/shop/home-and-ents/all?department=Electrical&viewAll=department&page=,£35.00,£35.00/each,,,/groceries/en-GB/products/301470869,https://digitalcontent.api.tesco.com/v2/media/ghs/c88135d3-a103-4330-a15a-2e4cc75270ac/62c3834c-5792-491d-94dd-ebfce9e29b70_1577777652.jpeg?h=225&w=225,
304478447,Remington F3 Foil Shaver,https://www.tesco.com/groceries/en-GB/shop/home-and-ents/all?department=Electrical&viewAll=department&page=,£31.00,£31.00/each,,,/groceries/en-GB/products/304478447,https://digitalcontent.api.tesco.com/v2/media/ghs/c85b1356-32a2-4a87-a501-5b1791fa2136/1bda7ab8-7f15-425b-9d63-5d4d1f81491b_1531784013.jpeg?h=225&w=225,
296674470,Wahl Colour Pro Clipper,https://www.tesco.com/groceries/en-GB/shop/home-and-ents/all?department=Electrical&viewAll=department&page=,£36.00,£36.00/each,£24.00 Clubcard Price,,/groceries/en-GB/products/296674470,https://digitalcontent.api.tesco.com/v2/media/ghs/2b2d74c4-f888-4a29-88cb-35231eaaf2f6/ae5cae37-2797-4245-ad16-021d663fb086_123638365.jpeg?h=225&w=225,
303623491,Trust Macci Wireless Gaming Mouse,https://www.tesco.com/groceries/en-GB/shop/home-and-ents/all?department=Electrical&viewAll=department&page=,£22.00,£22.00/each,,,/groceries/en-GB/products/303623491,https://digitalcontent.api.tesco.com/v2/media/ghs/85752524-f639-477b-bb28-720d175ce096/ae9fd1cd-4b96-4eef-b6fc-4a11f1b5aea6_1674843451.jpeg?h=225&w=225,
301470881,Babyliss Salon Pro Hair Dryer,https://www.tesco.com/groceries/en-GB/shop/home-and-ents/all?department=Electrical&viewAll=department&page=,£30.00,£30.00/each,,,/groceries/en-GB/products/301470881,https://digitalcontent.api.tesco.com/v2/media/ghs/e264dc6a-f7c2-4360-92b6-428a67022e16/1c129779-f447-42e1-948e-7679e5b41c47_1451101129.jpeg?h=225&w=225,
312559167,Wahl Chromium 11 In 1 Multigroomer,https://www.tesco.com/groceries/en-GB/shop/home-and-ents/all?department=Electrical&viewAll=department&page=,£32.00,£32.00/each,,,/groceries/en-GB/products/312559167,https://digitalcontent.api.tesco.com/v2/media/ghs/e70c2af6-d6a3-4c3c-8071-b5470f233ae5/fe65df66-ea65-43ec-a94d-d70d6791cff6_1440179322.jpeg?h=225&w=225,
306458186,Status Twin Usb Charging Plug,https://www.tesco.com/groceries/en-GB/shop/home-and-ents/all?department=Electrical&viewAll=department&page=,£12.00,£12.00/each,,,/groceries/en-GB/products/306458186,https://digitalcontent.api.tesco.com/v2/media/ghs/60cf23c7-61c5-40d8-a509-08bacc0c5fec/650c20d4-4972-4f88-b7c1-5aa1b1f163a4_1824646953.jpeg?h=225&w=225,
309038857,Tower 3 In 1 Deep Fill Snack Maker,https://www.tesco.com/groceries/en-GB/shop/home-and-ents/all?department=Electrical&viewAll=department&page=,£39.00,£39.00/each,,,/groceries/en-GB/products/309038857,https://digitalcontent.api.tesco.com/v2/media/ghs/e2388e83-cb63-405d-9b63-33041d383eb5/8a03cd64-907f-44f2-8c11-d9d60cc7f877_812399819.jpeg?h=225&w=225,
293088827,Russell Hobbs Textures Black Toaster 2 Slice,https://www.tesco.com/groceries/en-GB/shop/home-and-ents/all?department=Electrical&viewAll=department&page=,£22.00,£22.00/each,,,/groceries/en-GB/products/293088827,https://digitalcontent.api.tesco.com/v2/media/ghs/6e0d732d-0f89-4d4c-9fff-ad0d407e2c22/c0e65811-bc1b-41ae-81d9-4e1d18e90e17_260412544.jpeg?h=225&w=225,
304478424,Remington Thermacare 2200W Hair Dryer,https://www.tesco.com/groceries/en-GB/shop/home-and-ents/all?department=Electrical&viewAll=department&page=,£24.00,£24.00/each,,,/groceries/en-GB/products/304478424,https://digitalcontent.api.tesco.com/v2/media/ghs/1871795a-2cd1-4b10-8b72-d5cf5708d71e/7793364f-bac0-481a-9848-a82e1cbcd795_150967989.jpeg?h=225&w=225,
270129320,Logitech K120 Wired Keyboard,https://www.tesco.com/groceries/en-GB/shop/home-and-ents/all?department=Electrical&viewAll=department&page=,£15.00,£15.00/each,,,/groceries/en-GB/products/270129320,https://digitalcontent.api.tesco.com/v2/media/ghs/e39782aa-1a69-43ca-beee-e75ae8bdbcd1/ef232ca4-2206-47c7-9474-c807ef451f6c_595669240.jpeg?h=225&w=225,
308202768,One For All Evolve 4 1 Remote,https://www.tesco.com/groceries/en-GB/shop/home-and-ents/all?department=Electrical&viewAll=department&page=,£23.00,£23.00/each,,,/groceries/en-GB/products/308202768,https://digitalcontent.api.tesco.com/v2/media/ghs/f2c643f9-6701-49f7-90f9-19de14390baa/3b7dc3e1-0d6f-46c1-880d-bd083733d274_123201140.jpeg?h=225&w=225,
251566548,Kenwood Ch180 Mini Chopper,https://www.tesco.com/groceries/en-GB/shop/home-and-ents/all?department=Electrical&viewAll=department&page=,£24.00,£24.00/each,,,/groceries/en-GB/products/251566548,https://digitalcontent.api.tesco.com/v2/media/ghs/c1137860-3192-4952-808d-6c85746a9a16/5230e2ce-5580-4824-aec4-330217c7a31b_281959173.jpeg?h=225&w=225,
307862984,Groov-e iPhone 12/12 Pro Folio Case,https://www.tesco.com/groceries/en-GB/shop/home-and-ents/all?department=Electrical&viewAll=department&page=,£10.00,£10.00/each,£5.00 Clubcard Price,,/groceries/en-GB/products/307862984,https://digitalcontent.api.tesco.com/v2/media/ghs/8382d599-f2ed-4251-88f0-cf6dcab356de/d6149f4e-c086-4a24-acbd-b502799878d2_199756599.jpeg?h=225&w=225,
303389715,Tesco 1m USB-C Cable Black,https://www.tesco.com/groceries/en-GB/shop/home-and-ents/all?department=Electrical&viewAll=department&page=,£10.00,£10.00/each,,,/groceries/en-GB/products/303389715,https://digitalcontent.api.tesco.com/v2/media/ghs/9fcddd2d-71a1-4e9d-8b47-807cb413c5f6/1fca1266-5c90-48ae-a674-4f48a3f13c32_1728212213.jpeg?h=225&w=225,
304709072,Wahl Cordless Clipper 9655-1517,https://www.tesco.com/groceries/en-GB/shop/home-and-ents/all?department=Electrical&viewAll=department&page=,£21.00,£21.00/each,,,/groceries/en-GB/products/304709072,https://digitalcontent.api.tesco.com/v2/media/ghs/bb21aa1c-9233-4cdb-91fa-9b502f4b64fe/47eb8ac5-3375-4216-8eaa-3836a6f3b5c8_2144551381.jpeg?h=225&w=225,
263494236,One For All Sv9021 Non Amplified Aerial,https://www.tesco.com/groceries/en-GB/shop/home-and-ents/all?department=Electrical&viewAll=department&page=,£13.00,£13.00/each,,,/groceries/en-GB/products/263494236,https://digitalcontent.api.tesco.com/v2/media/ghs/f23acd8a-f66f-4763-8f7f-f1a1daaa970f/a6f559cd-5175-45cb-942d-bb06e407b13d_2133891145.jpeg?h=225&w=225,
296909291,Logitech M171 Wireless Mouse Black,https://www.tesco.com/groceries/en-GB/shop/home-and-ents/all?department=Electrical&viewAll=department&page=,£13.00,£13.00/each,,,/groceries/en-GB/products/296909291,https://digitalcontent.api.tesco.com/v2/media/ghs/15fc484a-9ca2-4d02-9c75-3496683fc920/4e8c6f5d-2a55-4760-8c47-3ea10ac72ff5_1068677186.jpeg?h=225&w=225,
311079114,Tesco Expert Xgr22 5 In 1 Multi Grooming Kit,https://www.tesco.com/groceries/en-GB/shop/home-and-ents/all?department=Electrical&viewAll=department&page=,£15.00,£15.00/each,,,/groceries/en-GB/products/311079114,https://digitalcontent.api.tesco.com/v2/media/ghs-mktg/b0b04216-fa73-466d-a9d7-c9fcfa1ce9b3/no-image.jpeg,
312834711,Philips Smart Led Amber Glass 50W E27 Bulb,https://www.tesco.com/groceries/en-GB/shop/home-and-ents/all?department=Electrical&viewAll=department&page=,£15.00,£15.00/each,,New,/groceries/en-GB/products/312834711,https://digitalcontent.api.tesco.com/v2/media/ghs/9f78a8a6-d76a-4630-a923-92404f27259c/7d18b058-9d4b-4a10-8789-dec561e66509_1481665287.jpeg?h=225&w=225,
312103730,Status 10W Led Worklight,https://www.tesco.com/groceries/en-GB/shop/home-and-ents/all?department=Electrical&viewAll=department&page=,£15.00,£15.00/each,,,/groceries/en-GB/products/312103730,https://digitalcontent.api.tesco.com/v2/media/ghs/9a548d6b-d4ac-4535-86ce-0646e520c108/7c3b7bd1-a22f-474e-b401-0a57b7e32d54_1620165153.jpeg?h=225&w=225,
312097160,Status Usb & C Plug Adapter,https://www.tesco.com/groceries/en-GB/shop/home-and-ents/all?department=Electrical&viewAll=department&page=,£13.00,£13.00/each,,,/groceries/en-GB/products/312097160,https://digitalcontent.api.tesco.com/v2/media/ghs/789d8db1-79cf-46b3-8da6-9c736296a804/4a2c39a9-a3ee-45fe-ab14-bd914e3f12e4_503385497.jpeg?h=225&w=225,
306351755,Groov-e iPhone 11 Pro Glass Screen Protector,https://www.tesco.com/groceries/en-GB/shop/home-and-ents/all?department=Electrical&viewAll=department&page=,£9.00,£9.00/each,,,/groceries/en-GB/products/306351755,https://digitalcontent.api.tesco.com/v2/media/ghs/aa7cc359-9959-43fe-95e9-e212facd3e41/5627031c-0ef6-4bd9-b8b2-125883d10d17_40672162.jpeg?h=225&w=225,
296263120,Maxell CD RW 10 Pack Spindle,https://www.tesco.com/groceries/en-GB/shop/home-and-ents/all?department=Electrical&viewAll=department&page=,£8.00,£8.00/each,,,/groceries/en-GB/products/296263120,https://digitalcontent.api.tesco.com/v2/media/ghs/8fca6212-891b-4237-99be-1077fb617276/8b3c833b-0b06-41b3-a42c-8c325d66f2e6_354395444.jpeg?h=225&w=225,
264799116,Belkin 2M Ethernet Blue Networking Cable,https://www.tesco.com/groceries/en-GB/shop/home-and-ents/all?department=Electrical&viewAll=department&page=,£8.00,£8.00/each,,,/groceries/en-GB/products/264799116,https://digitalcontent.api.tesco.com/v2/media/ghs/8a223c9c-8c70-43c5-835f-3297378583ea/f4bf302e-10cc-4a28-a798-337747fc06a6_2014970861.jpeg?h=225&w=225,
293064280,Media Range 10 Pack Cd Slim Case,https://www.tesco.com/groceries/en-GB/shop/home-and-ents/all?department=Electrical&viewAll=department&page=,£6.00,£0.60/each,,,/groceries/en-GB/products/293064280,https://digitalcontent.api.tesco.com/v2/media/ghs/3dbe8216-6718-4e89-b6f5-b2dd8b6c6841/8d66245a-27e1-43cc-af64-ca246907374c_1232624173.jpeg?h=225&w=225,
311079108,Tesco Expert Xtm22 Nose And Eyebrow Trimmer,https://www.tesco.com/groceries/en-GB/shop/home-and-ents/all?department=Electrical&viewAll=department&page=,£7.00,£7.00/each,,,/groceries/en-GB/products/311079108,https://digitalcontent.api.tesco.com/v2/media/ghs-mktg/b0b04216-fa73-466d-a9d7-c9fcfa1ce9b3/no-image.jpeg,
273336484,Remington S8500 Shine Therapy Straightener,https://www.tesco.com/groceries/en-GB/shop/home-and-ents/all?department=Electrical&viewAll=department&page=,£59.00,£59.00/each,,,/groceries/en-GB/products/273336484,https://digitalcontent.api.tesco.com/v2/media/ghs/6b1a7f87-f16f-455b-b000-430af1c7ce19/9a7fcc48-c6ba-4465-8a93-faa8e90a9025_1750768927.jpeg?h=225&w=225,
293834158,SanDisk Extreme Micro SDXC Card 128gb,https://www.tesco.com/groceries/en-GB/shop/home-and-ents/all?department=Electrical&viewAll=department&page=,£40.00,£40.00/each,£35.00 Clubcard Price,,/groceries/en-GB/products/293834158,https://digitalcontent.api.tesco.com/v2/media/ghs/0b3bfa64-6b5a-473d-8f5a-1fbe9e238e3f/b10a8ac6-2ad5-4a71-9e5a-3db1d27272eb_2060704921.jpeg?h=225&w=225,
285023859,SanDisk Extreme SDXC Card 128gb,https://www.tesco.com/groceries/en-GB/shop/home-and-ents/all?department=Electrical&viewAll=department&page=,£40.00,£40.00/each,,,/groceries/en-GB/products/285023859,https://digitalcontent.api.tesco.com/v2/media/ghs/3c496f51-ae6b-45cb-aa04-a6758be1146f/2a7baea4-3038-4af0-9b4d-1c66e84873a3_620636629.jpeg?h=225&w=225,
306855614,Integral Micro Sd 256Gb,https://www.tesco.com/groceries/en-GB/shop/home-and-ents/all?department=Electrical&viewAll=department&page=,£40.00,£40.00/each,£36.00 Clubcard Price,,/groceries/en-GB/products/306855614,https://digitalcontent.api.tesco.com/v2/media/ghs/1f9c508c-4e17-4adb-9fc6-b6196849039e/54e6efb1-0db2-48d5-9a29-e9a9a4269350_234781362.jpeg?h=225&w=225,
309443014,One Forall Sv9460 5G Amplified Aerial,https://www.tesco.com/groceries/en-GB/shop/home-and-ents/all?department=Electrical&viewAll=department&page=,£38.00,£38.00/each,,,/groceries/en-GB/products/309443014,https://digitalcontent.api.tesco.com/v2/media/ghs-mktg/b0b04216-fa73-466d-a9d7-c9fcfa1ce9b3/no-image.jpeg,
309443037,One Forall Sv9440 5G Amplified Aerial,https://www.tesco.com/groceries/en-GB/shop/home-and-ents/all?department=Electrical&viewAll=department&page=,£37.00,£37.00/each,,,/groceries/en-GB/products/309443037,https://digitalcontent.api.tesco.com/v2/media/ghs/1e7a3857-7dee-4bcf-bd6c-fbb2cecbb2a7/8fbc1829-06d5-4700-bf36-47457a6faccf_1758348589.jpeg?h=225&w=225,
306856106,Calex Smart Extension Lead 4 Plus 4 Usb,https://www.tesco.com/groceries/en-GB/shop/home-and-ents/all?department=Electrical&viewAll=department&page=,£30.00,£30.00/each,,,/groceries/en-GB/products/306856106,https://digitalcontent.api.tesco.com/v2/media/ghs/40467959-fb22-4a72-8423-6ea0e207a552/b79562ea-8214-434a-8ea1-dbe17d64ff8b_1298036708.jpeg?h=225&w=225,
307179854,Babyliss 2516U Midnight Luxe 235 Straightener,https://www.tesco.com/groceries/en-GB/shop/home-and-ents/all?department=Electrical&viewAll=department&page=,£60.00,£60.00/each,£36.00 Clubcard Price,,/groceries/en-GB/products/307179854,https://digitalcontent.api.tesco.com/v2/media/ghs/0ad61f56-ea4b-40ba-82cf-78a65e3ac23b/60e1a2a3-5515-4cee-b9fd-1aebfaf6978c_107262761.jpeg?h=225&w=225,
285023836,SanDisk Ultra SDXC Card 128gb,https://www.tesco.com/groceries/en-GB/shop/home-and-ents/all?department=Electrical&viewAll=department&page=,£32.00,£32.00/each,£28.00 Clubcard Price,,/groceries/en-GB/products/285023836,https://digitalcontent.api.tesco.com/v2/media/ghs/2a374677-480a-4636-bef8-a892efe5528e/47f8cb70-04c4-4765-96e6-e535775fca06_545704516.jpeg?h=225&w=225,
310275281,Juice Magsafe to USB-C Cable 1m White,https://www.tesco.com/groceries/en-GB/shop/home-and-ents/all?department=Electrical&viewAll=department&page=,£20.00,£20.00/each,,,/groceries/en-GB/products/310275281,https://digitalcontent.api.tesco.com/v2/media/ghs/2b4d6cd4-9fa0-475e-b74e-93fe67255fe5/56798e7c-d46a-4646-a83a-cdcd3ecb0c17_672145760.jpeg?h=225&w=225,
306855597,Integral Sd 128Gb,https://www.tesco.com/groceries/en-GB/shop/home-and-ents/all?department=Electrical&viewAll=department&page=,£28.00,£28.00/each,£25.00 Clubcard Price,,/groceries/en-GB/products/306855597,https://digitalcontent.api.tesco.com/v2/media/ghs/77f7563f-bb78-4b25-81c5-e62ec2b0105f/35c13366-4b71-4f1b-a5df-3bf035fd707a_869553404.jpeg?h=225&w=225,
311421936,Sony Wic310 Wireless Inear Headphones,https://www.tesco.com/groceries/en-GB/shop/home-and-ents/all?department=Electrical&viewAll=department&page=,£25.00,£25.00/each,,,/groceries/en-GB/products/311421936,https://digitalcontent.api.tesco.com/v2/media/ghs/81658099-4112-48b1-8d65-b088a278ef11/8dbec359-12c6-419f-b1b7-91e74607fffc_839525330.jpeg?h=225&w=225,
285023842,SanDisk Extreme SDXC Card 64gb,https://www.tesco.com/groceries/en-GB/shop/home-and-ents/all?department=Electrical&viewAll=department&page=,£24.00,£24.00/each,£21.00 Clubcard Price,,/groceries/en-GB/products/285023842,https://digitalcontent.api.tesco.com/v2/media/ghs/cd24a430-a5d3-4517-a2db-9fa35e6f9104/9fe74267-4f9b-453a-8637-244f11647fd0_430263676.jpeg?h=225&w=225,
309629786,Tesco Aux To Lightning Cable 1M White,https://www.tesco.com/groceries/en-GB/shop/home-and-ents/all?department=Electrical&viewAll=department&page=,£17.00,£17.00/each,,,/groceries/en-GB/products/309629786,https://digitalcontent.api.tesco.com/v2/media/ghs/67b5afff-9d3b-451a-92dd-1a16e7f50804/4b658d77-9a23-42d8-ae99-7626dc279aff_1916647443.jpeg?h=225&w=225,
307037798,Remington B5 Beard Trimmer,https://www.tesco.com/groceries/en-GB/shop/home-and-ents/all?department=Electrical&viewAll=department&page=,£34.00,£34.00/each,,,/groceries/en-GB/products/307037798,https://digitalcontent.api.tesco.com/v2/media/ghs/085ce7f6-fac5-4c21-bed1-814abd7d0a5d/fd1bb764-0b9d-43cf-b814-6f574ad6b555_1081237209.jpeg?h=225&w=225,
303717379,Juice Apple Lightning - Type C 1m Charging Cable White,https://www.tesco.com/groceries/en-GB/shop/home-and-ents/all?department=Electrical&viewAll=department&page=,£15.00,£15.00/each,,,/groceries/en-GB/products/303717379,https://digitalcontent.api.tesco.com/v2/media/ghs/dad4b4b4-7da1-4ed9-ab77-a0510cc0dc46/839a1f1b-f074-470b-9ccd-0c933afce4e3_647797752.jpeg?h=225&w=225,
303717432,Juice USB-C TO USB-A Charging Cable 2M Aqua,https://www.tesco.com/groceries/en-GB/shop/home-and-ents/all?department=Electrical&viewAll=department&page=,£15.00,£15.00/each,,,/groceries/en-GB/products/303717432,https://digitalcontent.api.tesco.com/v2/media/ghs/688d4a87-1313-425f-9627-ee03df8e5118/69889054-3725-493c-aef7-d91cf26209e0_585646788.jpeg?h=225&w=225,
306782112,Juice Apple Lightning 1m Charging Cable Coral,https://www.tesco.com/groceries/en-GB/shop/home-and-ents/all?department=Electrical&viewAll=department&page=,£15.00,£15.00/each,,,/groceries/en-GB/products/306782112,https://digitalcontent.api.tesco.com/v2/media/ghs/ce6b7e5d-adbc-432e-8c72-432aa83ae077/a7c717cc-d895-4b2b-91d1-3fafb90a89df_1814865825.jpeg?h=225&w=225,
306782106,Juice Apple Lightning 1m Charging Cable Aqua,https://www.tesco.com/groceries/en-GB/shop/home-and-ents/all?department=Electrical&viewAll=department&page=,£15.00,£15.00/each,,,/groceries/en-GB/products/306782106,https://digitalcontent.api.tesco.com/v2/media/ghs/d2f377ce-37bb-4a6f-85c6-ad59a1fdc318/68eb0f03-80ee-418c-aeb1-034768ecbf07_1973524144.jpeg?h=225&w=225,
300834568,One For All Sv9405 Indoor Aerial,https://www.tesco.com/groceries/en-GB/shop/home-and-ents/all?department=Electrical&viewAll=department&page=,£18.00,£18.00/each,,,/groceries/en-GB/products/300834568,https://digitalcontent.api.tesco.com/v2/media/ghs/e73b0cfb-8a42-4145-aa7b-e599070c53f4/a200001c-ab37-4608-a52b-87f4ffd8d86b_641071893.jpeg?h=225&w=225,
303336789,Sky Voice Remote,https://www.tesco.com/groceries/en-GB/shop/home-and-ents/all?department=Electrical&viewAll=department&page=,£38.00,£38.00/each,,,/groceries/en-GB/products/303336789,https://digitalcontent.api.tesco.com/v2/media/ghs/7db2692b-f2ed-4e14-a110-3ef4b9badfaa/d07110f7-1c80-4130-9aab-258bfeedf509_1256478985.jpeg?h=225&w=225,
306862415,Belkin Usb C 1M Braided Cable Black,https://www.tesco.com/groceries/en-GB/shop/home-and-ents/all?department=Electrical&viewAll=department&page=,£13.00,£13.00/each,,,/groceries/en-GB/products/306862415,https://digitalcontent.api.tesco.com/v2/media/ghs/7c779679-8d45-4eff-bf6e-25fb7f54855f/21ef362f-2d76-4576-a4d9-5373ccd20aca_1024851971.jpeg?h=225&w=225,
303717419,Juice Type C 1m Charging Cable Coral,https://www.tesco.com/groceries/en-GB/shop/home-and-ents/all?department=Electrical&viewAll=department&page=,£13.00,£13.00/each,,,/groceries/en-GB/products/303717419,https://digitalcontent.api.tesco.com/v2/media/ghs/1d293a52-4d40-4e36-b515-e69c93fe4c21/26cbae77-64b2-4a32-86d5-c10572bb7ab2_1731219930.jpeg?h=225&w=225,
309680239,Tesco Usb-C To Usb-C Cable 1m White,https://www.tesco.com/groceries/en-GB/shop/home-and-ents/all?department=Electrical&viewAll=department&page=,£12.00,£12.00/each,,,/groceries/en-GB/products/309680239,https://digitalcontent.api.tesco.com/v2/media/ghs/ccf85c57-ffac-4f84-806d-aa10d9d0cc06/8dd7b901-ae92-4ff8-a1ca-717e42dfe5cd_1441800949.jpeg?h=225&w=225,
294769602,Juice Lightning to USB Cable 1m Rose Gold,https://www.tesco.com/groceries/en-GB/shop/home-and-ents/all?department=Electrical&viewAll=department&page=,£16.00,£16.00/each,,,/groceries/en-GB/products/294769602,https://digitalcontent.api.tesco.com/v2/media/ghs/a4718fdc-84c3-4c0f-a871-85404319db57/c8cfee5f-018e-49d6-b09b-10b0c912e122_857332424.jpeg?h=225&w=225,
284090060,SanDisk Extreme Micro SD Card 32gb,https://www.tesco.com/groceries/en-GB/shop/home-and-ents/all?department=Electrical&viewAll=department&page=,£16.00,£16.00/each,,,/groceries/en-GB/products/284090060,https://digitalcontent.api.tesco.com/v2/media/ghs/46fa924a-132c-40eb-b823-5efaee3f6c5f/aa8e3237-d5ff-4d1c-aea6-bfea533f0a87_965230176.jpeg?h=225&w=225,
272699608,Belkin HDMI Cable with Ethernet Gold Plated Black 5m,https://www.tesco.com/groceries/en-GB/shop/home-and-ents/all?department=Electrical&viewAll=department&page=,£24.00,£24.00/each,,,/groceries/en-GB/products/272699608,https://digitalcontent.api.tesco.com/v2/media/ghs/4e011a3a-2810-461c-82c0-580c8daf77a1/5682d480-7c43-46e9-a053-6f3896bd756e_2040057190.jpeg?h=225&w=225,
307074389,Mixx Play Bluetooth Ear Phones Rose Gold,https://www.tesco.com/groceries/en-GB/shop/home-and-ents/all?department=Electrical&viewAll=department&page=,£15.00,£15.00/each,,,/groceries/en-GB/products/307074389,https://digitalcontent.api.tesco.com/v2/media/ghs/7694214f-abe9-46d1-896a-5f2fb33f5f7f/28effce4-8eec-41f4-9e93-b399da2f63a9_924292183.jpeg?h=225&w=225,
307074373,Mixx Play Bluetooth Earphones Black,https://www.tesco.com/groceries/en-GB/shop/home-and-ents/all?department=Electrical&viewAll=department&page=,£15.00,£15.00/each,,,/groceries/en-GB/products/307074373,https://digitalcontent.api.tesco.com/v2/media/ghs/f5e0d9e6-26af-4350-8b8a-4807c2367337/24c9a7b6-15a8-4297-ba7f-c548d6c765c1_1234636396.jpeg?h=225&w=225,
306980436,Groov-E Metal Buds Bluetooth Earphones Gold,https://www.tesco.com/groceries/en-GB/shop/home-and-ents/all?department=Electrical&viewAll=department&page=,£13.00,£13.00/each,£10.00 Clubcard Price,,/groceries/en-GB/products/306980436,https://digitalcontent.api.tesco.com/v2/media/ghs/b5df2caa-d0a3-4426-8ebf-af5d552e735a/8fdf1513-8370-4e29-b4e8-a897f04abe55_386726451.jpeg?h=225&w=225,
272699597,Belkin HDMI Cable with Ethernet Gold Plated Black 2m,https://www.tesco.com/groceries/en-GB/shop/home-and-ents/all?department=Electrical&viewAll=department&page=,£18.00,£18.00/each,,,/groceries/en-GB/products/272699597,https://digitalcontent.api.tesco.com/v2/media/ghs/02199259-ddf5-416b-a672-cb6ed221f21d/3db6d6a3-72a7-411c-9462-633721d0d264_1008834785.jpeg?h=225&w=225,
309680245,Tesco Aux To USB-C Cable 1m Black,https://www.tesco.com/groceries/en-GB/shop/home-and-ents/all?department=Electrical&viewAll=department&page=,£8.00,£8.00/each,,,/groceries/en-GB/products/309680245,https://digitalcontent.api.tesco.com/v2/media/ghs/f3a116c4-6326-4aa6-84c9-e58e88b5089d/8f41c4ea-9f79-4711-a8e2-3844db1a2740_1104728107.jpeg?h=225&w=225,
291446747,Tesco 2M High Performance Usb 2.0 Cable,https://www.tesco.com/groceries/en-GB/shop/home-and-ents/all?department=Electrical&viewAll=department&page=,£10.00,£10.00/each,,,/groceries/en-GB/products/291446747,https://digitalcontent.api.tesco.com/v2/media/ghs/01bab00c-38bb-4389-9d36-ee4e5c392fe4/49f9a77d-aad0-4f51-9eb8-54432791f839_1026747474.jpeg?h=225&w=225,
288336415,Belkin 5M Blue Cat5e Ethernet Networking Cable,https://www.tesco.com/groceries/en-GB/shop/home-and-ents/all?department=Electrical&viewAll=department&page=,£10.00,£10.00/each,,,/groceries/en-GB/products/288336415,https://digitalcontent.api.tesco.com/v2/media/ghs/61312213-51a0-4788-9843-a95553848ea8/23863529-a64f-42fb-af6b-76476a2b8b3a_1394061866.jpeg?h=225&w=225,
303759179,Tesco 4K Hdmi Switch 3-Way,https://www.tesco.com/groceries/en-GB/shop/home-and-ents/all?department=Electrical&viewAll=department&page=,£15.00,£15.00/each,,,/groceries/en-GB/products/303759179,https://digitalcontent.api.tesco.com/v2/media/ghs/8e708941-597e-44b4-8f08-6f9e2fc5736e/13f4294b-cbc4-4056-a552-6bccd13dd231_931053684.jpeg?h=225&w=225,
291446874,Tesco 5M Network Cable,https://www.tesco.com/groceries/en-GB/shop/home-and-ents/all?department=Electrical&viewAll=department&page=,£9.00,£9.00/each,,,/groceries/en-GB/products/291446874,https://digitalcontent.api.tesco.com/v2/media/ghs/5a97e6da-ce64-445a-b365-9b551336f4fb/cc37e10e-776b-4364-aca0-b48e84eb2079_1192774498.jpeg?h=225&w=225,
310040607,Status 1 Way Wall Plug Fitting 2Usb,https://www.tesco.com/groceries/en-GB/shop/home-and-ents/all?department=Electrical&viewAll=department&page=,£10.00,£10.00/each,,,/groceries/en-GB/products/310040607,https://digitalcontent.api.tesco.com/v2/media/ghs/49aa597f-ed91-476c-82a9-b0001ccb4e90/e026a4af-effa-4b93-a564-2e3a0e4544ed_2104082822.jpeg?h=225&w=225,
300434598,Tesco Type C Adaptor,https://www.tesco.com/groceries/en-GB/shop/home-and-ents/all?department=Electrical&viewAll=department&page=,£6.00,£6.00/each,,,/groceries/en-GB/products/300434598,https://digitalcontent.api.tesco.com/v2/media/ghs/85ffa1ba-e92d-4c37-a356-94433492fbe3/28871e32-2cdc-4a88-be03-7260a59ee1a6_808175006.jpeg?h=225&w=225,
291446845,Tesco 5m High Performance HDMI Lead,https://www.tesco.com/groceries/en-GB/shop/home-and-ents/all?department=Electrical&viewAll=department&page=,£13.00,£13.00/each,,,/groceries/en-GB/products/291446845,https://digitalcontent.api.tesco.com/v2/media/ghs/491170ca-417c-4adc-97bd-5d53f5668ec5/c88d1207-392b-45a3-a8e4-06cdbe9a6084_292002646.jpeg?h=225&w=225,
291446753,Tesco 2M High Performance Vga Cable,https://www.tesco.com/groceries/en-GB/shop/home-and-ents/all?department=Electrical&viewAll=department&page=,£12.00,£12.00/each,,,/groceries/en-GB/products/291446753,https://digitalcontent.api.tesco.com/v2/media/ghs/d542e9ff-b748-4ff3-9740-56151b5c2297/20856750-9196-4402-bb4a-29cbb785d23d_1581549412.jpeg?h=225&w=225,
291446776,Tesco 2M Network Cable,https://www.tesco.com/groceries/en-GB/shop/home-and-ents/all?department=Electrical&viewAll=department&page=,£7.00,£7.00/each,,,/groceries/en-GB/products/291446776,https://digitalcontent.api.tesco.com/v2/media/ghs/a9e8c284-ff20-4094-9482-ea4b56a04a7c/e39ecf54-4cf5-497f-a961-edd32506e3d0_926311067.jpeg?h=225&w=225,
291446661,Tesco 1M Optical Cable,https://www.tesco.com/groceries/en-GB/shop/home-and-ents/all?department=Electrical&viewAll=department&page=,£8.00,£8.00/each,,,/groceries/en-GB/products/291446661,https://digitalcontent.api.tesco.com/v2/media/ghs/7e8d655c-5154-449a-83ed-65900a160af0/2df4b22b-2c88-4ffe-ba19-5e5bc42f62a4_552598705.jpeg?h=225&w=225,
291446690,Tesco 2 Aerial Coaxial Couplers,https://www.tesco.com/groceries/en-GB/shop/home-and-ents/all?department=Electrical&viewAll=department&page=,£4.00,£2.00/each,,,/groceries/en-GB/products/291446690,https://digitalcontent.api.tesco.com/v2/media/ghs/000ed261-0d9b-46d8-9b67-d3f59da15011/aaaeb073-a12f-4a06-b6eb-3c8ef28db295_1439823998.jpeg?h=225&w=225,
291446655,Tesco 1M High Performance Jack To Phono Lead,https://www.tesco.com/groceries/en-GB/shop/home-and-ents/all?department=Electrical&viewAll=department&page=,£6.00,£6.00/each,,,/groceries/en-GB/products/291446655,https://digitalcontent.api.tesco.com/v2/media/ghs/9b494a52-6682-4ff2-aa96-d7334f589412/afebf3ea-8b5a-44fb-bab6-3a50d7dd5d01_1018305096.jpeg?h=225&w=225,
275657585,Tesco 1M Scart Lead Tcs1aw12,https://www.tesco.com/groceries/en-GB/shop/home-and-ents/all?department=Electrical&viewAll=department&page=,£6.00,£6.00/each,,,/groceries/en-GB/products/275657585,https://digitalcontent.api.tesco.com/v2/media/ghs/5e999b12-3a2d-4af5-9eeb-9a75cf09baf6/f49f0b06-aeaf-4905-b772-b59963cbb557_1006164236.jpeg?h=225&w=225,
299244789,BT Advanced Cordless Telephone Twin,https://www.tesco.com/groceries/en-GB/shop/home-and-ents/all?department=Electrical&viewAll=department&page=,£85.00,£85.00/each,£65.00 Clubcard Price,,/groceries/en-GB/products/299244789,https://digitalcontent.api.tesco.com/v2/media/ghs/9c0a6496-8c73-4a06-9113-595e3d7eb60c/0771c99c-7b92-4e51-9b9c-5316eab2b396_1671370492.jpeg?h=225&w=225,
294761046,BT 3960 Cordless Telephone Twin,https://www.tesco.com/groceries/en-GB/shop/home-and-ents/all?department=Electrical&viewAll=department&page=,£60.00,£60.00/each,,,/groceries/en-GB/products/294761046,https://digitalcontent.api.tesco.com/v2/media/ghs/b7fea947-efec-4cce-ac30-e2ccaca40aa7/52724699-eab1-4bfa-a9d9-0c931de0ddf5_128346933.jpeg?h=225&w=225,
312848418,Skullcandy Jib True 2 Black Wireless Hphones,https://www.tesco.com/groceries/en-GB/shop/home-and-ents/all?department=Electrical&viewAll=department&page=,£40.00,£40.00/each,£30.00 Clubcard Price,,/groceries/en-GB/products/312848418,https://digitalcontent.api.tesco.com/v2/media/ghs/8137f052-724b-469c-8644-a71523056205/669cbc64-e45d-4b91-b3d6-9e490e4d5da4_1353626898.jpeg?h=225&w=225,
307016839,Jvc Gumy True Wireless Earphones White,https://www.tesco.com/groceries/en-GB/shop/home-and-ents/all?department=Electrical&viewAll=department&page=,£38.00,£38.00/each,,,/groceries/en-GB/products/307016839,https://digitalcontent.api.tesco.com/v2/media/ghs/6f74c3f0-2371-4394-8891-b55051b44ff6/0bcb5b07-4050-4396-bb76-3d73dcef7581_2109723278.jpeg?h=225&w=225,
307016823,Jvc Gumy True Wireless Earphones Black,https://www.tesco.com/groceries/en-GB/shop/home-and-ents/all?department=Electrical&viewAll=department&page=,£38.00,£38.00/each,,,/groceries/en-GB/products/307016823,https://digitalcontent.api.tesco.com/v2/media/ghs/864a21ff-8c55-4725-bb49-cead611bb68a/e313c41a-389e-4e62-955e-439e49d00c9f_251559638.jpeg?h=225&w=225,
303957084,Avf Nhl44 Multi Position Tv Bracket 32To55in,https://www.tesco.com/groceries/en-GB/shop/home-and-ents/all?department=Electrical&viewAll=department&page=,£60.00,£60.00/each,£40.00 Clubcard Price,,/groceries/en-GB/products/303957084,https://digitalcontent.api.tesco.com/v2/media/ghs/3f171f32-1f38-4199-b968-1951e067f119/90afe858-c4b0-4253-8f46-a5a5b4e742f9_2060824039.jpeg?h=225&w=225,
311202706,Mixx Streambuds Sports Charge Earphones Black,https://www.tesco.com/groceries/en-GB/shop/home-and-ents/all?department=Electrical&viewAll=department&page=,£35.00,£35.00/each,,,/groceries/en-GB/products/311202706,https://digitalcontent.api.tesco.com/v2/media/ghs/6a6a322b-0684-42cb-a8b2-4f89f596d8ae/1f640471-76c3-49a1-a3c7-6e44dc0eb79d_765565664.jpeg?h=225&w=225,
312010655,Tesco Deco Stainless Steel Pyramid Kettle,https://www.tesco.com/groceries/en-GB/shop/home-and-ents/all?department=Electrical&viewAll=department&page=,£30.00,£30.00/each,,,/groceries/en-GB/products/312010655,https://digitalcontent.api.tesco.com/v2/media/ghs/8d33cf7c-2fbf-4d37-ac56-1c0b166c712c/46e99869-4316-4023-b4cb-eb32f98e4009_1934925098.jpeg?h=225&w=225,
305178870,"Juice 2 Charge Powerbank 5,000 mAh Grey",https://www.tesco.com/groceries/en-GB/shop/home-and-ents/all?department=Electrical&viewAll=department&page=,£15.00,£15.00/each,,,/groceries/en-GB/products/305178870,https://digitalcontent.api.tesco.com/v2/media/ghs/fce14877-b619-446b-ae63-824c61767d25/7cf6c284-24dd-4859-87f8-72aa0811cb28_1700454958.jpeg?h=225&w=225,
312083147,Status Clamp Extension Lead With Usb & C,https://www.tesco.com/groceries/en-GB/shop/home-and-ents/all?department=Electrical&viewAll=department&page=,£20.00,£20.00/each,,,/groceries/en-GB/products/312083147,https://digitalcontent.api.tesco.com/v2/media/ghs/653214b0-5a90-4075-9aa5-5a9335d71367/4bc310e0-d9b9-4e11-9da1-6b1cfb9233d6_1217955933.jpeg?h=225&w=225,
311209987,Groov-E Music Buds Earphones White,https://www.tesco.com/groceries/en-GB/shop/home-and-ents/all?department=Electrical&viewAll=department&page=,£20.00,£20.00/each,,,/groceries/en-GB/products/311209987,https://digitalcontent.api.tesco.com/v2/media/ghs/e433a03d-bd11-4f6a-8008-cec8c33218b5/8fd1d8be-23c5-449a-899d-8e87615e9792_11934862.jpeg?h=225&w=225,
308446433,Belkin 20W Usb-C Wall Charger,https://www.tesco.com/groceries/en-GB/shop/home-and-ents/all?department=Electrical&viewAll=department&page=,£18.00,£18.00/each,,,/groceries/en-GB/products/308446433,https://digitalcontent.api.tesco.com/v2/media/ghs/96042e15-8bf7-40f0-ad8f-c69b45024d4c/eb55d650-1dfc-4b99-81ce-87d956409747_1274133613.jpeg?h=225&w=225,
300823938,Groov-E Phone 3.5-6.3 Inches Vacuum Suction,https://www.tesco.com/groceries/en-GB/shop/home-and-ents/all?department=Electrical&viewAll=department&page=,£13.00,£13.00/each,,,/groceries/en-GB/products/300823938,https://digitalcontent.api.tesco.com/v2/media/ghs/c782dbbe-8bd2-4210-b4e5-cc36be3e5eb0/924bb7a5-85ba-43b1-86f3-0968f0d8a8db_1286485175.jpeg?h=225&w=225,
300823944,Groov-E Phone Holder 360 Rotation,https://www.tesco.com/groceries/en-GB/shop/home-and-ents/all?department=Electrical&viewAll=department&page=,£13.00,£13.00/each,,,/groceries/en-GB/products/300823944,https://digitalcontent.api.tesco.com/v2/media/ghs/84564d9a-145f-44e8-bd7f-0a1966ba5a6c/cbff75eb-1ecb-4cca-8a3f-bc5747b0a99a_1240314927.jpeg?h=225&w=225,
306839784,Belkin Dual USB-A Car Charger 12W X2 Black,https://www.tesco.com/groceries/en-GB/shop/home-and-ents/all?department=Electrical&viewAll=department&page=,£15.00,£15.00/each,,,/groceries/en-GB/products/306839784,https://digitalcontent.api.tesco.com/v2/media/ghs/90124ecd-e3b2-4b27-b8f8-fe096096c3ca/75ea63b8-4f9a-4c31-9956-6f44ba14e757_621324045.jpeg?h=225&w=225,
306352184,Groov-e iPhone XR Folio Case Black,https://www.tesco.com/groceries/en-GB/shop/home-and-ents/all?department=Electrical&viewAll=department&page=,£10.00,£10.00/each,,,/groceries/en-GB/products/306352184,https://digitalcontent.api.tesco.com/v2/media/ghs/d9643b81-6f18-43a5-8e7c-091fb879cabf/cbdf5fc2-80ce-49e5-8dd1-84b9365505e7_871230857.jpeg?h=225&w=225,
304045509,Integral Black Usb 64Gb,https://www.tesco.com/groceries/en-GB/shop/home-and-ents/all?department=Electrical&viewAll=department&page=,£14.00,£14.00/each,,,/groceries/en-GB/products/304045509,https://digitalcontent.api.tesco.com/v2/media/ghs/5e969883-7489-4a44-a713-f504de96c6dd/0e5ab090-7eff-4a2d-bd4c-b0ab1fb783ae_1930350231.jpeg?h=225&w=225,
311261802,Defence Samsung Galaxy S22 5G Folio,https://www.tesco.com/groceries/en-GB/shop/home-and-ents/all?department=Electrical&viewAll=department&page=,£13.00,£13.00/each,,,/groceries/en-GB/products/311261802,https://digitalcontent.api.tesco.com/v2/media/ghs/b969f0de-56e9-487b-a09c-02afb660c118/67e465ca-cec9-4b6d-ac4a-9e627036c127_1872098215.jpeg?h=225&w=225,
310314875,Groov-e iPhone 13 Pro Max Screen Protector,https://www.tesco.com/groceries/en-GB/shop/home-and-ents/all?department=Electrical&viewAll=department&page=,£9.00,£9.00/each,,,/groceries/en-GB/products/310314875,https://digitalcontent.api.tesco.com/v2/media/ghs/01361395-78f5-4db4-920d-e8cd97de3b30/78183e09-15f8-4b51-9326-9ad46faeb0ef_484367791.jpeg?h=225&w=225,
310314823,Groov-e iPhone 13 Mini Screen Protector,https://www.tesco.com/groceries/en-GB/shop/home-and-ents/all?department=Electrical&viewAll=department&page=,£9.00,£9.00/each,,,/groceries/en-GB/products/310314823,https://digitalcontent.api.tesco.com/v2/media/ghs/496b8073-f231-4b71-b09e-a1b1be72ed37/242d07d6-a3f2-495e-b0a4-15aed775f081_1474358275.jpeg?h=225&w=225,
307862990,Groov-e iPhone 12 Pro Max Screen Protector,https://www.tesco.com/groceries/en-GB/shop/home-and-ents/all?department=Electrical&viewAll=department&page=,£9.00,£9.00/each,,,/groceries/en-GB/products/307862990,https://digitalcontent.api.tesco.com/v2/media/ghs/0bcf2a34-b167-426b-8d5f-2bb86dbd4e30/79a259dc-0a7b-4055-adf6-9fbcc50b19da_1149710676.jpeg?h=225&w=225,
307862932,Groov-e iPhone 12 Mini Screen Protector,https://www.tesco.com/groceries/en-GB/shop/home-and-ents/all?department=Electrical&viewAll=department&page=,£9.00,£9.00/each,,,/groceries/en-GB/products/307862932,https://digitalcontent.api.tesco.com/v2/media/ghs/7a9e8d2a-3eab-453a-a73f-fc28bee704cc/9f109f54-3bd0-485b-9098-f65390c1f4f4_1153752332.jpeg?h=225&w=225,
307862978,Groov-e iPhone 12/12 Pro Screen Protector,https://www.tesco.com/groceries/en-GB/shop/home-and-ents/all?department=Electrical&viewAll=department&page=,£9.00,£9.00/each,,,/groceries/en-GB/products/307862978,https://digitalcontent.api.tesco.com/v2/media/ghs/65ff9054-be39-4beb-9813-79bb201bd839/5b518c33-50b5-431d-ad0d-1944568dac26_1131129282.jpeg?h=225&w=225,
308202751,One For All Evolve 2 1 Remote,https://www.tesco.com/groceries/en-GB/shop/home-and-ents/all?department=Electrical&viewAll=department&page=,£19.00,£19.00/each,,,/groceries/en-GB/products/308202751,https://digitalcontent.api.tesco.com/v2/media/ghs/7fd65d1c-3d4d-441c-be1b-a040a501317e/d42e264d-3685-448e-ac06-c7de67a77de1_173314082.jpeg?h=225&w=225,
294647113,Tesco Tilt Tv Bracket Up To 39 Inch,https://www.tesco.com/groceries/en-GB/shop/home-and-ents/all?department=Electrical&viewAll=department&page=,£18.00,£18.00/each,£9.00 Clubcard Price,,/groceries/en-GB/products/294647113,https://digitalcontent.api.tesco.com/v2/media/ghs/aeef214e-ea31-4645-86c2-b678fbb32d5a/119548e6-6f43-4807-bd47-2e865b07d61c_82969306.jpeg?h=225&w=225,
311215991,Defence Samsung Galaxy S22 Screen Protector,https://www.tesco.com/groceries/en-GB/shop/home-and-ents/all?department=Electrical&viewAll=department&page=,£10.00,£10.00/each,,,/groceries/en-GB/products/311215991,https://digitalcontent.api.tesco.com/v2/media/ghs/0fcb01a9-441d-4956-884a-8799978d49cb/26c3fa99-2f5f-46a7-91f2-d9438786fb28_755838038.jpeg?h=225&w=225,
306352103,Groov-e iPhone X/XS Glass Screen Protector,https://www.tesco.com/groceries/en-GB/shop/home-and-ents/all?department=Electrical&viewAll=department&page=,£9.00,£9.00/each,,,/groceries/en-GB/products/306352103,https://digitalcontent.api.tesco.com/v2/media/ghs/68066cd2-41e7-40f7-9501-236ae716052a/450ae796-a4fb-463f-baf8-a0d5c090b6b7_526295598.jpeg?h=225&w=225,
306352190,Groov-e iPhone XR Glass Screen Protector,https://www.tesco.com/groceries/en-GB/shop/home-and-ents/all?department=Electrical&viewAll=department&page=,£9.00,£9.00/each,,,/groceries/en-GB/products/306352190,https://digitalcontent.api.tesco.com/v2/media/ghs/433d32b1-f549-416f-a974-c0d0344c7b0f/d8e6b18f-2a68-4ace-b5a4-21565555462a_201173268.jpeg?h=225&w=225,
306351801,Groov-e iPhone 11 Pro Max Glass Screen Protector,https://www.tesco.com/groceries/en-GB/shop/home-and-ents/all?department=Electrical&viewAll=department&page=,£9.00,£9.00/each,,,/groceries/en-GB/products/306351801,https://digitalcontent.api.tesco.com/v2/media/ghs/3f522583-3f8f-4c1f-a27a-cf575c05f945/db04aa2f-d5b0-4d43-bb2a-a8f29f391777_325655022.jpeg?h=225&w=225,
306352034,Groov-e iPhone X/XS Clear Case,https://www.tesco.com/groceries/en-GB/shop/home-and-ents/all?department=Electrical&viewAll=department&page=,£6.00,£6.00/each,,,/groceries/en-GB/products/306352034,https://digitalcontent.api.tesco.com/v2/media/ghs/4fd35672-4797-40f2-8d03-633b5675efb0/da1bcb21-cb89-4162-ba21-041910c3a90d_1402419465.jpeg?h=225&w=225,
307863009,Groov-e iPhone 12 Pro Max Clear Case,https://www.tesco.com/groceries/en-GB/shop/home-and-ents/all?department=Electrical&viewAll=department&page=,£6.00,£6.00/each,£3.00 Clubcard Price,,/groceries/en-GB/products/307863009,https://digitalcontent.api.tesco.com/v2/media/ghs/90ddae4e-0b59-462b-bf44-6c65292453b0/f2870959-94ed-4d72-a830-d162cbbd450b_1650944421.jpeg?h=225&w=225,
306351951,Groov-e iPhone 6/7/8/SE Plus Clear Case,https://www.tesco.com/groceries/en-GB/shop/home-and-ents/all?department=Electrical&viewAll=department&page=,£6.00,£6.00/each,£3.00 Clubcard Price,,/groceries/en-GB/products/306351951,https://digitalcontent.api.tesco.com/v2/media/ghs/5260f019-0fc2-4dbc-ad3b-7ad340bda91f/354a9b35-d8c0-4c15-a7f6-583a82b22b96_666205265.jpeg?h=225&w=225,
306351853,Groov-e iPhone 6/7/8 Clear Case,https://www.tesco.com/groceries/en-GB/shop/home-and-ents/all?department=Electrical&viewAll=department&page=,£6.00,£6.00/each,£3.00 Clubcard Price,,/groceries/en-GB/products/306351853,https://digitalcontent.api.tesco.com/v2/media/ghs/a36348a2-cd58-4eec-b52a-b5da2a1c6e28/78bed074-45dd-49fe-a737-6572c412a95f_46882457.jpeg?h=225&w=225,
307862949,Groov-e iPhone 12 Mini Clear Case,https://www.tesco.com/groceries/en-GB/shop/home-and-ents/all?department=Electrical&viewAll=department&page=,£6.00,£6.00/each,£3.00 Clubcard Price,,/groceries/en-GB/products/307862949,https://digitalcontent.api.tesco.com/v2/media/ghs/74695d7b-37b7-4020-8302-e9af59500400/221b2374-9c40-48be-9749-aecef40db1e3_1966205921.jpeg?h=225&w=225,
300434581,Tesco Micro Usb In Car Charger,https://www.tesco.com/groceries/en-GB/shop/home-and-ents/all?department=Electrical&viewAll=department&page=,£8.00,£8.00/each,,,/groceries/en-GB/products/300434581,https://digitalcontent.api.tesco.com/v2/media/ghs/64f4c497-f566-464f-9113-a29d62c660eb/ff5d5f04-1fd1-472d-96b1-b79870bbebdc_1130381543.jpeg?h=225&w=225,
294647107,Tesco Flat Tv Bracket Up To 39 Inch,https://www.tesco.com/groceries/en-GB/shop/home-and-ents/all?department=Electrical&viewAll=department&page=,£12.00,£12.00/each,£6.00 Clubcard Price,,/groceries/en-GB/products/294647107,https://digitalcontent.api.tesco.com/v2/media/ghs/a066038b-0352-4d39-9330-1af2b65d2d8a/27404c85-6c53-44f9-b3fe-06f816c6d94f_43689003.jpeg?h=225&w=225,
295986907,Tesco 3.5Mm Audio Cable 1M Black,https://www.tesco.com/groceries/en-GB/shop/home-and-ents/all?department=Electrical&viewAll=department&page=,£5.00,£5.00/each,,,/groceries/en-GB/products/295986907,https://digitalcontent.api.tesco.com/v2/media/ghs/f8df0f08-5501-49f3-a618-3346a52a29b2/c7226802-6c29-4ad0-9db4-c5fcf9fa624d_1246347314.jpeg?h=225&w=225,
312101717,Status Mobile Phone Shelf,https://www.tesco.com/groceries/en-GB/shop/home-and-ents/all?department=Electrical&viewAll=department&page=,£4.00,£4.00/each,,,/groceries/en-GB/products/312101717,https://digitalcontent.api.tesco.com/v2/media/ghs/2b6ce799-35a5-4b40-80a7-057b6b86f486/12b532c6-5937-4774-be48-8dddf585668c_2053813401.jpeg?h=225&w=225,
309948206,Groov-E Airpod Pro Case Black Silicone,https://www.tesco.com/groceries/en-GB/shop/home-and-ents/all?department=Electrical&viewAll=department&page=,£5.00,£5.00/each,,,/groceries/en-GB/products/309948206,https://digitalcontent.api.tesco.com/v2/media/ghs/88476afc-53d0-4cee-b598-c5c9a07e8ce9/13860d8e-2526-4d83-8ff7-8bde9b99167d_1745511643.jpeg?h=225&w=225,
310275298,Juice Dual 20W Wireless Charging Pad,https://www.tesco.com/groceries/en-GB/shop/home-and-ents/all?department=Electrical&viewAll=department&page=,£35.00,£35.00/each,,,/groceries/en-GB/products/310275298,https://digitalcontent.api.tesco.com/v2/media/ghs/0dccafc3-ae6c-4816-be68-9f4b26ac2cf3/638a28dc-b5c0-423c-8245-2e46d4a44791_105431714.jpeg?h=225&w=225,
309443095,One For All Sv9143 5G Amplified Aerial,https://www.tesco.com/groceries/en-GB/shop/home-and-ents/all?department=Electrical&viewAll=department&page=,£31.00,£31.00/each,,,/groceries/en-GB/products/309443095,https://digitalcontent.api.tesco.com/v2/media/ghs/8e53eed4-c086-42f0-bd23-9e997dbace26/382317d2-b7b2-4130-a635-8d38a1a3231d_680914691.jpeg?h=225&w=225,
310080303,Calex 10M Smart Lightstrip,https://www.tesco.com/groceries/en-GB/shop/home-and-ents/all?department=Electrical&viewAll=department&page=,£40.00,£4.00/metre,,,/groceries/en-GB/products/310080303,https://digitalcontent.api.tesco.com/v2/media/ghs/40e4f7bd-18eb-4dae-a59e-6d2b2eb93d05/05e0c275-1906-4132-9b32-71b377084a3e_1301267481.jpeg?h=225&w=225,
310362667,Mixx Streambuds Hybrid W Earphone Rose,https://www.tesco.com/groceries/en-GB/shop/home-and-ents/all?department=Electrical&viewAll=department&page=,£30.00,£30.00/each,£25.00 Clubcard Price,,/groceries/en-GB/products/310362667,https://digitalcontent.api.tesco.com/v2/media/ghs/2e028d75-2e1d-4c18-a117-2ad26dc264f2/94cd3add-2b75-4042-916d-cf02c37308d6_1323237019.jpeg?h=225&w=225,
306856059,Calex Smart Indoor Camera 1080P,https://www.tesco.com/groceries/en-GB/shop/home-and-ents/all?department=Electrical&viewAll=department&page=,£30.00,£30.00/each,,,/groceries/en-GB/products/306856059,https://digitalcontent.api.tesco.com/v2/media/ghs/0136cf06-83ff-417e-921e-21171fbdaf3e/f83081cb-5d82-4fb9-92e6-980fb858178a_1156648581.jpeg?h=225&w=225,
310716987,One For All Sv9420 5G Amplified Aerial,https://www.tesco.com/groceries/en-GB/shop/home-and-ents/all?department=Electrical&viewAll=department&page=,£26.00,£26.00/each,,,/groceries/en-GB/products/310716987,https://digitalcontent.api.tesco.com/v2/media/ghs-mktg/b0b04216-fa73-466d-a9d7-c9fcfa1ce9b3/no-image.jpeg,
283794824,SanDisk Extreme Micro SD Card 64gb,https://www.tesco.com/groceries/en-GB/shop/home-and-ents/all?department=Electrical&viewAll=department&page=,£24.00,£24.00/each,,,/groceries/en-GB/products/283794824,https://digitalcontent.api.tesco.com/v2/media/ghs/f5b7e122-417c-4ef2-aa76-9e87bbb8312d/5db8ace0-f879-4466-af96-922e73c953b6_1879851956.jpeg?h=225&w=225,
312010678,Tesco Champagne Thermastat Kettle,https://www.tesco.com/groceries/en-GB/shop/home-and-ents/all?department=Electrical&viewAll=department&page=,£32.00,£32.00/each,,,/groceries/en-GB/products/312010678,https://digitalcontent.api.tesco.com/v2/media/ghs/89336822-23f0-491f-b9f8-384052657008/36a56dda-1943-4ffc-8519-aec38e356d73_996539489.jpeg?h=225&w=225,
312558827,Philips Smart Led Full Colour 60W B22 Twin Pack,https://www.tesco.com/groceries/en-GB/shop/home-and-ents/all?department=Electrical&viewAll=department&page=,£25.00,£12.50/each,,,/groceries/en-GB/products/312558827,https://digitalcontent.api.tesco.com/v2/media/ghs/409f8d61-887e-46ec-90ae-1d034c557518/72d220c0-2a77-43f6-a701-17034a0d806f_1577284009.jpeg?h=225&w=225,
310707785,Trust Trino Webcam,https://www.tesco.com/groceries/en-GB/shop/home-and-ents/all?department=Electrical&viewAll=department&page=,£17.00,£17.00/each,£11.00 Clubcard Price,,/groceries/en-GB/products/310707785,https://digitalcontent.api.tesco.com/v2/media/ghs/1a7d1488-1b21-491f-a716-32714f7a9b85/ac33a100-b131-4cc2-99b9-1b21632432a5_2110488331.jpeg?h=225&w=225,
310040645,Status Floodlight 10W Pir Black,https://www.tesco.com/groceries/en-GB/shop/home-and-ents/all?department=Electrical&viewAll=department&page=,£15.00,£15.00/each,,,/groceries/en-GB/products/310040645,https://digitalcontent.api.tesco.com/v2/media/ghs/937e67e3-f73b-4700-a97c-c625a13502e6/7021997d-e8b4-425a-8223-5bcf462b5c59_1934999562.jpeg?h=225&w=225,
310314915,Groov-e iPhone 13 Folio Case Black,https://www.tesco.com/groceries/en-GB/shop/home-and-ents/all?department=Electrical&viewAll=department&page=,£10.00,£10.00/each,,,/groceries/en-GB/products/310314915,https://digitalcontent.api.tesco.com/v2/media/ghs/ccd0798c-0729-4bbc-a9a9-0a8aa3498271/9b673944-38c3-4d10-aade-a26839dba36f_1838925916.jpeg?h=225&w=225,
310076453,Groov-e Samsung S21 Folio Case Black,https://www.tesco.com/groceries/en-GB/shop/home-and-ents/all?department=Electrical&viewAll=department&page=,£10.00,£10.00/each,£5.00 Clubcard Price,,/groceries/en-GB/products/310076453,https://digitalcontent.api.tesco.com/v2/media/ghs/3fa44105-da86-4c43-8828-1ddaf00a20e4/1e0488c2-a021-49a9-aaa6-01af1787a142_699135276.jpeg?h=225&w=225,
312560717,Groov-E Iphone 13 Magnetic Case,https://www.tesco.com/groceries/en-GB/shop/home-and-ents/all?department=Electrical&viewAll=department&page=,£10.00,£10.00/each,,,/groceries/en-GB/products/312560717,https://digitalcontent.api.tesco.com/v2/media/ghs/f60af7f9-c38b-4df1-82dd-f6d4375896a5/f10f67f3-ddfe-4faa-92ed-5e54ff1195a9_1397947380.jpeg?h=225&w=225,
262236101,Belkin 2.0 Cable Cable A-Usb B Black 3M,https://www.tesco.com/groceries/en-GB/shop/home-and-ents/all?department=Electrical&viewAll=department&page=,£14.00,£14.00/each,,,/groceries/en-GB/products/262236101,https://digitalcontent.api.tesco.com/v2/media/ghs/05a2d2fc-f14b-4111-a717-247084fdb5f4/9c3c5954-ffd6-4d5d-abf4-13ba0904a999_398093751.jpeg?h=225&w=225,
272699620,Belkin HDMI Cable Dual Swivel 2m Gold Plated Black,https://www.tesco.com/groceries/en-GB/shop/home-and-ents/all?department=Electrical&viewAll=department&page=,£20.00,£20.00/each,,,/groceries/en-GB/products/272699620,https://digitalcontent.api.tesco.com/v2/media/ghs/72bfc1e3-31ef-4960-8d39-a32b3d01d44d/689545e3-0bce-4ef6-84f6-f89fc8a8c3c3_128416272.jpeg?h=225&w=225,
310040651,Status Solar Floodlight,https://www.tesco.com/groceries/en-GB/shop/home-and-ents/all?department=Electrical&viewAll=department&page=,£12.00,£12.00/each,,,/groceries/en-GB/products/310040651,https://digitalcontent.api.tesco.com/v2/media/ghs/c8e270af-286f-433b-8b5c-67b72f49006b/1f4fa5c7-2f17-467d-9a7d-890a296db840_1268230599.jpeg?h=225&w=225,
312841748,Philips Smart Led Clear Glass 60W A60 E27 Bulb,https://www.tesco.com/groceries/en-GB/shop/home-and-ents/all?department=Electrical&viewAll=department&page=,£15.00,£15.00/each,,,/groceries/en-GB/products/312841748,https://digitalcontent.api.tesco.com/v2/media/ghs/5b0ce208-b4f5-4c4f-a6f7-191b4382b4b5/d0e281bd-6781-4463-acfc-23fe9e9398ee_1937456440.jpeg?h=225&w=225,
311959369,Philips Moire Warm White Led Ceiling Light,https://www.tesco.com/groceries/en-GB/shop/home-and-ents/all?department=Electrical&viewAll=department&page=,£15.00,£15.00/each,,,/groceries/en-GB/products/311959369,https://digitalcontent.api.tesco.com/v2/media/ghs/2c2947fd-1e0a-4e9b-bbf4-e592872ec82f/4f83db64-832a-448e-8194-f941fd3e8e53_336133788.jpeg?h=225&w=225,
311683032,Super Mum Family Organiser 2023,https://www.tesco.com/groceries/en-GB/shop/home-and-ents/all?department=Stationery%2C%20Arts%20%26%20Crafts&viewAll=department&page=,£6.50,£6.50/each,,New,/groceries/en-GB/products/311683032,https://digitalcontent.api.tesco.com/v2/media/ghs/211e9923-ef4f-49f0-b6fa-084998426389/17d3e5f8-f6fa-4b26-8bd9-8e65f3e717fb_855020536.jpeg?h=225&w=225,
311948707,Rpsb Birds 2023 Calendar Slim,https://www.tesco.com/groceries/en-GB/shop/home-and-ents/all?department=Stationery%2C%20Arts%20%26%20Crafts&viewAll=department&page=,£4.00,£4.00/each,,,/groceries/en-GB/products/311948707,https://digitalcontent.api.tesco.com/v2/media/ghs/cd8c3709-6f9d-4563-84b2-5a96045875e0/11a999ac-52b0-47f9-9eca-97610a7dc569_93953226.jpeg?h=225&w=225,
312215442,Me To You 2023 Calendar Slim,https://www.tesco.com/groceries/en-GB/shop/home-and-ents/all?department=Stationery%2C%20Arts%20%26%20Crafts&viewAll=department&page=,£4.00,£4.00/each,,New,/groceries/en-GB/products/312215442,https://digitalcontent.api.tesco.com/v2/media/ghs/ca8503b9-c09b-4327-83ba-b2395d8de7cb/b20e4c80-9e54-4dee-a494-9e4a39a7c0f1_292545130.jpeg?h=225&w=225,
312215079,National Trust Coast & Countryside 2023,https://www.tesco.com/groceries/en-GB/shop/home-and-ents/all?department=Stationery%2C%20Arts%20%26%20Crafts&viewAll=department&page=,£4.00,£4.00/each,,,/groceries/en-GB/products/312215079,https://digitalcontent.api.tesco.com/v2/media/ghs/cd4c073d-a2db-4f27-888c-0723a14e5984/144000b8-53a8-4b6e-a162-0323567d463b_1300008640.jpeg?h=225&w=225,
312393483,Kit & Kraft Embroidery Kit,https://www.tesco.com/groceries/en-GB/shop/home-and-ents/all?department=Stationery%2C%20Arts%20%26%20Crafts&viewAll=department&page=,£5.00,£5.00/each,£3.75 Clubcard Price,,/groceries/en-GB/products/312393483,https://digitalcontent.api.tesco.com/v2/media/ghs/968056a2-8326-4528-9dc3-b1ef185bd505/9270735e-5997-4043-a35e-9d03bc1fdff6_320993659.jpeg?h=225&w=225,
283283726,Tesco Multipurpose Paper 80Gsm 500 Sheets,https://www.tesco.com/groceries/en-GB/shop/home-and-ents/all?department=Stationery%2C%20Arts%20%26%20Crafts&viewAll=department&page=,£5.50,£5.50/each,,,/groceries/en-GB/products/283283726,https://digitalcontent.api.tesco.com/v2/media/ghs/e1e3ec4f-bda4-499d-89f4-3d5f00fda4f9/87b2dc76-595a-475b-a272-b7283266f63e_582664612.jpeg?h=225&w=225,
253799488,Loctite Liquid Superglue 3G,https://www.tesco.com/groceries/en-GB/shop/home-and-ents/all?department=Stationery%2C%20Arts%20%26%20Crafts&viewAll=department&page=,£3.00,"£1,000.00/kg",,,/groceries/en-GB/products/253799488,https://digitalcontent.api.tesco.com/v2/media/ghs/9a83c551-0a21-4d6b-9967-d12280843e1d/6b01964f-2b33-404b-aac4-663337fa21ca_714606995.jpeg?h=225&w=225,
312213323,Kitten 2023 Calendar Slim,https://www.tesco.com/groceries/en-GB/shop/home-and-ents/all?department=Stationery%2C%20Arts%20%26%20Crafts&viewAll=department&page=,£4.00,£4.00/each,,,/groceries/en-GB/products/312213323,https://digitalcontent.api.tesco.com/v2/media/ghs/6e751c90-ae5e-4db7-8d8d-0e3ba8b997f8/60e27adc-38d4-4ad5-a29a-200d7dbd3576_699471754.jpeg?h=225&w=225,
312232058,Penguins 2023 Calendar Slim,https://www.tesco.com/groceries/en-GB/shop/home-and-ents/all?department=Stationery%2C%20Arts%20%26%20Crafts&viewAll=department&page=,£4.00,£4.00/each,,New,/groceries/en-GB/products/312232058,https://digitalcontent.api.tesco.com/v2/media/ghs/9ca5de51-d1bd-4748-8466-6211f438a7fb/46ae3c8e-f886-490d-bab4-79bdf984c46e_1724868783.jpeg?h=225&w=225,
311946972,Puppies 2023 Calendar Slim,https://www.tesco.com/groceries/en-GB/shop/home-and-ents/all?department=Stationery%2C%20Arts%20%26%20Crafts&viewAll=department&page=,£4.00,£4.00/each,,New,/groceries/en-GB/products/311946972,https://digitalcontent.api.tesco.com/v2/media/ghs/c9c92b29-0f86-4a99-810e-350a1a5381ea/95ba2cf9-98c0-4e86-b9c7-7ec216fbaded_745089529.jpeg?h=225&w=225,
312210482,Winnie The Pooh Kindness Always 2023 Calendar,https://www.tesco.com/groceries/en-GB/shop/home-and-ents/all?department=Stationery%2C%20Arts%20%26%20Crafts&viewAll=department&page=,£4.00,£4.00/each,,New,/groceries/en-GB/products/312210482,https://digitalcontent.api.tesco.com/v2/media/ghs/b8b5afb5-30e6-4006-bd4b-3ac0135e5c42/3d44d81f-e985-46cd-86cd-0a8408b1a84b_12103725.jpeg?h=225&w=225,
279858600,Sellotape On Hand Dispenser Refill Pack,https://www.tesco.com/groceries/en-GB/shop/home-and-ents/all?department=Stationery%2C%20Arts%20%26%20Crafts&viewAll=department&page=,£2.65,£1.33/each,,,/groceries/en-GB/products/279858600,https://digitalcontent.api.tesco.com/v2/media/ghs/a03099da-d155-4ec2-a91d-e2c55753f035/05f1df50-7df0-43ad-a596-be12826b7a88_1376168820.jpeg?h=225&w=225,
253580351,Tesco Basics A4 White Paper 75Gsm 500 Sheets,https://www.tesco.com/groceries/en-GB/shop/home-and-ents/all?department=Stationery%2C%20Arts%20%26%20Crafts&viewAll=department&page=,£4.75,£4.75/each,,,/groceries/en-GB/products/253580351,https://digitalcontent.api.tesco.com/v2/media/ghs/c8c85daf-1ec3-4365-9b29-b4b26e92e8c8/92336560-17a1-4931-8f88-5f883f863898_76159426.jpeg?h=225&w=225,
306971833,Navigator Universal 80Gsm/400 Sheets,https://www.tesco.com/groceries/en-GB/shop/home-and-ents/all?department=Stationery%2C%20Arts%20%26%20Crafts&viewAll=department&page=,£4.20,£4.20/each,,,/groceries/en-GB/products/306971833,https://digitalcontent.api.tesco.com/v2/media/ghs/c7048e40-cae3-4534-8ffa-a0b28cba793e/4dae239c-7f65-4cd4-a5e9-0057eecfd596_1091772925.jpeg?h=225&w=225,
265604905,Tesco White Dl Envelopes 50 Pack,https://www.tesco.com/groceries/en-GB/shop/home-and-ents/all?department=Stationery%2C%20Arts%20%26%20Crafts&viewAll=department&page=,£1.80,£0.04/each,,,/groceries/en-GB/products/265604905,https://digitalcontent.api.tesco.com/v2/media/ghs/d8b4b184-e5bc-4be6-ac8b-d7e3f3354f4c/cc85fe90-f397-49b8-9a25-57160a30cba9_720139009.jpeg?h=225&w=225,
312135761,Go Create Tissue Paper 20 Sheets,https://www.tesco.com/groceries/en-GB/shop/home-and-ents/all?department=Stationery%2C%20Arts%20%26%20Crafts&viewAll=department&page=,£2.00,£0.10/each,,New,/groceries/en-GB/products/312135761,https://digitalcontent.api.tesco.com/v2/media/ghs/87a885f6-fc08-42dd-a427-977feec6aa16/c2fb97ab-57dc-45a1-b36c-be5e1cab4a9a_1698850962.jpeg?h=225&w=225,
259048760,Tesco Parcel Tape 48Mmx66m,https://www.tesco.com/groceries/en-GB/shop/home-and-ents/all?department=Stationery%2C%20Arts%20%26%20Crafts&viewAll=department&page=,£1.75,£1.75/each,,,/groceries/en-GB/products/259048760,https://digitalcontent.api.tesco.com/v2/media/ghs/d89f21aa-cd4a-4a07-aefb-3318fafc3b26/06cea282-ba94-4307-b466-e500e3330018_443802195.jpeg?h=225&w=225,
255368237,Sellotape Sello Clear 24Mm X 50M,https://www.tesco.com/groceries/en-GB/shop/home-and-ents/all?department=Stationery%2C%20Arts%20%26%20Crafts&viewAll=department&page=,£2.15,£2.15/each,,,/groceries/en-GB/products/255368237,https://digitalcontent.api.tesco.com/v2/media/ghs/e29f5e12-35ea-4b00-a016-801ef544e43e/506a47ee-d92e-4f96-b7e0-e6b0d9664572_2025790212.jpeg?h=225&w=225,
251431898,Tesco String 40M,https://www.tesco.com/groceries/en-GB/shop/home-and-ents/all?department=Stationery%2C%20Arts%20%26%20Crafts&viewAll=department&page=,£1.35,£0.03/metre,,,/groceries/en-GB/products/251431898,https://digitalcontent.api.tesco.com/v2/media/ghs/2d62ef07-a7ec-4d4a-aa6c-0b53a06eebd2/snapshotimagehandler_65809868.jpeg?h=225&w=225,
278395993,Pritt Stick 22G 3 Pack,https://www.tesco.com/groceries/en-GB/shop/home-and-ents/all?department=Stationery%2C%20Arts%20%26%20Crafts&viewAll=department&page=,£2.95,£0.98/each,,,/groceries/en-GB/products/278395993,https://digitalcontent.api.tesco.com/v2/media/ghs/2a27cca3-a3d7-4be4-a6f3-7b0275b98ba0/ac98ee8e-2f18-4341-906b-056ad06ef94d_1192512948.jpeg?h=225&w=225,
252864081,Pritt Stick 43G,https://www.tesco.com/groceries/en-GB/shop/home-and-ents/all?department=Stationery%2C%20Arts%20%26%20Crafts&viewAll=department&page=,£2.35,£2.35/each,£2.00 Clubcard Price,,/groceries/en-GB/products/252864081,https://digitalcontent.api.tesco.com/v2/media/ghs/a08dd21a-9953-4cef-977a-bc7307052e07/1c85f81c-bed1-42aa-9930-692c30bec953_1904806737.jpeg?h=225&w=225,
312267909,Go Create Ribbon,https://www.tesco.com/groceries/en-GB/shop/home-and-ents/all?department=Stationery%2C%20Arts%20%26%20Crafts&viewAll=department&page=,£1.50,£1.50/each,,New,/groceries/en-GB/products/312267909,https://digitalcontent.api.tesco.com/v2/media/ghs/811fc371-6114-4e14-81fb-fcf4bf539dd5/4ff67421-8636-4d90-9ffe-b9a1d4eb0215_1639745784.jpeg?h=225&w=225,
259048570,Tesco Clear Easy Tear Sticky Tape 25Mm X 60M 2 Pack,https://www.tesco.com/groceries/en-GB/shop/home-and-ents/all?department=Stationery%2C%20Arts%20%26%20Crafts&viewAll=department&page=,£1.65,£0.82/each,,,/groceries/en-GB/products/259048570,https://digitalcontent.api.tesco.com/v2/media/ghs/266e8e41-93fd-443c-ae3c-50d0197eea25/fdee2c1d-cdd7-4136-b6f4-557c3d2940bf_884865442.jpeg?h=225&w=225,
250297829,Tesco White Envelopes Dl Pack Of 25,https://www.tesco.com/groceries/en-GB/shop/home-and-ents/all?department=Stationery%2C%20Arts%20%26%20Crafts&viewAll=department&page=,£1.10,£0.04/each,,,/groceries/en-GB/products/250297829,https://digitalcontent.api.tesco.com/v2/media/ghs/2ac4d9d4-073b-4a58-9c1d-bdf6db514ab1/fd7f0cfd-f658-45a0-a07a-464f09f6765b_489753450.jpeg?h=225&w=225,
271660293,Tesco Reporters Notebook 160 Pages,https://www.tesco.com/groceries/en-GB/shop/home-and-ents/all?department=Stationery%2C%20Arts%20%26%20Crafts&viewAll=department&page=,£1.00,£1.00/each,,,/groceries/en-GB/products/271660293,https://digitalcontent.api.tesco.com/v2/media/ghs/c5ee4051-7772-4f69-b1ff-47692adb46a7/e2d048c2-f864-4336-90c4-cd44ae3d7fa4_1285656142.jpeg?h=225&w=225,
271660270,Tesco A5 Notebook 140 Pages,https://www.tesco.com/groceries/en-GB/shop/home-and-ents/all?department=Stationery%2C%20Arts%20%26%20Crafts&viewAll=department&page=,£1.00,£1.00/each,,,/groceries/en-GB/products/271660270,https://digitalcontent.api.tesco.com/v2/media/ghs/83e26b3f-c738-4ce4-8b2d-76a1e9158dba/snapshotimagehandler_1753595444.jpeg?h=225&w=225,
271660287,Tesco A4 Notebook 140 Pages,https://www.tesco.com/groceries/en-GB/shop/home-and-ents/all?department=Stationery%2C%20Arts%20%26%20Crafts&viewAll=department&page=,£1.25,£1.25/each,,,/groceries/en-GB/products/271660287,https://digitalcontent.api.tesco.com/v2/media/ghs/432de4c1-a770-41d1-8ce3-b4ea05984c5e/snapshotimagehandler_1611473688.jpeg?h=225&w=225,
312143411,Tesco Humble 2023 A6 Wtv Diary,https://www.tesco.com/groceries/en-GB/shop/home-and-ents/all?department=Stationery%2C%20Arts%20%26%20Crafts&viewAll=department&page=,£1.00,£1.00/each,,New,/groceries/en-GB/products/312143411,https://digitalcontent.api.tesco.com/v2/media/ghs/eab3be87-5056-44f0-8a3e-01edff950615/9f5bfb58-17e6-4602-bc76-beaa0576f705_970679637.jpeg?h=225&w=225,
312214647,Casebound Slim Wtv Diary 2023,https://www.tesco.com/groceries/en-GB/shop/home-and-ents/all?department=Stationery%2C%20Arts%20%26%20Crafts&viewAll=department&page=,£1.00,£1.00/each,,New,/groceries/en-GB/products/312214647,https://digitalcontent.api.tesco.com/v2/media/ghs/5a5d7886-04bd-4143-8bd2-9e8aa5ea106e/5666372e-a79f-4a90-a4ad-fd5717b3143c_988058341.jpeg?h=225&w=225,
312712239,Keep It Handy Glue Sticks 3 Pack,https://www.tesco.com/groceries/en-GB/shop/home-and-ents/all?department=Stationery%2C%20Arts%20%26%20Crafts&viewAll=department&page=,£1.00,£1.00/each,,New,/groceries/en-GB/products/312712239,https://digitalcontent.api.tesco.com/v2/media/ghs-mktg/b0b04216-fa73-466d-a9d7-c9fcfa1ce9b3/no-image.jpeg,
259048702,Tesco Clear Easy Tear Sticky Tape 18Mm X 30M 2 Pack,https://www.tesco.com/groceries/en-GB/shop/home-and-ents/all?department=Stationery%2C%20Arts%20%26%20Crafts&viewAll=department&page=,£1.00,£0.50/each,,,/groceries/en-GB/products/259048702,https://digitalcontent.api.tesco.com/v2/media/ghs/da79b976-c6cd-41d4-83c3-663e536564bc/34338d69-ed24-479d-b208-6ab4d5fecaff_579263516.jpeg?h=225&w=225,
312696096,Keep It Handy Magnetic Shopping Lists,https://www.tesco.com/groceries/en-GB/shop/home-and-ents/all?department=Stationery%2C%20Arts%20%26%20Crafts&viewAll=department&page=,£1.00,£1.00/each,,New,/groceries/en-GB/products/312696096,https://digitalcontent.api.tesco.com/v2/media/ghs-mktg/b0b04216-fa73-466d-a9d7-c9fcfa1ce9b3/no-image.jpeg,
307797813,Sellotape Zero Plastic 24Mmx30m,https://www.tesco.com/groceries/en-GB/shop/home-and-ents/all?department=Stationery%2C%20Arts%20%26%20Crafts&viewAll=department&page=,£2.50,£2.50/each,£2.25 Clubcard Price,,/groceries/en-GB/products/307797813,https://digitalcontent.api.tesco.com/v2/media/ghs/c8abfe79-a32e-4dee-b62b-cd654e63f663/6db67828-d94f-4d62-a348-0e6a6a7ccdd0_826651843.jpeg?h=225&w=225,
312704543,Keep It Handy Super Tack 100G,https://www.tesco.com/groceries/en-GB/shop/home-and-ents/all?department=Stationery%2C%20Arts%20%26%20Crafts&viewAll=department&page=,£1.00,£0.10/10g,,New,/groceries/en-GB/products/312704543,https://digitalcontent.api.tesco.com/v2/media/ghs-mktg/b0b04216-fa73-466d-a9d7-c9fcfa1ce9b3/no-image.jpeg,
252855800,Bostic Blue Tack,https://www.tesco.com/groceries/en-GB/shop/home-and-ents/all?department=Stationery%2C%20Arts%20%26%20Crafts&viewAll=department&page=,£1.10,£1.10/each,£1.00 Clubcard Price,,/groceries/en-GB/products/252855800,https://digitalcontent.api.tesco.com/v2/media/ghs/fd273cbe-5772-434d-a614-07e9554dd654/560511e3-8795-4010-be01-02a71b74b924_58135142.jpeg?h=225&w=225,
293073107,Go Create Coloured Pencils 12 Pack,https://www.tesco.com/groceries/en-GB/shop/home-and-ents/all?department=Stationery%2C%20Arts%20%26%20Crafts&viewAll=department&page=,£0.75,£0.06/each,,,/groceries/en-GB/products/293073107,https://digitalcontent.api.tesco.com/v2/media/ghs/d9fa040a-0ac6-4050-9dca-a546089dfd96/db8d1463-87c8-422b-9924-cff679d84fe6_1302735360.jpeg?h=225&w=225,
312162440,Go Create Christmas Activity Book,https://www.tesco.com/groceries/en-GB/shop/home-and-ents/all?department=Stationery%2C%20Arts%20%26%20Crafts&viewAll=department&page=,£1.50,£1.50/each,,New,/groceries/en-GB/products/312162440,https://digitalcontent.api.tesco.com/v2/media/ghs/fe00ac13-47bd-4d10-b393-e67900a6056a/4b76834c-c34a-4d07-9ff9-9054a1c9719a_1424851249.jpeg?h=225&w=225,
311254727,8 X First Class Book Of Stamps,https://www.tesco.com/groceries/en-GB/shop/home-and-ents/all?department=Stationery%2C%20Arts%20%26%20Crafts&viewAll=department&page=,£7.60,£0.95/each,,,/groceries/en-GB/products/311254727,https://digitalcontent.api.tesco.com/v2/media/ghs/9b753e05-8beb-4947-ab7b-4053c2652e85/62e92822-4e3b-4809-8860-d7424c05333b_981753133.jpeg?h=225&w=225,
280554820,Tesco Ballpoint Pens Black 10 Pack,https://www.tesco.com/groceries/en-GB/shop/home-and-ents/all?department=Stationery%2C%20Arts%20%26%20Crafts&viewAll=department&page=,£0.75,£0.08/each,,,/groceries/en-GB/products/280554820,https://digitalcontent.api.tesco.com/v2/media/ghs/24b00b9e-02c5-43fe-98f8-309293d74707/57a0db33-a835-489e-b97b-8840b84d6973_1318988779.jpeg?h=225&w=225,
312162457,Go Create Christmas Colouring Book,https://www.tesco.com/groceries/en-GB/shop/home-and-ents/all?department=Stationery%2C%20Arts%20%26%20Crafts&viewAll=department&page=,£1.25,£1.25/each,,New,/groceries/en-GB/products/312162457,https://digitalcontent.api.tesco.com/v2/media/ghs/6a293f32-43f1-4102-acce-8efdc2689897/1c2c063d-fff5-4b9f-b4ad-dcf3f70dc4e0_1871270687.jpeg?h=225&w=225,
311214796,4 X First Class Book Of Stamps,https://www.tesco.com/groceries/en-GB/shop/home-and-ents/all?department=Stationery%2C%20Arts%20%26%20Crafts&viewAll=department&page=,£3.80,£0.95/each,,,/groceries/en-GB/products/311214796,https://digitalcontent.api.tesco.com/v2/media/ghs/945688e6-4c2e-4091-88d0-58b23fa227b6/74147593-e923-423c-a922-40d779b7636c_476454032.jpeg?h=225&w=225,
311212429,8 X Second Class Book Of Stamps,https://www.tesco.com/groceries/en-GB/shop/home-and-ents/all?department=Stationery%2C%20Arts%20%26%20Crafts&viewAll=department&page=,£5.44,£0.68/each,,,/groceries/en-GB/products/311212429,https://digitalcontent.api.tesco.com/v2/media/ghs/c88fedea-3769-420d-9e6a-4a3530335b80/7743fe72-3695-47d4-8c15-8551666b044d_1193425036.jpeg?h=225&w=225,
305560394,Tesco Tape 1Pk,https://www.tesco.com/groceries/en-GB/shop/home-and-ents/all?department=Stationery%2C%20Arts%20%26%20Crafts&viewAll=department&page=,£0.50,£0.50/each,,,/groceries/en-GB/products/305560394,https://digitalcontent.api.tesco.com/v2/media/ghs/8ea07556-fef2-464a-8771-0ffd5fc7d70c/9ad837a3-88be-44ce-9e54-6d408af50050_1583372856.jpeg?h=225&w=225,
305654681,Tesco Tape 15Mm,https://www.tesco.com/groceries/en-GB/shop/home-and-ents/all?department=Stationery%2C%20Arts%20%26%20Crafts&viewAll=department&page=,£0.25,£0.25/each,,,/groceries/en-GB/products/305654681,https://digitalcontent.api.tesco.com/v2/media/ghs/a135b1a1-7c20-424e-b044-5c761e751188/ebf62807-6b06-4e82-b28f-b109382399b9_1442865701.jpeg?h=225&w=225,
312143667,Tesco Humble A5 Wiro Notebook,https://www.tesco.com/groceries/en-GB/shop/home-and-ents/all?department=Stationery%2C%20Arts%20%26%20Crafts&viewAll=department&page=,£1.25,£1.25/each,,New,/groceries/en-GB/products/312143667,https://digitalcontent.api.tesco.com/v2/media/ghs/8d1aaa26-aaf8-4d9d-851e-363ebfce1289/dcb72abe-164e-45a6-b956-7da0bf337eab_408712717.jpeg?h=225&w=225,
311442479,Papermate Flair Metallic Felt Tip Pen 6 Pack,https://www.tesco.com/groceries/en-GB/shop/home-and-ents/all?department=Stationery%2C%20Arts%20%26%20Crafts&viewAll=department&page=,£7.00,£1.17/each,£5.25 Clubcard Price,,/groceries/en-GB/products/311442479,https://digitalcontent.api.tesco.com/v2/media/ghs/3a20a2e6-9a67-49c1-a64f-a49f558682ad/302a0514-fc00-4971-9230-f96b371a1dda_868337259.jpeg?h=225&w=225,
312143601,Tesco 2023 Busy Making Plan Dap Organiser,https://www.tesco.com/groceries/en-GB/shop/home-and-ents/all?department=Stationery%2C%20Arts%20%26%20Crafts&viewAll=department&page=,£6.00,£6.00/each,,New,/groceries/en-GB/products/312143601,https://digitalcontent.api.tesco.com/v2/media/ghs/d89eb914-874a-47dc-bbb1-026beaea0cfa/c548aadc-d179-43da-928a-e7cb81c108fa_762525241.jpeg?h=225&w=225,
311802590,Friends Again & Again 2023 Calendar,https://www.tesco.com/groceries/en-GB/shop/home-and-ents/all?department=Stationery%2C%20Arts%20%26%20Crafts&viewAll=department&page=,£6.00,£6.00/each,,,/groceries/en-GB/products/311802590,https://digitalcontent.api.tesco.com/v2/media/ghs/900ebd92-f188-4921-96f2-c4ca995f5e99/f3cf46c6-95f8-47a3-8e52-0edf6276dad0_406645376.jpeg?h=225&w=225,
312143584,Tesco Wreath 2023 Dap Organiser,https://www.tesco.com/groceries/en-GB/shop/home-and-ents/all?department=Stationery%2C%20Arts%20%26%20Crafts&viewAll=department&page=,£6.00,£6.00/each,,New,/groceries/en-GB/products/312143584,https://digitalcontent.api.tesco.com/v2/media/ghs/6c11d619-75a0-4909-8ded-c7487f00911d/78df0ba3-5521-4d55-a59c-b15cb495b1da_1913288821.jpeg?h=225&w=225,
312143590,Tesco Grey 2023 Dap Organiser,https://www.tesco.com/groceries/en-GB/shop/home-and-ents/all?department=Stationery%2C%20Arts%20%26%20Crafts&viewAll=department&page=,£6.00,£6.00/each,,New,/groceries/en-GB/products/312143590,https://digitalcontent.api.tesco.com/v2/media/ghs/9cc8d829-c4c5-4d48-880c-cc386f4c25a6/a517e771-f59a-4ddb-97c8-3c469b37c2b6_1990989581.jpeg?h=225&w=225,
312229647,Hounds In Hat 2023 Square Calendar,https://www.tesco.com/groceries/en-GB/shop/home-and-ents/all?department=Stationery%2C%20Arts%20%26%20Crafts&viewAll=department&page=,£6.00,£6.00/each,,,/groceries/en-GB/products/312229647,https://digitalcontent.api.tesco.com/v2/media/ghs/d62a4d3f-79fb-46a9-aead-28301dd86885/87cc4d96-de30-46f8-8fce-70a19611457d_957004573.jpeg?h=225&w=225,
312267800,Go Create Make Your Own Wooden Space Mobile,https://www.tesco.com/groceries/en-GB/shop/home-and-ents/all?department=Stationery%2C%20Arts%20%26%20Crafts&viewAll=department&page=,£6.00,£6.00/each,,New,/groceries/en-GB/products/312267800,https://digitalcontent.api.tesco.com/v2/media/ghs/fc2b6c4f-48c6-4938-a17f-3b429a782892/1f0deb4a-6ef7-4dbc-9cb3-0b21db08e8d9_686349670.jpeg?h=225&w=225,
312091425,Scenic Britain 2023 Slim Calendar,https://www.tesco.com/groceries/en-GB/shop/home-and-ents/all?department=Stationery%2C%20Arts%20%26%20Crafts&viewAll=department&page=,£4.00,£4.00/each,,New,/groceries/en-GB/products/312091425,https://digitalcontent.api.tesco.com/v2/media/ghs/8639d102-8cfe-4c8b-8da6-5da2896dcff6/04cd38f7-7074-4737-b559-147774ee3982_1885852861.jpeg?h=225&w=225,
312227520,You Me & Us 2023 Calendar Slim,https://www.tesco.com/groceries/en-GB/shop/home-and-ents/all?department=Stationery%2C%20Arts%20%26%20Crafts&viewAll=department&page=,£4.00,£4.00/each,,New,/groceries/en-GB/products/312227520,https://digitalcontent.api.tesco.com/v2/media/ghs/1a6d1661-9dbf-457d-998b-f1d48849bb8d/f271f0da-b79a-4c48-b727-ed0077e22433_914466465.jpeg?h=225&w=225,
312100897,Star Wars Mandalorian 2023 Square Calendar,https://www.tesco.com/groceries/en-GB/shop/home-and-ents/all?department=Stationery%2C%20Arts%20%26%20Crafts&viewAll=department&page=,£6.00,£6.00/each,,New,/groceries/en-GB/products/312100897,https://digitalcontent.api.tesco.com/v2/media/ghs/5ea2fed8-767a-43e2-903b-c99967dbbad7/13b7cc4b-54f7-4d91-a92c-571280c23387_1226164346.jpeg?h=225&w=225,
312083873,Wwf Amazing Wildlife Calendar 2023,https://www.tesco.com/groceries/en-GB/shop/home-and-ents/all?department=Stationery%2C%20Arts%20%26%20Crafts&viewAll=department&page=,£6.00,£6.00/each,,New,/groceries/en-GB/products/312083873,https://digitalcontent.api.tesco.com/v2/media/ghs/008cb193-68c2-4690-a204-8bcde21007c6/d7ba6493-c7dc-4a9b-be37-a1662122ae61_1555286603.jpeg?h=225&w=225,
312097442,Harry Potter 2023 Calendar Square,https://www.tesco.com/groceries/en-GB/shop/home-and-ents/all?department=Stationery%2C%20Arts%20%26%20Crafts&viewAll=department&page=,£6.00,£6.00/each,,New,/groceries/en-GB/products/312097442,https://digitalcontent.api.tesco.com/v2/media/ghs/5f11595c-a859-441d-95d1-b842f4a02165/44fa372b-4fb0-4a29-8f0f-63fcae69e1eb_1214874300.jpeg?h=225&w=225,
312090991,Rspb Garden Birds 2023 Calendar Square,https://www.tesco.com/groceries/en-GB/shop/home-and-ents/all?department=Stationery%2C%20Arts%20%26%20Crafts&viewAll=department&page=,£6.00,£6.00/each,,,/groceries/en-GB/products/312090991,https://digitalcontent.api.tesco.com/v2/media/ghs/c26780c4-b8da-4be1-88e0-fbe505a86622/e88a0ab8-24d0-492a-a7ae-853d91798e50_741391676.jpeg?h=225&w=225,
312103874,Me To You 2023 Square Calendar,https://www.tesco.com/groceries/en-GB/shop/home-and-ents/all?department=Stationery%2C%20Arts%20%26%20Crafts&viewAll=department&page=,£6.00,£6.00/each,,New,/groceries/en-GB/products/312103874,https://digitalcontent.api.tesco.com/v2/media/ghs/1409da49-34e0-4eb4-84d9-f672dbe75c6f/e9e1a573-ee4f-48c2-8688-418226126bf4_1851577641.jpeg?h=225&w=225,
312104971,Rural Britain Square Calendar 2023,https://www.tesco.com/groceries/en-GB/shop/home-and-ents/all?department=Stationery%2C%20Arts%20%26%20Crafts&viewAll=department&page=,£6.00,£6.00/each,,,/groceries/en-GB/products/312104971,https://digitalcontent.api.tesco.com/v2/media/ghs/e90dfa94-b316-493a-a712-b2f7f42654cd/7c7f7805-ec1f-4c1d-b59c-17a4d42feba1_1110606244.jpeg?h=225&w=225,
311675192,Bbc Landscapes 2023 Calendar Square,https://www.tesco.com/groceries/en-GB/shop/home-and-ents/all?department=Stationery%2C%20Arts%20%26%20Crafts&viewAll=department&page=,£6.00,£6.00/each,,,/groceries/en-GB/products/311675192,https://digitalcontent.api.tesco.com/v2/media/ghs/45cb105d-25d6-4561-a30c-905a7988f059/7383469e-8d34-43cf-b2e9-dd49499eab1f_1933415258.jpeg?h=225&w=225,
312207354,Cut Cats 2023 Square Calendar,https://www.tesco.com/groceries/en-GB/shop/home-and-ents/all?department=Stationery%2C%20Arts%20%26%20Crafts&viewAll=department&page=,£6.00,£6.00/each,,New,/groceries/en-GB/products/312207354,https://digitalcontent.api.tesco.com/v2/media/ghs/b8db001a-0c9f-4269-aeda-4bdcdb84a332/355b10cf-beac-4bf2-a99e-1dabeb38e415_1955597555.jpeg?h=225&w=225,
311940742,Puppies 2023 Calendar Square,https://www.tesco.com/groceries/en-GB/shop/home-and-ents/all?department=Stationery%2C%20Arts%20%26%20Crafts&viewAll=department&page=,£6.00,£6.00/each,,New,/groceries/en-GB/products/311940742,https://digitalcontent.api.tesco.com/v2/media/ghs/9689a583-06e0-49ad-b040-d62704d4f18e/9d3ccae7-6456-4a3a-8c21-a3a11c65cafe_464722296.jpeg?h=225&w=225,
311789466,Kew In Colour 2023 Wall Calendar,https://www.tesco.com/groceries/en-GB/shop/home-and-ents/all?department=Stationery%2C%20Arts%20%26%20Crafts&viewAll=department&page=,£6.00,£6.00/each,,New,/groceries/en-GB/products/311789466,https://digitalcontent.api.tesco.com/v2/media/ghs/d87eb432-e16d-4965-88c9-4cac5475b48a/8d19280c-0363-4598-b309-7e68a2662926_348450201.jpeg?h=225&w=225,
312111567,National Trust Season 2023 Square Calendar,https://www.tesco.com/groceries/en-GB/shop/home-and-ents/all?department=Stationery%2C%20Arts%20%26%20Crafts&viewAll=department&page=,£6.00,£6.00/each,,,/groceries/en-GB/products/312111567,https://digitalcontent.api.tesco.com/v2/media/ghs/24320821-c52d-4b30-b2e0-e38794d51d95/d7085a33-4855-4852-9746-390b868691f2_2081996555.jpeg?h=225&w=225,
312267817,Go Create Recycled Craft Bug Toilet Roll,https://www.tesco.com/groceries/en-GB/shop/home-and-ents/all?department=Stationery%2C%20Arts%20%26%20Crafts&viewAll=department&page=,£4.00,£4.00/each,,,/groceries/en-GB/products/312267817,https://digitalcontent.api.tesco.com/v2/media/ghs/2996437e-51ff-441d-acd8-ab09e8c69eb9/be73cd2b-2903-436b-a6c0-2bd1e418b519_1260593029.jpeg?h=225&w=225,
312224892,Wwf Baby Animals 2023 Calendar,https://www.tesco.com/groceries/en-GB/shop/home-and-ents/all?department=Stationery%2C%20Arts%20%26%20Crafts&viewAll=department&page=,£4.00,£4.00/each,,New,/groceries/en-GB/products/312224892,https://digitalcontent.api.tesco.com/v2/media/ghs/cf6f1b2a-d281-435f-8f4c-4b34930a8451/72d85e70-2dd6-4b96-a190-519b8ce9ee5f_1899418100.jpeg?h=225&w=225,
312110174,Ladies Who Lunch 2023 Slim Calendar,https://www.tesco.com/groceries/en-GB/shop/home-and-ents/all?department=Stationery%2C%20Arts%20%26%20Crafts&viewAll=department&page=,£4.00,£4.00/each,,New,/groceries/en-GB/products/312110174,https://digitalcontent.api.tesco.com/v2/media/ghs/dac79f37-3122-4fa0-8807-ddfe09afd785/c7b07fc5-4396-4125-9435-0e90a38244fd_1125797236.jpeg?h=225&w=225,
263331384,Bic Cristal Pens Black 10 Pack,https://www.tesco.com/groceries/en-GB/shop/home-and-ents/all?department=Stationery%2C%20Arts%20%26%20Crafts&viewAll=department&page=,£3.00,£0.30/each,,,/groceries/en-GB/products/263331384,https://digitalcontent.api.tesco.com/v2/media/ghs/a5eaf587-ec1f-43f9-a1ee-38051ec85985/5af1311c-c048-4d0b-b97c-65c11568ad01_1277206734.jpeg?h=225&w=225,
312576428,Ya Colour Marvel And Disney Friendship,https://www.tesco.com/groceries/en-GB/shop/home-and-ents/all?department=Stationery%2C%20Arts%20%26%20Crafts&viewAll=department&page=,£6.00,£6.00/each,,,/groceries/en-GB/products/312576428,https://digitalcontent.api.tesco.com/v2/media/ghs/26b4eb5e-b026-481b-aebb-4e5d83a60923/fb8bdb56-82f3-4339-87b4-8acec870a260_725641606.jpeg?h=225&w=225,
271660362,Tesco A5 Polypropylene Spiral Notebook 160 Pages,https://www.tesco.com/groceries/en-GB/shop/home-and-ents/all?department=Stationery%2C%20Arts%20%26%20Crafts&viewAll=department&page=,£2.25,£2.25/each,,,/groceries/en-GB/products/271660362,https://digitalcontent.api.tesco.com/v2/media/ghs/eedc2dfe-0a96-4757-ae1c-7ea0f177d620/fb1f5089-ab4d-4c11-abc1-3ceae0f66572_2060129423.jpeg?h=225&w=225,
312162463,Go Create Christmas Eve Kit,https://www.tesco.com/groceries/en-GB/shop/home-and-ents/all?department=Stationery%2C%20Arts%20%26%20Crafts&viewAll=department&page=,£3.00,£3.00/each,,New,/groceries/en-GB/products/312162463,https://digitalcontent.api.tesco.com/v2/media/ghs/1079cd9d-9db8-4252-9606-1a00c5efcd03/f5f89e77-5602-48bc-ae1a-529dcf770c8a_1899057421.jpeg?h=225&w=225,
271660517,Tesco A4 Refill Pad 160 Pages,https://www.tesco.com/groceries/en-GB/shop/home-and-ents/all?department=Stationery%2C%20Arts%20%26%20Crafts&viewAll=department&page=,£1.65,£1.65/each,,,/groceries/en-GB/products/271660517,https://digitalcontent.api.tesco.com/v2/media/ghs/8b0c809e-5244-443e-ae65-e2254fd337cd/snapshotimagehandler_155861732.jpeg?h=225&w=225,
274845254,Tesco Grip Retractable Ball Pens Black 10 Pack,https://www.tesco.com/groceries/en-GB/shop/home-and-ents/all?department=Stationery%2C%20Arts%20%26%20Crafts&viewAll=department&page=,£1.75,£0.18/each,,,/groceries/en-GB/products/274845254,https://digitalcontent.api.tesco.com/v2/media/ghs/72d9ea46-c3ac-48e7-ad00-bfdba36b26d3/a7118581-6442-4148-9981-e369fd0c3d0b_1566814977.jpeg?h=225&w=225,
253071084,Scotch Magic Tape Dispenser,https://www.tesco.com/groceries/en-GB/shop/home-and-ents/all?department=Stationery%2C%20Arts%20%26%20Crafts&viewAll=department&page=,£3.10,£3.10/each,£2.30 Clubcard Price,,/groceries/en-GB/products/253071084,https://digitalcontent.api.tesco.com/v2/media/ghs/74866647-dc4f-4f86-bbe4-b2c98acfa1b4/e10ebea7-2dfe-45b2-92de-a4e54ea0ef1a_1953329533.jpeg?h=225&w=225,
312267881,Go Create Pom Poms 56 Pieces,https://www.tesco.com/groceries/en-GB/shop/home-and-ents/all?department=Stationery%2C%20Arts%20%26%20Crafts&viewAll=department&page=,£1.50,£1.50/each,,New,/groceries/en-GB/products/312267881,https://digitalcontent.api.tesco.com/v2/media/ghs/8d26b347-70c6-4ba8-a75c-8243d74ac726/7df1671d-ad1e-4cbb-b455-195764a2e47e_1356752559.jpeg?h=225&w=225,
312267921,Go Create Card Letters,https://www.tesco.com/groceries/en-GB/shop/home-and-ents/all?department=Stationery%2C%20Arts%20%26%20Crafts&viewAll=department&page=,£1.50,£1.50/each,,New,/groceries/en-GB/products/312267921,https://digitalcontent.api.tesco.com/v2/media/ghs/395d80e9-4992-4a59-bf37-ac929fcf1e0a/547d3a41-3acc-41c1-bd19-6a71defcb8d0_1738421495.jpeg?h=225&w=225,
312267875,Go Create Card Numbers 50 Pieces,https://www.tesco.com/groceries/en-GB/shop/home-and-ents/all?department=Stationery%2C%20Arts%20%26%20Crafts&viewAll=department&page=,£1.50,£0.03/each,,New,/groceries/en-GB/products/312267875,https://digitalcontent.api.tesco.com/v2/media/ghs/7d19fca3-8753-4d45-92f6-4ec93c942613/4c4b4c79-5ce4-490a-a9a0-85de239c391e_394135024.jpeg?h=225&w=225,
258864394,Tesco Sticky Notes 76Mmx127mm Yellow 100 Shts,https://www.tesco.com/groceries/en-GB/shop/home-and-ents/all?department=Stationery%2C%20Arts%20%26%20Crafts&viewAll=department&page=,£1.10,£1.10/each,,,/groceries/en-GB/products/258864394,https://digitalcontent.api.tesco.com/v2/media/ghs/37fccb07-cf40-461a-b28e-cf3bd902b31a/9241e1bb-aa67-4984-975c-9e683bc95615_635729528.jpeg?h=225&w=225,
260046755,Pritt Stick Medium 22G,https://www.tesco.com/groceries/en-GB/shop/home-and-ents/all?department=Stationery%2C%20Arts%20%26%20Crafts&viewAll=department&page=,£2.10,£2.10/each,,,/groceries/en-GB/products/260046755,https://digitalcontent.api.tesco.com/v2/media/ghs/affa6b47-ebbc-418d-9133-f2e887ce092c/28b43fd2-f89e-4128-8816-9a19c551faee_565272133.jpeg?h=225&w=225,
259602087,Tesco A4 Punch Pockets 50 Pack,https://www.tesco.com/groceries/en-GB/shop/home-and-ents/all?department=Stationery%2C%20Arts%20%26%20Crafts&viewAll=department&page=,£1.40,£0.03/each,,,/groceries/en-GB/products/259602087,https://digitalcontent.api.tesco.com/v2/media/ghs/c37fcf3b-fd5b-4991-84e3-2e089d65c031/43185249-57fe-4588-95b7-779b40fe5d86_1286548730.jpeg?h=225&w=225,
262704671,Tesco Sticky Notes 350 Sheets 50Mm X 50Mm,https://www.tesco.com/groceries/en-GB/shop/home-and-ents/all?department=Stationery%2C%20Arts%20%26%20Crafts&viewAll=department&page=,£1.00,£1.00/each,,,/groceries/en-GB/products/262704671,https://digitalcontent.api.tesco.com/v2/media/ghs/f5272153-507d-4c2e-91a1-0350140e9205/5fe6e1f8-4070-43d0-b9f2-c1e9bc0a3368_1218822405.jpeg?h=225&w=225,
259806284,Bostik White Tac Convenience Pack,https://www.tesco.com/groceries/en-GB/shop/home-and-ents/all?department=Stationery%2C%20Arts%20%26%20Crafts&viewAll=department&page=,£1.35,£1.35/each,,,/groceries/en-GB/products/259806284,https://digitalcontent.api.tesco.com/v2/media/ghs/d42225ae-6f29-4262-949f-69ab421a0a70/32709ab8-3f3e-43aa-ac52-4dcf8c4fbe11_1150643966.jpeg?h=225&w=225,
258864371,Tesco Sticky Notes 76Mmx76mm Yellow 100Shts,https://www.tesco.com/groceries/en-GB/shop/home-and-ents/all?department=Stationery%2C%20Arts%20%26%20Crafts&viewAll=department&page=,£0.80,£0.80/each,,,/groceries/en-GB/products/258864371,https://digitalcontent.api.tesco.com/v2/media/ghs/16606aa4-4696-4752-bb33-ca76d9aa2feb/e5c56c80-900e-440d-841a-53a8031e8b14_1887756971.jpeg?h=225&w=225,
310804177,Tesco Whiteboard Markers Asstd 4 Pack Millimetre,https://www.tesco.com/groceries/en-GB/shop/home-and-ents/all?department=Stationery%2C%20Arts%20%26%20Crafts&viewAll=department&page=,£1.00,£0.25/each,,,/groceries/en-GB/products/310804177,https://digitalcontent.api.tesco.com/v2/media/ghs/b0aba97c-6a26-41d1-a8ac-59f17edfa6ae/daa17289-2207-470b-abf6-07d5c3496e6f_236906698.jpeg?h=225&w=225,
285221953,Tesco Assorted White Labels,https://www.tesco.com/groceries/en-GB/shop/home-and-ents/all?department=Stationery%2C%20Arts%20%26%20Crafts&viewAll=department&page=,£1.10,£1.10/each,,,/groceries/en-GB/products/285221953,https://digitalcontent.api.tesco.com/v2/media/ghs/d02b1366-906e-431d-8689-c5ae457cdcb4/20d201d6-2855-44e4-9eb7-1a1f09631d37_952031341.jpeg?h=225&w=225,
305560371,Tesco Glue Stick20g 1Pk,https://www.tesco.com/groceries/en-GB/shop/home-and-ents/all?department=Stationery%2C%20Arts%20%26%20Crafts&viewAll=department&page=,£0.85,£0.85/each,,,/groceries/en-GB/products/305560371,https://digitalcontent.api.tesco.com/v2/media/ghs/f21878d5-898b-4c97-a475-76617c0f63c4/df97cca0-e028-4dd9-b5e4-79a18f0260b1_1219892446.jpeg?h=225&w=225,
312162486,Go Create Christmas Blank Cards & Envelopes,https://www.tesco.com/groceries/en-GB/shop/home-and-ents/all?department=Stationery%2C%20Arts%20%26%20Crafts&viewAll=department&page=,£1.00,£1.00/each,,New,/groceries/en-GB/products/312162486,https://digitalcontent.api.tesco.com/v2/media/ghs/edb2ff1a-ee25-491d-90cf-dffb63cc6f08/4aee3286-de87-426a-bcba-879cee1d1c7d_979402317.jpeg?h=225&w=225,
251360388,Tesco Clear Pencil Case Small,https://www.tesco.com/groceries/en-GB/shop/home-and-ents/all?department=Stationery%2C%20Arts%20%26%20Crafts&viewAll=department&page=,£0.60,£0.60/each,,,/groceries/en-GB/products/251360388,https://digitalcontent.api.tesco.com/v2/media/ghs/e5a2877b-cd64-4739-920b-45639053ba43/9969ace0-8678-4b49-a6d9-405d03d173ad_1554754195.jpeg?h=225&w=225,
311228578,4 X Second Class Large Letter Book Of Stamps,https://www.tesco.com/groceries/en-GB/shop/home-and-ents/all?department=Stationery%2C%20Arts%20%26%20Crafts&viewAll=department&page=,£4.20,£1.05/each,,,/groceries/en-GB/products/311228578,https://digitalcontent.api.tesco.com/v2/media/ghs/a2dfab08-40c2-4597-8877-e698426f50a3/9030e0a8-4f6a-4819-8b18-18e3fc2d119e_1942824520.jpeg?h=225&w=225,
311684618,Calm Totem Stationery Set,https://www.tesco.com/groceries/en-GB/shop/home-and-ents/all?department=Stationery%2C%20Arts%20%26%20Crafts&viewAll=department&page=,£5.00,£5.00/each,,New,/groceries/en-GB/products/311684618,https://digitalcontent.api.tesco.com/v2/media/ghs/7d5fa04a-3b5a-44da-91a7-a8dbb5e027ca/1e6e138a-55d9-4988-b01e-7f1abb7b2eb4_1456829600.jpeg?h=225&w=225,
283760438,Staedtler Triplus Colour Fibre Pack Of 20,https://www.tesco.com/groceries/en-GB/shop/home-and-ents/all?department=Stationery%2C%20Arts%20%26%20Crafts&viewAll=department&page=,£15.00,£0.75/each,,,/groceries/en-GB/products/283760438,https://digitalcontent.api.tesco.com/v2/media/ghs/8bf57167-48bc-4f04-9db9-2c8aeed73290/f35c08b8-b778-4901-b2a7-f0867812c17e_2081604471.jpeg?h=225&w=225,
312583270,Cutie Stix Creative Jewellery Box,https://www.tesco.com/groceries/en-GB/shop/home-and-ents/all?department=Stationery%2C%20Arts%20%26%20Crafts&viewAll=department&page=,£13.00,£13.00/each,,,/groceries/en-GB/products/312583270,https://digitalcontent.api.tesco.com/v2/media/ghs/927c7b27-a5f0-407e-918e-be674e5860c0/cbce80cd-a5c9-4b1d-971d-17a4b0818f72_1864584279.jpeg?h=225&w=225,
288676594,Tesco Remanufactured Canon CLI-551 XL C/M/Y Multipack Ink Cartridges,https://www.tesco.com/groceries/en-GB/shop/home-and-ents/all?department=Stationery%2C%20Arts%20%26%20Crafts&viewAll=department&page=,£15.00,£15.00/each,£12.00 Clubcard Price,,/groceries/en-GB/products/288676594,https://digitalcontent.api.tesco.com/v2/media/ghs/5b015cdb-b37a-405f-84d1-ee951ff675ea/56188eae-cabf-4f09-87d1-7089d84da3fa_2050713917.jpeg?h=225&w=225,
312347625,Gruffalo Family Organiser 2023,https://www.tesco.com/groceries/en-GB/shop/home-and-ents/all?department=Stationery%2C%20Arts%20%26%20Crafts&viewAll=department&page=,£6.50,£6.50/each,,New,/groceries/en-GB/products/312347625,https://digitalcontent.api.tesco.com/v2/media/ghs/583353dd-e325-4893-8964-73c879f82ec6/11576171-085e-4481-af76-eed8f1481396_31200457.jpeg?h=225&w=225,
312210614,Wwf Oceans 2023 Calendar,https://www.tesco.com/groceries/en-GB/shop/home-and-ents/all?department=Stationery%2C%20Arts%20%26%20Crafts&viewAll=department&page=,£6.00,£6.00/each,,,/groceries/en-GB/products/312210614,https://digitalcontent.api.tesco.com/v2/media/ghs/0b1b9274-811f-49b0-94d2-a44dbe1eb5c1/8178dacd-8d87-4a1b-885c-bfaac7a230fa_2144331332.jpeg?h=225&w=225,
271660454,Tesco A4 Refill Pad 300 Pages,https://www.tesco.com/groceries/en-GB/shop/home-and-ents/all?department=Stationery%2C%20Arts%20%26%20Crafts&viewAll=department&page=,£3.00,£3.00/each,,,/groceries/en-GB/products/271660454,https://digitalcontent.api.tesco.com/v2/media/ghs/41460632-bbb6-44b7-baaa-d3175d658c75/16b79fbb-0965-47a3-a117-840cbec12356_1113447074.jpeg?h=225&w=225,
260157658,Scotch Magic Tape Refills 3 Pack,https://www.tesco.com/groceries/en-GB/shop/home-and-ents/all?department=Stationery%2C%20Arts%20%26%20Crafts&viewAll=department&page=,£5.85,£1.95/each,£3.85 Clubcard Price,,/groceries/en-GB/products/260157658,https://digitalcontent.api.tesco.com/v2/media/ghs/049c331a-2d20-42cc-8c0b-ccf653ad92dc/3a80bd02-f65f-4917-85ef-bab07735264c_976664030.jpeg?h=225&w=225,
260160792,Zebra Grip Ballpoint Pens Black 10 Pack,https://www.tesco.com/groceries/en-GB/shop/home-and-ents/all?department=Stationery%2C%20Arts%20%26%20Crafts&viewAll=department&page=,£3.00,£0.30/each,,,/groceries/en-GB/products/260160792,https://digitalcontent.api.tesco.com/v2/media/ghs/0e77e7f2-a427-48c2-9f5f-e215573147d5/b01222ab-8f3a-417a-b8fd-4527de020b07_8710389.jpeg?h=225&w=225,
287380196,Tesco A4 Punch Pockets 100 Pack,https://www.tesco.com/groceries/en-GB/shop/home-and-ents/all?department=Stationery%2C%20Arts%20%26%20Crafts&viewAll=department&page=,£2.70,£0.03/each,,,/groceries/en-GB/products/287380196,https://digitalcontent.api.tesco.com/v2/media/ghs/6ebd9e04-6066-4bce-970d-44801d12f799/208599c0-4e65-47ed-b2f7-dce2c1a16d70_390725488.jpeg?h=225&w=225,
263124896,Tesco Lever Arch Black,https://www.tesco.com/groceries/en-GB/shop/home-and-ents/all?department=Stationery%2C%20Arts%20%26%20Crafts&viewAll=department&page=,£2.50,£2.50/each,,,/groceries/en-GB/products/263124896,https://digitalcontent.api.tesco.com/v2/media/ghs/c53ad8ab-d5ae-4fc3-b8e7-4eb25e4b660b/637f2d7a-089c-46a0-bb83-64723be2aa9c_1893639502.jpeg?h=225&w=225,
281467766,Go Create Drawing Pad A4,https://www.tesco.com/groceries/en-GB/shop/home-and-ents/all?department=Stationery%2C%20Arts%20%26%20Crafts&viewAll=department&page=,£2.00,£2.00/each,,,/groceries/en-GB/products/281467766,https://digitalcontent.api.tesco.com/v2/media/ghs/f474781d-f8a2-4a38-ab80-05b87b2df179/9a5422c3-6eda-43d9-9833-8fe9ad52f9dd_1099269962.jpeg?h=225&w=225,
312143359,Tesco Insect 2023 Wtv Slim Diary,https://www.tesco.com/groceries/en-GB/shop/home-and-ents/all?department=Stationery%2C%20Arts%20%26%20Crafts&viewAll=department&page=,£2.00,£2.00/each,,New,/groceries/en-GB/products/312143359,https://digitalcontent.api.tesco.com/v2/media/ghs/f2bd6dd6-e104-4e19-9884-cb7a6bf0cba3/b2fda24e-cb0e-4a84-98dc-0383e5a1a50b_1532261104.jpeg?h=225&w=225,
312143342,Tesco 2023 Kraft Floral Wtv Slim Diary,https://www.tesco.com/groceries/en-GB/shop/home-and-ents/all?department=Stationery%2C%20Arts%20%26%20Crafts&viewAll=department&page=,£2.00,£2.00/each,,New,/groceries/en-GB/products/312143342,https://digitalcontent.api.tesco.com/v2/media/ghs/0cb5f375-d94c-4637-8476-cae19ea01ca7/7c46f770-1440-4f2c-aab0-28b7d26d66aa_201586922.jpeg?h=225&w=225,
312143365,Tesco 2023 Wtv Slim Diary Navy,https://www.tesco.com/groceries/en-GB/shop/home-and-ents/all?department=Stationery%2C%20Arts%20%26%20Crafts&viewAll=department&page=,£2.00,£2.00/each,,New,/groceries/en-GB/products/312143365,https://digitalcontent.api.tesco.com/v2/media/ghs/f8ecfb31-1e0a-4af3-bad2-739ba89f3044/cb153d7b-c7ac-4e23-ac69-3e362f52d6a0_1196107834.jpeg?h=225&w=225,
285222917,Tesco Soft Handled Scissors 21Cm,https://www.tesco.com/groceries/en-GB/shop/home-and-ents/all?department=Stationery%2C%20Arts%20%26%20Crafts&viewAll=department&page=,£2.00,£2.00/each,,,/groceries/en-GB/products/285222917,https://digitalcontent.api.tesco.com/v2/media/ghs/e91907f5-f2ec-491c-935c-bc0624ebb71f/991aa73d-8168-4cee-a4d2-f506863a794c_1370906448.jpeg?h=225&w=225,
295246511,Tesco A4 Wiro Notebook 160 Pages Assorted,https://www.tesco.com/groceries/en-GB/shop/home-and-ents/all?department=Stationery%2C%20Arts%20%26%20Crafts&viewAll=department&page=,£2.00,£2.00/each,,,/groceries/en-GB/products/295246511,https://digitalcontent.api.tesco.com/v2/media/ghs/df9fa7e6-7bf5-4cea-b78b-4c2e267a1afe/3a3e5d66-4387-42e7-82ae-b4efabac642a_911269959.jpeg?h=225&w=225,
312226227,Casebound Pocket Week To View Diary,https://www.tesco.com/groceries/en-GB/shop/home-and-ents/all?department=Stationery%2C%20Arts%20%26%20Crafts&viewAll=department&page=,£2.00,£2.00/each,,New,/groceries/en-GB/products/312226227,https://digitalcontent.api.tesco.com/v2/media/ghs/0c101bfd-d272-4703-ad33-004c54275a1f/aa42e953-8dc1-470d-9cee-db984a8dbb6e_1746909153.jpeg?h=225&w=225,
255677787,Crayola Supertips 12 Pack,https://www.tesco.com/groceries/en-GB/shop/home-and-ents/all?department=Stationery%2C%20Arts%20%26%20Crafts&viewAll=department&page=,£3.00,£0.25/each,,,/groceries/en-GB/products/255677787,https://digitalcontent.api.tesco.com/v2/media/ghs/9711986b-294c-4e36-8f27-92e5c80b331d/00764695-4dc2-45b9-a620-55afefff7e06_1378986859.jpeg?h=225&w=225,
271660385,Tesco Polypropylene Reporters Notebook 160 Pages,https://www.tesco.com/groceries/en-GB/shop/home-and-ents/all?department=Stationery%2C%20Arts%20%26%20Crafts&viewAll=department&page=,£1.90,£1.90/each,,,/groceries/en-GB/products/271660385,https://digitalcontent.api.tesco.com/v2/media/ghs/f0ffa56a-814d-49d5-b6cc-a68f27c73f00/d37f297a-60ec-4e15-a69c-df1ee00f54a8_920787097.jpeg?h=225&w=225,
258864359,Tesco Sticky Note Cube 76 X 76Mm 350Sht,https://www.tesco.com/groceries/en-GB/shop/home-and-ents/all?department=Stationery%2C%20Arts%20%26%20Crafts&viewAll=department&page=,£1.80,£1.80/each,,,/groceries/en-GB/products/258864359,https://digitalcontent.api.tesco.com/v2/media/ghs/cae80abd-77af-415a-bb47-f464aa6b867e/93c73cd0-06db-49d7-b089-a21892281403_563382512.jpeg?h=225&w=225,
262782526,Tesco A6 Polypropylene Spiral Notebook 160 Pages,https://www.tesco.com/groceries/en-GB/shop/home-and-ents/all?department=Stationery%2C%20Arts%20%26%20Crafts&viewAll=department&page=,£1.35,£1.35/each,,,/groceries/en-GB/products/262782526,https://digitalcontent.api.tesco.com/v2/media/ghs/47049292-0199-45d6-a430-1646018f9a2e/7ec22d7c-96cd-45ce-8268-56e4bb21f4ca_485043378.jpeg?h=225&w=225,
257168690,Tesco Popper Doc Wallet 5 Pack -Replenish,https://www.tesco.com/groceries/en-GB/shop/home-and-ents/all?department=Stationery%2C%20Arts%20%26%20Crafts&viewAll=department&page=,£1.80,£0.36/each,,,/groceries/en-GB/products/257168690,https://digitalcontent.api.tesco.com/v2/media/ghs/9242089c-3c5e-4966-9625-14fe3b208ed2/fe00f0a5-4538-413a-ab43-a4b65c0768bc_2075802480.jpeg?h=225&w=225,
295246528,Tesco A5 Wiro Notebook 160 Pages Assorted,https://www.tesco.com/groceries/en-GB/shop/home-and-ents/all?department=Stationery%2C%20Arts%20%26%20Crafts&viewAll=department&page=,£1.60,£1.60/each,,,/groceries/en-GB/products/295246528,https://digitalcontent.api.tesco.com/v2/media/ghs/b85a00f8-ec42-4d7a-930a-16fbc563a5e2/86aab246-7730-4172-a90c-e6be84639a91_383363697.jpeg?h=225&w=225,
312267973,Go Create Foil Stickers,https://www.tesco.com/groceries/en-GB/shop/home-and-ents/all?department=Stationery%2C%20Arts%20%26%20Crafts&viewAll=department&page=,£1.50,£1.50/each,,New,/groceries/en-GB/products/312267973,https://digitalcontent.api.tesco.com/v2/media/ghs/5dd590ec-8812-40ea-af33-ce07899ea5d4/7937f0da-d667-4a13-8e77-e32e2bd8bbb5_1157331300.jpeg?h=225&w=225,
312268004,Go Create White Card 8 Sheets,https://www.tesco.com/groceries/en-GB/shop/home-and-ents/all?department=Stationery%2C%20Arts%20%26%20Crafts&viewAll=department&page=,£1.50,£0.19/each,,New,/groceries/en-GB/products/312268004,https://digitalcontent.api.tesco.com/v2/media/ghs/3a43d9f6-732a-46fa-8552-57a38fedab4a/a98fb0ae-8b65-4052-8b28-eb554f80db26_1625778150.jpeg?h=225&w=225,
312267938,Go Create Star & Heart Card Shapes,https://www.tesco.com/groceries/en-GB/shop/home-and-ents/all?department=Stationery%2C%20Arts%20%26%20Crafts&viewAll=department&page=,£1.50,£1.50/each,,New,/groceries/en-GB/products/312267938,https://digitalcontent.api.tesco.com/v2/media/ghs/7e4f1485-497c-40c0-9b1b-b21008634941/07445815-6566-40f7-8df9-50fcc1832b0e_1914031254.jpeg?h=225&w=225,
312267950,Go Create Animal Card Shapes,https://www.tesco.com/groceries/en-GB/shop/home-and-ents/all?department=Stationery%2C%20Arts%20%26%20Crafts&viewAll=department&page=,£1.50,£0.06/each,,New,/groceries/en-GB/products/312267950,https://digitalcontent.api.tesco.com/v2/media/ghs/c925ef96-f287-4c24-ba86-98a6718537e7/2215dc61-72c9-4f54-8f73-c7f5770d1a18_417824860.jpeg?h=225&w=225,
312267987,Go Create Bug Paper Stickers,https://www.tesco.com/groceries/en-GB/shop/home-and-ents/all?department=Stationery%2C%20Arts%20%26%20Crafts&viewAll=department&page=,£1.50,£1.50/each,,New,/groceries/en-GB/products/312267987,https://digitalcontent.api.tesco.com/v2/media/ghs/de6d15f0-5c8d-4edd-91d5-c6394c324181/145932ca-8474-45f7-854f-e056b1d2fbd9_1789169558.jpeg?h=225&w=225,
262704452,Tesco A4 Subject Dividers 10 Part,https://www.tesco.com/groceries/en-GB/shop/home-and-ents/all?department=Stationery%2C%20Arts%20%26%20Crafts&viewAll=department&page=,£1.10,£1.10/each,,,/groceries/en-GB/products/262704452,https://digitalcontent.api.tesco.com/v2/media/ghs/73a204aa-9d99-40f8-8278-a12faadca920/cddb0be1-86db-4698-8008-03c62b772020_698636295.jpeg?h=225&w=225,
252861435,Tesco Pencil Sharpner,https://www.tesco.com/groceries/en-GB/shop/home-and-ents/all?department=Stationery%2C%20Arts%20%26%20Crafts&viewAll=department&page=,£0.90,£0.90/each,,,/groceries/en-GB/products/252861435,https://digitalcontent.api.tesco.com/v2/media/ghs/8ce85107-946d-451f-be14-ad9b30544b54/e6a4401d-14ac-43d2-b09d-bf61485ae736_478859510.jpeg?h=225&w=225,
259432178,Tesco White C5 Envelopes 25Pk,https://www.tesco.com/groceries/en-GB/shop/home-and-ents/all?department=Stationery%2C%20Arts%20%26%20Crafts&viewAll=department&page=,£1.25,£0.05/each,,,/groceries/en-GB/products/259432178,https://digitalcontent.api.tesco.com/v2/media/ghs/12cbe695-a019-4320-8be2-6c49aa9a2100/21b08eed-8b05-47b5-b5d6-9b7d19b4f47e_1895155413.jpeg?h=225&w=225,
257179890,Tesco Hb Pencils With Erasers 12 Pack,https://www.tesco.com/groceries/en-GB/shop/home-and-ents/all?department=Stationery%2C%20Arts%20%26%20Crafts&viewAll=department&page=,£1.10,£0.09/each,,,/groceries/en-GB/products/257179890,https://digitalcontent.api.tesco.com/v2/media/ghs/11719ba9-82d8-4ba2-ba26-5bdca761e448/1cdbd4aa-a726-4ae7-ac7e-b82b0913c5f5_2102198428.jpeg?h=225&w=225,
266165489,Tesco White C6 Envelopes 25Pk,https://www.tesco.com/groceries/en-GB/shop/home-and-ents/all?department=Stationery%2C%20Arts%20%26%20Crafts&viewAll=department&page=,£1.10,£0.04/each,,,/groceries/en-GB/products/266165489,https://digitalcontent.api.tesco.com/v2/media/ghs/e8db732d-8478-4bde-aad9-40e4a63491a1/cd9db247-f4b2-4ad3-b28b-66b5dc19a4d3_2013753730.jpeg?h=225&w=225,
263125369,Tesco Ring Binder Black,https://www.tesco.com/groceries/en-GB/shop/home-and-ents/all?department=Stationery%2C%20Arts%20%26%20Crafts&viewAll=department&page=,£1.35,£1.35/each,,,/groceries/en-GB/products/263125369,https://digitalcontent.api.tesco.com/v2/media/ghs/f56c0829-a057-40dd-a4c8-a8d54adef8bc/0c063ce2-2697-4917-b774-f3d8e5f407be_1443194017.jpeg?h=225&w=225,
312267915,Go Create Card Suncatcher Decorations,https://www.tesco.com/groceries/en-GB/shop/home-and-ents/all?department=Stationery%2C%20Arts%20%26%20Crafts&viewAll=department&page=,£1.50,£1.50/each,,New,/groceries/en-GB/products/312267915,https://digitalcontent.api.tesco.com/v2/media/ghs/012edb06-6842-4df0-8ec6-9d32aaf9b449/663de8e6-155a-4f4b-8ff9-76ee0d16ece2_1000160146.jpeg?h=225&w=225,
281468460,Go Create Glue Stick,https://www.tesco.com/groceries/en-GB/shop/home-and-ents/all?department=Stationery%2C%20Arts%20%26%20Crafts&viewAll=department&page=,£1.00,£1.00/each,,,/groceries/en-GB/products/281468460,https://digitalcontent.api.tesco.com/v2/media/ghs/57e7e40d-45c5-4629-8729-bcb2e5a6dbd4/debaaa6f-eedb-4dda-9ac3-a7c456006a90_1239774876.jpeg?h=225&w=225,
312714491,Keep It Handy Ballpoint Pens 12 Pack,https://www.tesco.com/groceries/en-GB/shop/home-and-ents/all?department=Stationery%2C%20Arts%20%26%20Crafts&viewAll=department&page=,£1.00,£0.08/each,,New,/groceries/en-GB/products/312714491,https://digitalcontent.api.tesco.com/v2/media/ghs-mktg/b0b04216-fa73-466d-a9d7-c9fcfa1ce9b3/no-image.jpeg,
258868257,Tesco Classic Ball Pens Black 5 Pack,https://www.tesco.com/groceries/en-GB/shop/home-and-ents/all?department=Stationery%2C%20Arts%20%26%20Crafts&viewAll=department&page=,£0.85,£0.17/each,,,/groceries/en-GB/products/258868257,https://digitalcontent.api.tesco.com/v2/media/ghs/971de8cc-0e70-4fa8-a921-402132a431f5/ac8ea7c6-26b8-4f21-8f19-2e97817e2aff_445906454.jpeg?h=225&w=225,
310379475,Go Create Chalk 10 Pack,https://www.tesco.com/groceries/en-GB/shop/home-and-ents/all?department=Stationery%2C%20Arts%20%26%20Crafts&viewAll=department&page=,£0.60,£0.06/each,Reduced to Clear Was £0.80 Now £0.60,,/groceries/en-GB/products/310379475,https://digitalcontent.api.tesco.com/v2/media/ghs/633e0a78-d507-44db-abc2-3ea391e44576/f98d056c-6ff5-4984-b63b-a938f3354bcb_348352556.jpeg?h=225&w=225,
271277113,Tesco Ruler Shatterproof 15Cm,https://www.tesco.com/groceries/en-GB/shop/home-and-ents/all?department=Stationery%2C%20Arts%20%26%20Crafts&viewAll=department&page=,£0.40,£0.40/each,,,/groceries/en-GB/products/271277113,https://digitalcontent.api.tesco.com/v2/media/ghs/41cfb43c-1668-4c4a-be3b-57db8637302e/df939117-0839-4b4b-9cab-ea88328ace4d_280471583.jpeg?h=225&w=225,
311210558,4 X First Class Large Letter Book Of Stamps,https://www.tesco.com/groceries/en-GB/shop/home-and-ents/all?department=Stationery%2C%20Arts%20%26%20Crafts&viewAll=department&page=,£5.80,£1.45/each,,,/groceries/en-GB/products/311210558,https://digitalcontent.api.tesco.com/v2/media/ghs/139d1f3d-32e8-4421-9d46-3013a7893bd5/5f255e47-b818-4369-b9a5-8b4e886df41d_285645379.jpeg?h=225&w=225,
312143716,Tesco Alchemy Revision Cards,https://www.tesco.com/groceries/en-GB/shop/home-and-ents/all?department=Stationery%2C%20Arts%20%26%20Crafts&viewAll=department&page=,£1.50,£1.50/each,Reduced to Clear Was £2.00 Now £1.50,,/groceries/en-GB/products/312143716,https://digitalcontent.api.tesco.com/v2/media/ghs/6a619e69-76f5-48c0-8ee8-d9b96e68afe4/6963fffc-666c-48b6-8aa4-896802ce055a_1841558300.jpeg?h=225&w=225,
312143768,Tesco Humble Document Wallets,https://www.tesco.com/groceries/en-GB/shop/home-and-ents/all?department=Stationery%2C%20Arts%20%26%20Crafts&viewAll=department&page=,£1.50,£0.75/each,,New,/groceries/en-GB/products/312143768,https://digitalcontent.api.tesco.com/v2/media/ghs/9a37ad8b-29e3-492a-9d62-01b212a02e8b/ba351305-68ac-4a83-8859-51e7222cde5a_1457118791.jpeg?h=225&w=225,
312143682,Tesco Humble A5 Diary Week To View,https://www.tesco.com/groceries/en-GB/shop/home-and-ents/all?department=Stationery%2C%20Arts%20%26%20Crafts&viewAll=department&page=,£2.00,£2.00/each,Reduced to Clear Was £3.00 Now £2.00,,/groceries/en-GB/products/312143682,https://digitalcontent.api.tesco.com/v2/media/ghs/7aeb1610-e2b9-4a08-933e-a200b55a2d6e/da524645-1a83-4441-9500-da51ec2f5b5b_1157862998.jpeg?h=225&w=225,
312143751,Tesco Humble Ringbinder,https://www.tesco.com/groceries/en-GB/shop/home-and-ents/all?department=Stationery%2C%20Arts%20%26%20Crafts&viewAll=department&page=,£1.50,£1.50/each,,New,/groceries/en-GB/products/312143751,https://digitalcontent.api.tesco.com/v2/media/ghs/1853467d-4fc4-438a-8421-ed99ac49b11b/32638779-ef77-4572-b144-e45932300ffc_1002369389.jpeg?h=225&w=225,
312143676,Tesco Alchemy Scrapbook,https://www.tesco.com/groceries/en-GB/shop/home-and-ents/all?department=Stationery%2C%20Arts%20%26%20Crafts&viewAll=department&page=,£3.25,£3.25/each,Reduced to Clear Was £4.00 Now £3.25,,/groceries/en-GB/products/312143676,https://digitalcontent.api.tesco.com/v2/media/ghs/21072e74-f3af-4b23-99eb-13d0e6c35267/371a3686-17a8-4bc6-95aa-09fb134142a0_930189547.jpeg?h=225&w=225,
302424359,Just My Style Scrapbook,https://www.tesco.com/groceries/en-GB/shop/home-and-ents/all?department=Stationery%2C%20Arts%20%26%20Crafts&viewAll=department&page=,£12.00,£12.00/each,,,/groceries/en-GB/products/302424359,https://digitalcontent.api.tesco.com/v2/media/ghs/bde34f29-3577-48a4-af2c-71b7cdf84513/21527af8-0227-44ac-a212-708628a680b0_420919009.jpeg?h=225&w=225,
312393477,Kit & Kraft Paint Your Own Birdhouse,https://www.tesco.com/groceries/en-GB/shop/home-and-ents/all?department=Stationery%2C%20Arts%20%26%20Crafts&viewAll=department&page=,£12.00,£12.00/each,£9.00 Clubcard Price,,/groceries/en-GB/products/312393477,https://digitalcontent.api.tesco.com/v2/media/ghs/4ef15fd0-dd2e-4ec6-a4cc-6d8c55654f8b/73534079-987e-4278-878a-46f7697c8d08_1846181497.jpeg?h=225&w=225,
312267823,Go Create Activity Box 500 Pieces,https://www.tesco.com/groceries/en-GB/shop/home-and-ents/all?department=Stationery%2C%20Arts%20%26%20Crafts&viewAll=department&page=,£12.00,£12.00/each,,New,/groceries/en-GB/products/312267823,https://digitalcontent.api.tesco.com/v2/media/ghs/d9aafa7b-33b9-41e5-9118-e5e9ae99fa4a/bcfac51d-985c-4f7f-9879-31ac4b281f3e_1797514483.jpeg?h=225&w=225,
303901847,Paint Your Own Squishee,https://www.tesco.com/groceries/en-GB/shop/home-and-ents/all?department=Stationery%2C%20Arts%20%26%20Crafts&viewAll=department&page=,£12.00,£12.00/each,,,/groceries/en-GB/products/303901847,https://digitalcontent.api.tesco.com/v2/media/ghs/68570f34-3f4b-4668-8457-6bfe7d54e0b4/290c0e79-e2ae-4207-9c8a-8647f38eb939_840325409.jpeg?h=225&w=225,
309155931,"Paper Mate InkJoy 100 Ballpoint Pens, Fun Colours, 27 Count",https://www.tesco.com/groceries/en-GB/shop/home-and-ents/all?department=Stationery%2C%20Arts%20%26%20Crafts&viewAll=department&page=,£8.00,£0.30/each,,,/groceries/en-GB/products/309155931,https://digitalcontent.api.tesco.com/v2/media/ghs/df0f9720-8122-4417-993f-9fd35185eec5/aa7258fb-2e2a-4be2-bae3-09dbe15227bc_822280190.jpeg?h=225&w=225,
312143624,Tesco A5 Premium 2023 Dap Diary Grey,https://www.tesco.com/groceries/en-GB/shop/home-and-ents/all?department=Stationery%2C%20Arts%20%26%20Crafts&viewAll=department&page=,£6.00,£6.00/each,,New,/groceries/en-GB/products/312143624,https://digitalcontent.api.tesco.com/v2/media/ghs/babbda3d-fa6f-47ae-b825-e0bdb1bd92de/a9e0c48a-4e75-43c0-a68a-b1647d953356_358614323.jpeg?h=225&w=225,
296168095,Pukka 500 Raffle Tickets,https://www.tesco.com/groceries/en-GB/shop/home-and-ents/all?department=Stationery%2C%20Arts%20%26%20Crafts&viewAll=department&page=,£2.85,£2.85/each,,,/groceries/en-GB/products/296168095,https://digitalcontent.api.tesco.com/v2/media/ghs/55b41d0b-6ac0-4e5a-8b53-5272cd6cf2a0/ca23af8f-4ccd-46b0-8ac0-3dc40fd3babe_1069686253.jpeg?h=225&w=225,
310901347,Tesco Home Office Bamboo Desk Tray,https://www.tesco.com/groceries/en-GB/shop/home-and-ents/all?department=Stationery%2C%20Arts%20%26%20Crafts&viewAll=department&page=,£6.00,£6.00/each,,,/groceries/en-GB/products/310901347,https://digitalcontent.api.tesco.com/v2/media/ghs/743955c4-f5a0-41c1-84c1-f7fdc1d326c7/10f41396-f5ef-4f07-b771-4f3a6e6a71c6_999382579.jpeg?h=225&w=225,
312210764,Casebound A5 Wtv Diary 2023,https://www.tesco.com/groceries/en-GB/shop/home-and-ents/all?department=Stationery%2C%20Arts%20%26%20Crafts&viewAll=department&page=,£3.00,£3.00/each,,New,/groceries/en-GB/products/312210764,https://digitalcontent.api.tesco.com/v2/media/ghs/d21f3a9c-9126-45b0-a551-5a6c112aa5dd/201c2c4b-2b5e-432e-ad95-8327089544c1_970974523.jpeg?h=225&w=225,
312143394,Tesco Definition 2023 A6 Wtv Diary,https://www.tesco.com/groceries/en-GB/shop/home-and-ents/all?department=Stationery%2C%20Arts%20%26%20Crafts&viewAll=department&page=,£3.00,£3.00/each,,New,/groceries/en-GB/products/312143394,https://digitalcontent.api.tesco.com/v2/media/ghs/ed6011bd-fdde-4d33-92a5-070c4297b6b0/4914de02-ea2c-426d-b78f-a1f89bc7894e_149010266.jpeg?h=225&w=225,
305492785,Pukka Pastel Lever Arch,https://www.tesco.com/groceries/en-GB/shop/home-and-ents/all?department=Stationery%2C%20Arts%20%26%20Crafts&viewAll=department&page=,£3.20,£3.20/each,,,/groceries/en-GB/products/305492785,https://digitalcontent.api.tesco.com/v2/media/ghs/6698b702-16fe-4391-8cb8-a3aa7b3bbf77/12ba2dc5-46c3-4e47-99f4-c05fb96162e5_934790750.jpeg?h=225&w=225,
305492779,Pukka Pastel Ring Binder,https://www.tesco.com/groceries/en-GB/shop/home-and-ents/all?department=Stationery%2C%20Arts%20%26%20Crafts&viewAll=department&page=,£2.60,£2.60/each,,,/groceries/en-GB/products/305492779,https://digitalcontent.api.tesco.com/v2/media/ghs/61f90bd1-3ff5-4304-aa4d-ac5f8cb4496f/aacb647a-c962-46f1-a5fe-fb5083cecedc_1220984688.jpeg?h=225&w=225,
305463307,Go Create Paint Your Own Plant Pot,https://www.tesco.com/groceries/en-GB/shop/home-and-ents/all?department=Stationery%2C%20Arts%20%26%20Crafts&viewAll=department&page=,£4.00,£4.00/each,,,/groceries/en-GB/products/305463307,https://digitalcontent.api.tesco.com/v2/media/ghs/7532e6c3-caf3-4c9b-a6ba-67f8dac54a3a/snapshotimagehandler_509397002.jpeg?h=225&w=225,
312143371,Tesco Bee 2023 A6 Wtv Diary,https://www.tesco.com/groceries/en-GB/shop/home-and-ents/all?department=Stationery%2C%20Arts%20%26%20Crafts&viewAll=department&page=,£2.50,£2.50/each,,New,/groceries/en-GB/products/312143371,https://digitalcontent.api.tesco.com/v2/media/ghs/87ec9c4f-8b96-4a60-947b-3205457c351b/560a4b2a-6be0-4e8f-b9bd-996c582404ce_1146508086.jpeg?h=225&w=225,
312235873,Executive Pocket Diary 2023,https://www.tesco.com/groceries/en-GB/shop/home-and-ents/all?department=Stationery%2C%20Arts%20%26%20Crafts&viewAll=department&page=,£3.00,£3.00/each,,New,/groceries/en-GB/products/312235873,https://digitalcontent.api.tesco.com/v2/media/ghs/e7bb2237-3551-47ed-90ea-84eb5e9c80fe/55ad74cb-4945-49a7-a5e1-58110600c679_1807537921.jpeg?h=225&w=225,
312143647,Fox & Ivy 2023 Slim Wtv Diary,https://www.tesco.com/groceries/en-GB/shop/home-and-ents/all?department=Stationery%2C%20Arts%20%26%20Crafts&viewAll=department&page=,£3.00,£3.00/each,,New,/groceries/en-GB/products/312143647,https://digitalcontent.api.tesco.com/v2/media/ghs/e25f769b-3aa6-4f2e-bc4e-dc7a2a9eb672/67d79f49-7aa1-48d7-949e-4900256ef3d4_1274787288.jpeg?h=225&w=225,
271660391,Tesco A4 Polypropylene Spiral Notebook 160 Pages,https://www.tesco.com/groceries/en-GB/shop/home-and-ents/all?department=Stationery%2C%20Arts%20%26%20Crafts&viewAll=department&page=,£2.70,£2.70/each,,,/groceries/en-GB/products/271660391,https://digitalcontent.api.tesco.com/v2/media/ghs/d08bfa8e-2502-4485-9e86-05e4713e6ef6/snapshotimagehandler_2111732800.jpeg?h=225&w=225,
288730017,Pukka A5 Jotta 80 Sheets Assorted,https://www.tesco.com/groceries/en-GB/shop/home-and-ents/all?department=Stationery%2C%20Arts%20%26%20Crafts&viewAll=department&page=,£2.92,£2.92/each,,,/groceries/en-GB/products/288730017,https://digitalcontent.api.tesco.com/v2/media/ghs/d68f2456-0c0e-4fb6-a9d5-1ddee00c7351/5d8e2ca8-bb44-4645-bbd9-5551aae5a5bf_418353273.jpeg?h=225&w=225,
260883593,Tesco A4 Extra Strong Punch Pockets 25Pk,https://www.tesco.com/groceries/en-GB/shop/home-and-ents/all?department=Stationery%2C%20Arts%20%26%20Crafts&viewAll=department&page=,£2.25,£0.09/each,,,/groceries/en-GB/products/260883593,https://digitalcontent.api.tesco.com/v2/media/ghs/126d4fe5-d9f0-42c7-b4de-bb9d10462bb0/2ba53459-49a3-442f-a609-2959b5f6b081_87572155.jpeg?h=225&w=225,
271660483,Tesco 20 Pocket Display Book Assorted,https://www.tesco.com/groceries/en-GB/shop/home-and-ents/all?department=Stationery%2C%20Arts%20%26%20Crafts&viewAll=department&page=,£2.00,£2.00/each,,,/groceries/en-GB/products/271660483,https://digitalcontent.api.tesco.com/v2/media/ghs/f9c03ce4-e2e1-4e41-b0e4-8bd1e8e202ea/c7ba3eed-3226-4af2-94e5-be7d117f21fa_1713730878.jpeg?h=225&w=225,
312162434,Go Create Make Your Own Christmas Stocking,https://www.tesco.com/groceries/en-GB/shop/home-and-ents/all?department=Stationery%2C%20Arts%20%26%20Crafts&viewAll=department&page=,£3.00,£3.00/each,,,/groceries/en-GB/products/312162434,https://digitalcontent.api.tesco.com/v2/media/ghs/c76372fe-97f3-4b19-95da-27f401612d90/12e3656e-d4c8-4541-94f1-edd72a546f3a_399608171.jpeg?h=225&w=225,
277601660,Tesco Remanufactured Epson 18 Black Ink Cartridge,https://www.tesco.com/groceries/en-GB/shop/home-and-ents/all?department=Stationery%2C%20Arts%20%26%20Crafts&viewAll=department&page=,£5.00,£5.00/each,£4.00 Clubcard Price,,/groceries/en-GB/products/277601660,https://digitalcontent.api.tesco.com/v2/media/ghs/511b2dda-d125-4a0e-94c8-0476def6fb4b/6cf20213-b9d7-4166-b149-01c8e3464d12_322327601.jpeg?h=225&w=225,
285222802,Tesco Studycards With Polypropylene Inserts 75Pk,https://www.tesco.com/groceries/en-GB/shop/home-and-ents/all?department=Stationery%2C%20Arts%20%26%20Crafts&viewAll=department&page=,£1.90,£0.03/each,,,/groceries/en-GB/products/285222802,https://digitalcontent.api.tesco.com/v2/media/ghs/f88e0254-f557-43c2-9a39-1970ec79bdfa/15b3e2cd-6d3b-40ca-9355-a26d7b24661d_1255074503.jpeg?h=225&w=225,
291502900,Tesco A4 Extra Wide Subject Dividers,https://www.tesco.com/groceries/en-GB/shop/home-and-ents/all?department=Stationery%2C%20Arts%20%26%20Crafts&viewAll=department&page=,£1.65,£1.65/each,,,/groceries/en-GB/products/291502900,https://digitalcontent.api.tesco.com/v2/media/ghs/a7c9dd41-9463-42a4-b4c6-6d339b2a6b8e/323a25b2-c825-4121-9fe2-b27346bcef58_1692082116.jpeg?h=225&w=225,
252967798,Tesco Self- Adhesive White Labels 250 Roll,https://www.tesco.com/groceries/en-GB/shop/home-and-ents/all?department=Stationery%2C%20Arts%20%26%20Crafts&viewAll=department&page=,£1.80,£0.01/each,,,/groceries/en-GB/products/252967798,https://digitalcontent.api.tesco.com/v2/media/ghs/f56ca613-f34c-4de2-8e3c-01937e8c78ab/f1124ca3-652b-4c7e-8bd2-bb216af6ef80_1644826424.jpeg?h=225&w=225,
288654067,Tesco Staples 2000Pk,https://www.tesco.com/groceries/en-GB/shop/home-and-ents/all?department=Stationery%2C%20Arts%20%26%20Crafts&viewAll=department&page=,£1.20,£0.00/each,,,/groceries/en-GB/products/288654067,https://digitalcontent.api.tesco.com/v2/media/ghs/6e22d986-2fdf-467f-914d-e23439f7a24a/b40f2320-4560-4474-8372-0cb078ebc619_638707074.jpeg?h=225&w=225,
310703553,Scentos 10 Colour Pen,https://www.tesco.com/groceries/en-GB/shop/home-and-ents/all?department=Stationery%2C%20Arts%20%26%20Crafts&viewAll=department&page=,£1.75,£1.75/each,,,/groceries/en-GB/products/310703553,https://digitalcontent.api.tesco.com/v2/media/ghs/d6508da1-713b-455c-8704-80d247bd72ad/61520dd7-e65b-4e2c-8351-5438fe9c4959_95549083.jpeg?h=225&w=225,
275838285,White Furze 0.6L Pencil Box,https://www.tesco.com/groceries/en-GB/shop/home-and-ents/all?department=Stationery%2C%20Arts%20%26%20Crafts&viewAll=department&page=,£1.70,£1.70/each,,,/groceries/en-GB/products/275838285,https://digitalcontent.api.tesco.com/v2/media/ghs/5cf53d88-80c9-4c3d-a596-f661bc0855af/d06f9630-16c1-48da-a49f-428d457b1dfe_1411589314.jpeg?h=225&w=225,
282319964,Tesco Record Cards Coloured,https://www.tesco.com/groceries/en-GB/shop/home-and-ents/all?department=Stationery%2C%20Arts%20%26%20Crafts&viewAll=department&page=,£1.35,£1.35/each,,,/groceries/en-GB/products/282319964,https://digitalcontent.api.tesco.com/v2/media/ghs/a30c48d3-d666-4447-9d53-3b535f82df86/2983f67c-6350-403f-9a23-2752a2cbfd61_1871785421.jpeg?h=225&w=225,
312276864,Go Create Wooden Button Shapes 85 Pieces,https://www.tesco.com/groceries/en-GB/shop/home-and-ents/all?department=Stationery%2C%20Arts%20%26%20Crafts&viewAll=department&page=,£1.50,£0.02/each,,,/groceries/en-GB/products/312276864,https://digitalcontent.api.tesco.com/v2/media/ghs/d0bfff99-7d06-41af-bf7b-72514b506f21/cf8bdcb0-fdbd-48ce-9835-eb396f7878fe_1586135399.jpeg?h=225&w=225,
285222791,Tesco Large Record Cards 100 Pack,https://www.tesco.com/groceries/en-GB/shop/home-and-ents/all?department=Stationery%2C%20Arts%20%26%20Crafts&viewAll=department&page=,£1.25,£0.01/each,,,/groceries/en-GB/products/285222791,https://digitalcontent.api.tesco.com/v2/media/ghs/e9f57d9b-b722-43ea-b5d7-2d51ef65006d/5421b635-cf94-4fd4-82c3-512e51f6a9d7_788356556.jpeg?h=225&w=225,
259048276,Tesco Record Cards 100 Pack,https://www.tesco.com/groceries/en-GB/shop/home-and-ents/all?department=Stationery%2C%20Arts%20%26%20Crafts&viewAll=department&page=,£1.10,£0.01/each,,,/groceries/en-GB/products/259048276,https://digitalcontent.api.tesco.com/v2/media/ghs/edb82a29-a059-4765-9ac0-b4caef3916fb/fcc3b3a1-68a5-44e5-8cc3-bdfa015d2285_2138825136.jpeg?h=225&w=225,
285456972,Tesco Glue Stick 40G,https://www.tesco.com/groceries/en-GB/shop/home-and-ents/all?department=Stationery%2C%20Arts%20%26%20Crafts&viewAll=department&page=,£1.25,£31.25/kg,,,/groceries/en-GB/products/285456972,https://digitalcontent.api.tesco.com/v2/media/ghs/9b9db174-0adf-4095-80dd-dd4d838431d8/1290bf49-86fe-446a-ab39-696d579efb8b_149003165.jpeg?h=225&w=225,
274845306,Tesco Classic Gel Pens Black 6 Pack,https://www.tesco.com/groceries/en-GB/shop/home-and-ents/all?department=Stationery%2C%20Arts%20%26%20Crafts&viewAll=department&page=,£1.25,£0.21/each,,,/groceries/en-GB/products/274845306,https://digitalcontent.api.tesco.com/v2/media/ghs/3416ddec-d444-4fe6-b539-b5143b16d115/38f644c8-cd97-4fcb-a744-6fe578c13a08.jpeg?h=225&w=225,
300392560,Tesco Ring Binder Red And Purple,https://www.tesco.com/groceries/en-GB/shop/home-and-ents/all?department=Stationery%2C%20Arts%20%26%20Crafts&viewAll=department&page=,£1.35,£1.35/each,,,/groceries/en-GB/products/300392560,https://digitalcontent.api.tesco.com/v2/media/ghs/5f228aa7-2e65-4132-a50d-e8222c0f924e/1f7581f2-b1ea-46fb-940e-ebae2647aed4_655903226.jpeg?h=225&w=225,
279412886,Tesco Clear Pencil Case Large,https://www.tesco.com/groceries/en-GB/shop/home-and-ents/all?department=Stationery%2C%20Arts%20%26%20Crafts&viewAll=department&page=,£1.25,£1.25/each,,,/groceries/en-GB/products/279412886,https://digitalcontent.api.tesco.com/v2/media/ghs/8d51ae3f-5919-4d5f-a8ac-b993df0494af/3539f60f-63cf-489a-b9d7-9ddda04410df_432600087.jpeg?h=225&w=225,
261632843,Preschool Stickers Assorted,https://www.tesco.com/groceries/en-GB/shop/home-and-ents/all?department=Stationery%2C%20Arts%20%26%20Crafts&viewAll=department&page=,£1.00,£1.00/each,,,/groceries/en-GB/products/261632843,https://digitalcontent.api.tesco.com/v2/media/ghs/fb854f0a-b12a-4a9d-888c-e144bbf1bfbf/63375fa5-9b11-4c36-a06b-47a30507d70b_1422695157.jpeg?h=225&w=225,
310804203,Tesco Permanent Marker Pens Black 2 Pack,https://www.tesco.com/groceries/en-GB/shop/home-and-ents/all?department=Stationery%2C%20Arts%20%26%20Crafts&viewAll=department&page=,£0.85,£0.42/each,,,/groceries/en-GB/products/310804203,https://digitalcontent.api.tesco.com/v2/media/ghs/4c4498d6-8435-4f78-a42f-a6a0806bd29c/92ff5f05-8f2c-4ae3-b32c-c5db0313e20e_877691695.jpeg?h=225&w=225,
280518490,Go Create Coloured Pencils 24 Pack,https://www.tesco.com/groceries/en-GB/shop/home-and-ents/all?department=Stationery%2C%20Arts%20%26%20Crafts&viewAll=department&page=,£1.50,£0.06/each,,,/groceries/en-GB/products/280518490,https://digitalcontent.api.tesco.com/v2/media/ghs/b9817afa-9a4d-437a-a3a8-622255f50c88/c7406be0-3d97-4ba2-b4b5-4f81bf46af15_631762680.jpeg?h=225&w=225,
253770005,Tesco Ruler Shatterproof 30Cm,https://www.tesco.com/groceries/en-GB/shop/home-and-ents/all?department=Stationery%2C%20Arts%20%26%20Crafts&viewAll=department&page=,£0.80,£0.80/each,,,/groceries/en-GB/products/253770005,https://digitalcontent.api.tesco.com/v2/media/ghs/03cea8e9-2d44-4165-8bb1-9f4236ea9215/e6dfc281-764b-453e-ba50-9bb503daa8f4_1038494051.jpeg?h=225&w=225,
306350831,Keep It Handy Cotton String 3 Pack,https://www.tesco.com/groceries/en-GB/shop/home-and-ents/all?department=Stationery%2C%20Arts%20%26%20Crafts&viewAll=department&page=,£1.00,£0.33/each,,,/groceries/en-GB/products/306350831,https://digitalcontent.api.tesco.com/v2/media/ghs/e59236f6-2e82-49fb-9fd8-514c121de18d/7cf028b2-7fc7-4a5f-880b-13f19a1a695b_916664934.jpeg?h=225&w=225,
252941393,T.Assorted Ballpoint Pens 10 Pack,https://www.tesco.com/groceries/en-GB/shop/home-and-ents/all?department=Stationery%2C%20Arts%20%26%20Crafts&viewAll=department&page=,£0.75,£0.08/each,,,/groceries/en-GB/products/252941393,https://digitalcontent.api.tesco.com/v2/media/ghs/5b4c9912-93ec-4752-8198-1d0c6b93f0e2/314ab98d-4d92-407b-9338-d4a5f7b1becb_1586407362.jpeg?h=225&w=225,
281468532,Go Create Colouring Pad A5,https://www.tesco.com/groceries/en-GB/shop/home-and-ents/all?department=Stationery%2C%20Arts%20%26%20Crafts&viewAll=department&page=,£1.20,£1.20/each,,,/groceries/en-GB/products/281468532,https://digitalcontent.api.tesco.com/v2/media/ghs/1b948896-0b7f-46c1-ad0f-6fca673d9e8e/f4625932-5791-4315-a371-307307a490ad_1116854101.jpeg?h=225&w=225,
312143699,Tesco Humble A4 Notebook,https://www.tesco.com/groceries/en-GB/shop/home-and-ents/all?department=Stationery%2C%20Arts%20%26%20Crafts&viewAll=department&page=,£2.50,£2.50/each,,New,/groceries/en-GB/products/312143699,https://digitalcontent.api.tesco.com/v2/media/ghs/9c14cfb2-b1a9-493a-89cb-e6fb74a59ec1/c2630733-b536-4665-9975-a70939dd8e78_1080606408.jpeg?h=225&w=225,
312235838,Calm Totem A5 Wiro Notebook,https://www.tesco.com/groceries/en-GB/shop/home-and-ents/all?department=Stationery%2C%20Arts%20%26%20Crafts&viewAll=department&page=,£3.00,£3.00/each,Reduced to Clear Was £4.00 Now £3.00,,/groceries/en-GB/products/312235838,https://digitalcontent.api.tesco.com/v2/media/ghs/e7c241e5-f729-4c72-9cdd-46e8e080ef93/29061dfd-676d-4d18-92e5-fe2be28e1a07_1327213703.jpeg?h=225&w=225,
312143797,Tesco Alchemy B5 You Are Magic Holo Notebook,https://www.tesco.com/groceries/en-GB/shop/home-and-ents/all?department=Stationery%2C%20Arts%20%26%20Crafts&viewAll=department&page=,£3.00,£3.00/each,,New,/groceries/en-GB/products/312143797,https://digitalcontent.api.tesco.com/v2/media/ghs/1aea2f43-3eb1-4254-8d77-f28809001f52/5dacd685-b251-43e5-b544-3d644d397518_667196635.jpeg?h=225&w=225,
312100635,Calm Totem Planner With Pen,https://www.tesco.com/groceries/en-GB/shop/home-and-ents/all?department=Stationery%2C%20Arts%20%26%20Crafts&viewAll=department&page=,£6.00,£6.00/each,,New,/groceries/en-GB/products/312100635,https://digitalcontent.api.tesco.com/v2/media/ghs/2f69438e-6a3b-44ef-90e4-ac5c13d7cd0a/e2372c5e-3186-497a-9672-b987a3e9c791_223894985.jpeg?h=225&w=225,
296498619,Hp 304Xl Tri Color Original Ink Cartridge,https://www.tesco.com/groceries/en-GB/shop/home-and-ents/all?department=Stationery%2C%20Arts%20%26%20Crafts&viewAll=department&page=,£36.50,£36.50/each,,,/groceries/en-GB/products/296498619,https://digitalcontent.api.tesco.com/v2/media/ghs/a5fdec74-0b85-4134-b980-007f3e519e70/9581d76c-e8b7-4720-8930-7137aa94b118_1039766429.jpeg?h=225&w=225,
274800089,Horizon Sns Messenger Bag,https://www.tesco.com/groceries/en-GB/shop/home-and-ents/all?department=Stationery%2C%20Arts%20%26%20Crafts&viewAll=department&page=,£12.00,£12.00/each,,,/groceries/en-GB/products/274800089,https://digitalcontent.api.tesco.com/v2/media/ghs/a88407ff-03a9-4106-80ae-8013c378fe67/9f1ef1bb-e00d-481b-a01c-06bb600a10cf_1110155117.jpeg?h=225&w=225,
293818852,Fuzzikins Animals,https://www.tesco.com/groceries/en-GB/shop/home-and-ents/all?department=Stationery%2C%20Arts%20%26%20Crafts&viewAll=department&page=,£11.00,£11.00/each,,,/groceries/en-GB/products/293818852,https://digitalcontent.api.tesco.com/v2/media/ghs/c8d326d6-3b7b-47c0-9000-6640844a8c6d/294e727c-2601-4f15-bad4-dc0ccc23f6ee_209532490.jpeg?h=225&w=225,
310460891,Mbm Unicorn / Space Paint Studio,https://www.tesco.com/groceries/en-GB/shop/home-and-ents/all?department=Stationery%2C%20Arts%20%26%20Crafts&viewAll=department&page=,£10.00,£10.00/each,,,/groceries/en-GB/products/310460891,https://digitalcontent.api.tesco.com/v2/media/ghs/5d51928d-b8e9-4930-8097-96d05fbe2bca/4f9ff03f-4fa9-4e25-9159-cc403371039f_106642430.jpeg?h=225&w=225,
288969697,Tesco Bubble Wrap Roll Large,https://www.tesco.com/groceries/en-GB/shop/home-and-ents/all?department=Stationery%2C%20Arts%20%26%20Crafts&viewAll=department&page=,£4.95,£4.95/each,,,/groceries/en-GB/products/288969697,https://digitalcontent.api.tesco.com/v2/media/ghs/331055b2-8878-4270-929e-dcd9e510e61e/fae9f18e-960f-4d6f-9349-68236d5caa52_1593734609.jpeg?h=225&w=225,
312267852,Go Create Make Your Own Wooden Pirate Ship/Castle,https://www.tesco.com/groceries/en-GB/shop/home-and-ents/all?department=Stationery%2C%20Arts%20%26%20Crafts&viewAll=department&page=,£6.00,£6.00/each,,New,/groceries/en-GB/products/312267852,https://digitalcontent.api.tesco.com/v2/media/ghs/fba07e0e-4ac6-4b60-b27a-2f5f8f549255/9be2b268-d41c-4dfe-966d-3050e099833e_4704088.jpeg?h=225&w=225,
292355790,Tipp-Ex Mini Pocket Mouse 3 Pack,https://www.tesco.com/groceries/en-GB/shop/home-and-ents/all?department=Stationery%2C%20Arts%20%26%20Crafts&viewAll=department&page=,£4.00,£1.34/each,,,/groceries/en-GB/products/292355790,https://digitalcontent.api.tesco.com/v2/media/ghs/c56e1cdd-c97a-44a1-824a-e76f1fd555d6/5e885923-2912-4e18-98d3-0d927f9f0413_552791622.jpeg?h=225&w=225,
312226740,Executive Black A5 Wtv Diary 2023,https://www.tesco.com/groceries/en-GB/shop/home-and-ents/all?department=Stationery%2C%20Arts%20%26%20Crafts&viewAll=department&page=,£3.50,£3.50/each,,New,/groceries/en-GB/products/312226740,https://digitalcontent.api.tesco.com/v2/media/ghs/919a1a3b-a65e-4b95-b823-19e48b19f6f6/2b719b1c-cc01-4397-9582-cfb84e9d12e3_188471638.jpeg?h=225&w=225,
289964574,Loctite Mini-Trio Gel,https://www.tesco.com/groceries/en-GB/shop/home-and-ents/all?department=Stationery%2C%20Arts%20%26%20Crafts&viewAll=department&page=,£4.00,£1.34/each,,,/groceries/en-GB/products/289964574,https://digitalcontent.api.tesco.com/v2/media/ghs/8de91fc5-d7f2-4083-b13b-8b5924da274f/799375b2-6a2b-4294-84a9-29233ddb999c_1169698975.jpeg?h=225&w=225,
310362727,Epson Starfish 603 Magenta Ink,https://www.tesco.com/groceries/en-GB/shop/home-and-ents/all?department=Stationery%2C%20Arts%20%26%20Crafts&viewAll=department&page=,£11.50,£11.50/each,,,/groceries/en-GB/products/310362727,https://digitalcontent.api.tesco.com/v2/media/ghs/ca2c9f49-a7ac-4ff6-b81a-9612630f4a93/92445983-e1d8-4b60-a4a0-09e6c1d9f543_936957581.jpeg?h=225&w=225,
270311599,Tesco Foolscap Box File Black,https://www.tesco.com/groceries/en-GB/shop/home-and-ents/all?department=Stationery%2C%20Arts%20%26%20Crafts&viewAll=department&page=,£4.00,£4.00/each,,,/groceries/en-GB/products/270311599,https://digitalcontent.api.tesco.com/v2/media/ghs/f6d32dd4-436d-4353-984b-0c8b8cb5bb02/2392d8ac-6d36-4570-bbd7-f964fb1a3e9f_671498092.jpeg?h=225&w=225,
311225662,Staedtler Noris Hb Pastel Pencil 6 Pack,https://www.tesco.com/groceries/en-GB/shop/home-and-ents/all?department=Stationery%2C%20Arts%20%26%20Crafts&viewAll=department&page=,£3.50,£0.58/each,,,/groceries/en-GB/products/311225662,https://digitalcontent.api.tesco.com/v2/media/ghs/8517c3ad-a44c-4ef0-a16f-01166bddb3b7/15dc7576-2902-43a4-961e-558d0f40c1f0_158825388.jpeg?h=225&w=225,
281836416,Whitefurze 5L Box,https://www.tesco.com/groceries/en-GB/shop/home-and-ents/all?department=Stationery%2C%20Arts%20%26%20Crafts&viewAll=department&page=,£3.90,£3.90/each,,,/groceries/en-GB/products/281836416,https://digitalcontent.api.tesco.com/v2/media/ghs/8603ed60-89ed-4f7a-b3de-0f1912c5919d/6f408fbe-9837-4f34-9751-e7bd15a6b0c6_68086704.jpeg?h=225&w=225,
281467789,Go Create Coloured Card 20 Sheets,https://www.tesco.com/groceries/en-GB/shop/home-and-ents/all?department=Stationery%2C%20Arts%20%26%20Crafts&viewAll=department&page=,£3.20,£3.20/each,,,/groceries/en-GB/products/281467789,https://digitalcontent.api.tesco.com/v2/media/ghs/9c38aae6-7822-4c0e-8ddd-95e804c61e68/5e305e1f-8291-49de-a4bd-d6ed2c9d9984_1201661683.jpeg?h=225&w=225,
271018513,Sellotape Double Sided Tape 12Mmx33m,https://www.tesco.com/groceries/en-GB/shop/home-and-ents/all?department=Stationery%2C%20Arts%20%26%20Crafts&viewAll=department&page=,£3.65,£3.65/each,,,/groceries/en-GB/products/271018513,https://digitalcontent.api.tesco.com/v2/media/ghs/dd1ab814-c5fc-4470-a94c-a6116d44a916/7e8c0396-4d3c-403a-8ce9-7c82c3aebd66_1621307607.jpeg?h=225&w=225,
312143492,Tesco A5 High Gloss 2023 Wtv Diary,https://www.tesco.com/groceries/en-GB/shop/home-and-ents/all?department=Stationery%2C%20Arts%20%26%20Crafts&viewAll=department&page=,£2.50,£2.50/each,,New,/groceries/en-GB/products/312143492,https://digitalcontent.api.tesco.com/v2/media/ghs/faec86e3-a4f6-4bdf-9ef0-cf5f06d602a4/19547399-900c-4d2b-bd2f-bdc4c8e739e7_1966814338.jpeg?h=225&w=225,
312143405,Tesco A6 Purple Floral 2023 Wtv Diary,https://www.tesco.com/groceries/en-GB/shop/home-and-ents/all?department=Stationery%2C%20Arts%20%26%20Crafts&viewAll=department&page=,£2.50,£2.50/each,,New,/groceries/en-GB/products/312143405,https://digitalcontent.api.tesco.com/v2/media/ghs/bc4b066a-134a-432b-9991-fc3cde953a27/a2452514-e5a3-4f9a-95f8-bbb7a8b62ea4_1464631000.jpeg?h=225&w=225,
312216435,Casebound Black A6 Wtv Diary 2023,https://www.tesco.com/groceries/en-GB/shop/home-and-ents/all?department=Stationery%2C%20Arts%20%26%20Crafts&viewAll=department&page=,£2.50,£2.50/each,,New,/groceries/en-GB/products/312216435,https://digitalcontent.api.tesco.com/v2/media/ghs/fa4c02b3-57e4-4fd8-9992-68b5db3ed6a8/64af0cd9-0c91-4197-a38c-966ce9f193b6_150260685.jpeg?h=225&w=225,
312143388,Tesco Kraft 2023 A6 Wtv Diary,https://www.tesco.com/groceries/en-GB/shop/home-and-ents/all?department=Stationery%2C%20Arts%20%26%20Crafts&viewAll=department&page=,£2.50,£2.50/each,,New,/groceries/en-GB/products/312143388,https://digitalcontent.api.tesco.com/v2/media/ghs/2e854e98-979a-4425-aba6-8e811fdbaaae/d59bf067-1b97-4afc-81ca-4950b4061333_757256222.jpeg?h=225&w=225,
287380017,Tesco Punch Pocket Document Wallet 5Pk-Replenish,https://www.tesco.com/groceries/en-GB/shop/home-and-ents/all?department=Stationery%2C%20Arts%20%26%20Crafts&viewAll=department&page=,£3.00,£0.60/each,,,/groceries/en-GB/products/287380017,https://digitalcontent.api.tesco.com/v2/media/ghs/3136bde5-0556-45d1-81bc-8ac673ff4a8a/772a546d-124e-4b38-97ca-28f491231de1_727860159.jpeg?h=225&w=225,
259432161,Tesco White C4 Envelopes 25Pk,https://www.tesco.com/groceries/en-GB/shop/home-and-ents/all?department=Stationery%2C%20Arts%20%26%20Crafts&viewAll=department&page=,£2.50,£0.10/each,,,/groceries/en-GB/products/259432161,https://digitalcontent.api.tesco.com/v2/media/ghs/da92b6c9-9f22-4b1f-b9ab-d9a2fdeea2cc/90ba2f8f-aa71-4d30-86c9-fd4421d4140b_885873321.jpeg?h=225&w=225,
291502946,Tesco Glue Stick Multi Pack 2X20g Plus 3X10g,https://www.tesco.com/groceries/en-GB/shop/home-and-ents/all?department=Stationery%2C%20Arts%20%26%20Crafts&viewAll=department&page=,£2.50,£2.50/each,,,/groceries/en-GB/products/291502946,https://digitalcontent.api.tesco.com/v2/media/ghs/39224f74-f65d-46a8-83b7-cfeb25f5b6b9/c109803f-6873-42fa-8e86-71d1fcce2f15_1539049692.jpeg?h=225&w=225,
253895898,Tesco Bubble Lined A4 Envelopes Medium X3,https://www.tesco.com/groceries/en-GB/shop/home-and-ents/all?department=Stationery%2C%20Arts%20%26%20Crafts&viewAll=department&page=,£2.20,£0.73/each,,,/groceries/en-GB/products/253895898,https://digitalcontent.api.tesco.com/v2/media/ghs/b084e0ac-a57b-4d5c-902d-d4ac691de6bc/233dd658-a56a-4b82-8224-bdeea8550040_1232969260.jpeg?h=225&w=225,
259048731,Tesco Parcel Tape 48Mmx66m 3 Pack,https://www.tesco.com/groceries/en-GB/shop/home-and-ents/all?department=Stationery%2C%20Arts%20%26%20Crafts&viewAll=department&page=,£3.30,£1.10/each,,,/groceries/en-GB/products/259048731,https://digitalcontent.api.tesco.com/v2/media/ghs/2c7a5145-0bdc-42af-8145-8c0444b2230d/3fd184b1-6901-47ad-911e-e2820d275a45_506876382.jpeg?h=225&w=225,
312143336,Tesco Dotty 2023 Wtv Slim Diary,https://www.tesco.com/groceries/en-GB/shop/home-and-ents/all?department=Stationery%2C%20Arts%20%26%20Crafts&viewAll=department&page=,£2.00,£2.00/each,,,/groceries/en-GB/products/312143336,https://digitalcontent.api.tesco.com/v2/media/ghs/679e37a4-47bd-4f2e-80da-fae4335eecff/8c760089-feb9-443e-9b35-5d79216a4320_1565464772.jpeg?h=225&w=225,
260880728,Tesco Clear Easy Tear Tape And Dispenser 2 Pack,https://www.tesco.com/groceries/en-GB/shop/home-and-ents/all?department=Stationery%2C%20Arts%20%26%20Crafts&viewAll=department&page=,£1.90,£0.95/each,,,/groceries/en-GB/products/260880728,https://digitalcontent.api.tesco.com/v2/media/ghs/10b37717-4dc0-4a7f-a04d-be20df4d795c/19833b58-ac8d-4503-91eb-023518695d7a_1784532739.jpeg?h=225&w=225,
300392577,Tesco Lever Arch Red And Purple,https://www.tesco.com/groceries/en-GB/shop/home-and-ents/all?department=Stationery%2C%20Arts%20%26%20Crafts&viewAll=department&page=,£2.50,£2.50/each,,,/groceries/en-GB/products/300392577,https://digitalcontent.api.tesco.com/v2/media/ghs/68c673b2-a7b4-482a-b8d2-dc37f756918b/9b6de74e-91a9-44e4-bac1-85da2ada2f7c_1148911164.jpeg?h=225&w=225,
281468241,Tesco Go Create Jumbo Markers 12 Pack,https://www.tesco.com/groceries/en-GB/shop/home-and-ents/all?department=Stationery%2C%20Arts%20%26%20Crafts&viewAll=department&page=,£2.00,£0.17/each,,,/groceries/en-GB/products/281468241,https://digitalcontent.api.tesco.com/v2/media/ghs/ef50be15-4aa4-46dc-ad99-09788d2b0067/80dca518-c978-46df-9e0d-cdfa3452a284_559001950.jpeg?h=225&w=225,
271660333,Tesco A4 Clipboard,https://www.tesco.com/groceries/en-GB/shop/home-and-ents/all?department=Stationery%2C%20Arts%20%26%20Crafts&viewAll=department&page=,£2.00,£2.00/each,,,/groceries/en-GB/products/271660333,https://digitalcontent.api.tesco.com/v2/media/ghs/f70900e0-58c5-4515-907c-734e1f2aa6cd/764982f1-5a24-49a0-af92-6657bbedeb95_765195857.jpeg?h=225&w=225,
303812492,Go Create Canvas H21cm x W15cm x D1.5cm,https://www.tesco.com/groceries/en-GB/shop/home-and-ents/all?department=Stationery%2C%20Arts%20%26%20Crafts&viewAll=department&page=,£1.75,£1.75/each,,,/groceries/en-GB/products/303812492,https://digitalcontent.api.tesco.com/v2/media/ghs/d1316611-5fe3-40b5-a41e-852f830c1f8f/3bcccd7c-5ce2-432b-b5fe-0011d0bc835c_2078914758.jpeg?h=225&w=225,
259853630,Bic 4 Colour Original Pen 1 Pack,https://www.tesco.com/groceries/en-GB/shop/home-and-ents/all?department=Stationery%2C%20Arts%20%26%20Crafts&viewAll=department&page=,£2.00,£2.00/each,,,/groceries/en-GB/products/259853630,https://digitalcontent.api.tesco.com/v2/media/ghs/72f8df9b-cc82-4bd6-af89-93571eb368dd/97beb7b9-ea23-4d27-88cb-3f3c5f42e0e3_739627103.jpeg?h=225&w=225,
312143428,Tesco High Gloss 2023 A6 Wtv Diary,https://www.tesco.com/groceries/en-GB/shop/home-and-ents/all?department=Stationery%2C%20Arts%20%26%20Crafts&viewAll=department&page=,£1.50,£1.50/each,,New,/groceries/en-GB/products/312143428,https://digitalcontent.api.tesco.com/v2/media/ghs/015c8600-e8e3-4230-9917-c9a3c9f9d55c/71bd3c1a-ec4c-40f3-80bd-2b1ca9227f1d_356775393.jpeg?h=225&w=225,
262543273,Crayola Crayons 24 Pack,https://www.tesco.com/groceries/en-GB/shop/home-and-ents/all?department=Stationery%2C%20Arts%20%26%20Crafts&viewAll=department&page=,£2.00,£0.08/each,,,/groceries/en-GB/products/262543273,https://digitalcontent.api.tesco.com/v2/media/ghs/0495b3c7-8259-4316-983d-eb4e54b34d9e/9076a986-43c4-4491-b22d-753a5b2fb59f_818042161.jpeg?h=225&w=225,
288654122,Tesco Lined Sticky Notes 100Mmx100m 100Shts,https://www.tesco.com/groceries/en-GB/shop/home-and-ents/all?department=Stationery%2C%20Arts%20%26%20Crafts&viewAll=department&page=,£1.40,£1.40/each,,,/groceries/en-GB/products/288654122,https://digitalcontent.api.tesco.com/v2/media/ghs/6340bbbe-1237-41a7-93f9-ce1f0f327b34/b2e0e271-dabb-4a64-8e7a-e9abe3eaf549_362547068.jpeg?h=225&w=225,
264412552,Oxford Folding Ruler 30 Cm,https://www.tesco.com/groceries/en-GB/shop/home-and-ents/all?department=Stationery%2C%20Arts%20%26%20Crafts&viewAll=department&page=,£1.50,£1.50/each,,,/groceries/en-GB/products/264412552,https://digitalcontent.api.tesco.com/v2/media/ghs/54c97611-c6ff-4432-9e78-51379a69388f/8a3da2bb-0021-4ec0-a7b3-8f66902ad3dc_1217660379.jpeg?h=225&w=225,
295246603,Tesco A6 Wiro Notebook 160 Pages Assorted,https://www.tesco.com/groceries/en-GB/shop/home-and-ents/all?department=Stationery%2C%20Arts%20%26%20Crafts&viewAll=department&page=,£1.35,£1.35/each,,,/groceries/en-GB/products/295246603,https://digitalcontent.api.tesco.com/v2/media/ghs/15572bac-d236-4c23-a400-e860e719e397/19271f32-3db2-4cb5-b85b-6b83086d131d_465399940.jpeg?h=225&w=225,
290513226,Bostik Blu Tack And Glu Dots Combination Pack,https://www.tesco.com/groceries/en-GB/shop/home-and-ents/all?department=Stationery%2C%20Arts%20%26%20Crafts&viewAll=department&page=,£2.05,£2.05/each,,,/groceries/en-GB/products/290513226,https://digitalcontent.api.tesco.com/v2/media/ghs/c625b6e6-f727-4a79-b6ab-00c96c791f00/6639929f-049e-47a0-be6b-427ff8fb4529_322340491.jpeg?h=225&w=225,
305560388,Tesco Large Record Cards Coloured,https://www.tesco.com/groceries/en-GB/shop/home-and-ents/all?department=Stationery%2C%20Arts%20%26%20Crafts&viewAll=department&page=,£1.50,£1.50/each,,,/groceries/en-GB/products/305560388,https://digitalcontent.api.tesco.com/v2/media/ghs/11f09be1-10fd-4c48-ae79-cee069b54f96/9155436b-a568-4732-973c-6e88d3af0650_190867577.jpeg?h=225&w=225,
298692789,Tesco Drawing Pins,https://www.tesco.com/groceries/en-GB/shop/home-and-ents/all?department=Stationery%2C%20Arts%20%26%20Crafts&viewAll=department&page=,£1.25,£0.00/each,,,/groceries/en-GB/products/298692789,https://digitalcontent.api.tesco.com/v2/media/ghs/c9dd1f06-be49-4ca4-abba-d0b84afe2869/c7f3c916-f903-4e69-bf37-607155f84bbd_1079057169.jpeg?h=225&w=225,
261371581,Tesco Hard Back A4 Envelope,https://www.tesco.com/groceries/en-GB/shop/home-and-ents/all?department=Stationery%2C%20Arts%20%26%20Crafts&viewAll=department&page=,£0.90,£0.90/each,,,/groceries/en-GB/products/261371581,https://digitalcontent.api.tesco.com/v2/media/ghs/96f1ecd4-33cf-4db3-961c-cff5a34a105b/3eda3eb8-4b39-4cb9-a4ba-bd7643078187_1995486597.jpeg?h=225&w=225,
310804192,Tesco Highlighters 4 Pack,https://www.tesco.com/groceries/en-GB/shop/home-and-ents/all?department=Stationery%2C%20Arts%20%26%20Crafts&viewAll=department&page=,£1.00,£0.25/each,,,/groceries/en-GB/products/310804192,https://digitalcontent.api.tesco.com/v2/media/ghs/44e6dce1-de1b-4c7d-8fa9-cf92e8e7b47b/d027b694-1682-4719-ab03-6f2939ec5a6e_979044264.jpeg?h=225&w=225,
260881376,Tesco Sticky Index Markers 100 Sheet 5 Pack,https://www.tesco.com/groceries/en-GB/shop/home-and-ents/all?department=Stationery%2C%20Arts%20%26%20Crafts&viewAll=department&page=,£0.80,£0.16/each,,,/groceries/en-GB/products/260881376,https://digitalcontent.api.tesco.com/v2/media/ghs/8e2d61b2-3b7b-4c8f-94d5-c0442d8205c5/c5b2fdc2-8d55-4d5e-a4c8-8ddf8fd813fe_1426304107.jpeg?h=225&w=225,
255646300,Tesco Retractable Gel Pens Black 3 Pack,https://www.tesco.com/groceries/en-GB/shop/home-and-ents/all?department=Stationery%2C%20Arts%20%26%20Crafts&viewAll=department&page=,£1.00,£0.33/each,,,/groceries/en-GB/products/255646300,https://digitalcontent.api.tesco.com/v2/media/ghs/300a7740-80de-4068-94e8-79f53f0542c0/650322bc-f782-4cbe-895c-2a47134406cc_1634966435.jpeg?h=225&w=225,
283946415,Tesco Tablet Eraser Assortment,https://www.tesco.com/groceries/en-GB/shop/home-and-ents/all?department=Stationery%2C%20Arts%20%26%20Crafts&viewAll=department&page=,£0.50,£0.50/each,,,/groceries/en-GB/products/283946415,https://digitalcontent.api.tesco.com/v2/media/ghs/701170f6-bc25-4a34-ab8e-3d684ad28f2d/befdc593-1422-40e3-ade9-a57710c87e19_1427139894.jpeg?h=225&w=225,
312143837,Tesco Alchemy Weekly Task Planner,https://www.tesco.com/groceries/en-GB/shop/home-and-ents/all?department=Stationery%2C%20Arts%20%26%20Crafts&viewAll=department&page=,£3.50,£3.50/each,,New,/groceries/en-GB/products/312143837,https://digitalcontent.api.tesco.com/v2/media/ghs/d4eb6af2-13f2-4c10-9de7-8635c3fbd7ef/b777c1a9-4422-4836-9d10-47e036ef2267_1628043532.jpeg?h=225&w=225,
312143843,Tesco Alchemy Magazine File,https://www.tesco.com/groceries/en-GB/shop/home-and-ents/all?department=Stationery%2C%20Arts%20%26%20Crafts&viewAll=department&page=,£4.00,£4.00/each,,New,/groceries/en-GB/products/312143843,https://digitalcontent.api.tesco.com/v2/media/ghs/f91edf79-addb-4ead-a625-29b8362f6598/6e96db87-8edb-4bf4-a282-b35980ed0349_1177584830.jpeg?h=225&w=225,
312143774,Fox & Ivy To Do List,https://www.tesco.com/groceries/en-GB/shop/home-and-ents/all?department=Stationery%2C%20Arts%20%26%20Crafts&viewAll=department&page=,£3.25,£3.25/each,Reduced to Clear Was £4.00 Now £3.25,,/groceries/en-GB/products/312143774,https://digitalcontent.api.tesco.com/v2/media/ghs/f0dca973-4218-4431-9a39-1150629eb593/359393fa-bf4b-4855-a2cc-83645e225561_1052972330.jpeg?h=225&w=225,
270094503,Hp 301 Xl Tri Color Printer Ink Cartridge,https://www.tesco.com/groceries/en-GB/shop/home-and-ents/all?department=Stationery%2C%20Arts%20%26%20Crafts&viewAll=department&page=,£46.00,£46.00/each,,,/groceries/en-GB/products/270094503,https://digitalcontent.api.tesco.com/v2/media/ghs/28f0f950-b44c-4f99-9d35-67d4b2e6a1bf/ebf3598d-8713-4ce5-96b9-d32131c40744_1738135389.jpeg?h=225&w=225,
310279386,Tesco Canon 560/561Xl Combo Ink,https://www.tesco.com/groceries/en-GB/shop/home-and-ents/all?department=Stationery%2C%20Arts%20%26%20Crafts&viewAll=department&page=,£33.00,£33.00/each,£26.00 Clubcard Price,,/groceries/en-GB/products/310279386,https://digitalcontent.api.tesco.com/v2/media/ghs/597d4891-3ef3-4430-a381-2c1e09fa8212/d664900b-a5ec-4eb5-8731-efa9d231c8fb_468197783.jpeg?h=225&w=225,
312143526,Tesco Tiger 2023 A5 Dap Diary,https://www.tesco.com/groceries/en-GB/shop/home-and-ents/all?department=Stationery%2C%20Arts%20%26%20Crafts&viewAll=department&page=,£5.00,£5.00/each,,New,/groceries/en-GB/products/312143526,https://digitalcontent.api.tesco.com/v2/media/ghs/4e65995c-ec70-4729-a8f2-92b2edf5d0f3/481a8099-92bb-42dd-8fd6-be3b290ace2d_1609778095.jpeg?h=225&w=225,
283946381,Tesco Frameless Corkboard 40X40cm,https://www.tesco.com/groceries/en-GB/shop/home-and-ents/all?department=Stationery%2C%20Arts%20%26%20Crafts&viewAll=department&page=,£5.50,£5.50/each,,,/groceries/en-GB/products/283946381,https://digitalcontent.api.tesco.com/v2/media/ghs/7ef73d79-018e-4dbe-b194-a601f2b58f13/a02baaa7-8a2c-4996-9ee4-8ee1358af1db_1228488994.jpeg?h=225&w=225,
312214374,Casebound A4 Wtv Diary 2023,https://www.tesco.com/groceries/en-GB/shop/home-and-ents/all?department=Stationery%2C%20Arts%20%26%20Crafts&viewAll=department&page=,£4.00,£4.00/each,,New,/groceries/en-GB/products/312214374,https://digitalcontent.api.tesco.com/v2/media/ghs/746b7d94-e750-4cd2-8248-84f3142cb7f3/d8787eb0-43c9-433c-8ca8-6585d359a493_1678815403.jpeg?h=225&w=225,
312143503,Tesco Squiggles 2023 A5 Wtv Diary,https://www.tesco.com/groceries/en-GB/shop/home-and-ents/all?department=Stationery%2C%20Arts%20%26%20Crafts&viewAll=department&page=,£4.00,£4.00/each,,New,/groceries/en-GB/products/312143503,https://digitalcontent.api.tesco.com/v2/media/ghs/fd72aaf2-2646-4eb8-a9f4-135d8c7b72cc/3483d929-68d7-4123-b4a5-06b1e478221a_190003413.jpeg?h=225&w=225,
312143457,Tesco Wild Floral 2023 A5 Wtv Diary,https://www.tesco.com/groceries/en-GB/shop/home-and-ents/all?department=Stationery%2C%20Arts%20%26%20Crafts&viewAll=department&page=,£4.00,£4.00/each,,New,/groceries/en-GB/products/312143457,https://digitalcontent.api.tesco.com/v2/media/ghs/4a7dcc90-e281-42bd-8e31-66b9add2e97a/84fa279b-7dee-4f0e-b9e2-623e0991e227_2053237380.jpeg?h=225&w=225,
312143434,Tesco Dogs 2023 A5 Wtv Diary,https://www.tesco.com/groceries/en-GB/shop/home-and-ents/all?department=Stationery%2C%20Arts%20%26%20Crafts&viewAll=department&page=,£4.00,£4.00/each,,New,/groceries/en-GB/products/312143434,https://digitalcontent.api.tesco.com/v2/media/ghs/087a7975-7c21-412e-991e-ad07b87430b4/c4769ae5-ce1d-44ed-b69e-73ace3f49708_1992514992.jpeg?h=225&w=225,
312086000,Casebound A5 Dap Diary 2023,https://www.tesco.com/groceries/en-GB/shop/home-and-ents/all?department=Stationery%2C%20Arts%20%26%20Crafts&viewAll=department&page=,£4.00,£4.00/each,,New,/groceries/en-GB/products/312086000,https://digitalcontent.api.tesco.com/v2/media/ghs/9f25039c-885e-4a91-b075-4d69efce4b7f/674180b0-185c-42d1-8578-f2748298ffc7_1088211011.jpeg?h=225&w=225,
285642691,Tesco Bubble Wrap Roll Medium,https://www.tesco.com/groceries/en-GB/shop/home-and-ents/all?department=Stationery%2C%20Arts%20%26%20Crafts&viewAll=department&page=,£3.85,£3.85/each,,,/groceries/en-GB/products/285642691,https://digitalcontent.api.tesco.com/v2/media/ghs/d834a9a7-9845-4ed5-b51d-2a0d58a8d09d/98379792-32c1-41ce-836c-a26102f4c3bb_1044274410.jpeg?h=225&w=225,
302619037,Tesco Glitter Retract. Ball Pen - Rg&Gm 2 Pack,https://www.tesco.com/groceries/en-GB/shop/home-and-ents/all?department=Stationery%2C%20Arts%20%26%20Crafts&viewAll=department&page=,£4.00,£2.00/each,,,/groceries/en-GB/products/302619037,https://digitalcontent.api.tesco.com/v2/media/ghs/405396b8-baa8-43e7-a0ec-001e9643b71e/84f59c6a-1c92-4684-92df-1541661cbef2_368209538.jpeg?h=225&w=225,
271660425,Tesco A4 Project Book 250 Pages,https://www.tesco.com/groceries/en-GB/shop/home-and-ents/all?department=Stationery%2C%20Arts%20%26%20Crafts&viewAll=department&page=,£3.85,£3.85/each,,,/groceries/en-GB/products/271660425,https://digitalcontent.api.tesco.com/v2/media/ghs/1b72262c-d8fb-418c-8174-a5ec4a80eb6c/1b76c421-ae54-46dc-b42c-caa2f4d05429_243257291.jpeg?h=225&w=225,
277306981,Sellotape On Hand Dispenser,https://www.tesco.com/groceries/en-GB/shop/home-and-ents/all?department=Stationery%2C%20Arts%20%26%20Crafts&viewAll=department&page=,£3.25,£3.25/each,,,/groceries/en-GB/products/277306981,https://digitalcontent.api.tesco.com/v2/media/ghs/46a8c05f-5c8e-443d-8881-238f953674df/abcdd08a-085c-4474-b2ad-24ea339fbb77_1674926379.jpeg?h=225&w=225,
287881191,Pukka Lever Arch,https://www.tesco.com/groceries/en-GB/shop/home-and-ents/all?department=Stationery%2C%20Arts%20%26%20Crafts&viewAll=department&page=,£3.20,£3.20/each,,,/groceries/en-GB/products/287881191,https://digitalcontent.api.tesco.com/v2/media/ghs/485051be-67a6-49ab-ab76-a1200e7d2604/10187d66-5ee6-4280-b42c-75219162ec41_520885565.jpeg?h=225&w=225,
310759671,Nuco Cloud B5 Notebook,https://www.tesco.com/groceries/en-GB/shop/home-and-ents/all?department=Stationery%2C%20Arts%20%26%20Crafts&viewAll=department&page=,£3.30,£3.30/each,,,/groceries/en-GB/products/310759671,https://digitalcontent.api.tesco.com/v2/media/ghs/f3824d6a-02ad-416f-9f48-c68686f57dcc/8ee7d32a-927f-40d1-8661-9d6de166fd6b_2115512242.jpeg?h=225&w=225,
287881202,Pukka Ring Binder,https://www.tesco.com/groceries/en-GB/shop/home-and-ents/all?department=Stationery%2C%20Arts%20%26%20Crafts&viewAll=department&page=,£2.60,£2.60/each,,,/groceries/en-GB/products/287881202,https://digitalcontent.api.tesco.com/v2/media/ghs/02b15250-b525-494a-8cd9-10f09d45f272/d772f0c9-ea63-495c-943b-356ea546f067_476277283.jpeg?h=225&w=225,
265353308,Crayola Supertips 24 Pack,https://www.tesco.com/groceries/en-GB/shop/home-and-ents/all?department=Stationery%2C%20Arts%20%26%20Crafts&viewAll=department&page=,£5.00,£0.21/each,,,/groceries/en-GB/products/265353308,https://digitalcontent.api.tesco.com/v2/media/ghs/5c60a806-1ba8-4bef-822d-ad2b02ae332e/210aef1e-dc82-4d5b-ae4e-f94cd46c6969_187213946.jpeg?h=225&w=225,
296168106,Pukka Duplicate Book,https://www.tesco.com/groceries/en-GB/shop/home-and-ents/all?department=Stationery%2C%20Arts%20%26%20Crafts&viewAll=department&page=,£3.10,£3.10/each,,,/groceries/en-GB/products/296168106,https://digitalcontent.api.tesco.com/v2/media/ghs/553e5954-aa62-46e7-b4df-4675d9a1c790/d360eaf8-60c9-4970-82c5-8c40b507cef3_1226751948.jpeg?h=225&w=225,
287380651,Tesco A4 Narrow Lined Refill Pad 300 Pages,https://www.tesco.com/groceries/en-GB/shop/home-and-ents/all?department=Stationery%2C%20Arts%20%26%20Crafts&viewAll=department&page=,£2.75,£2.75/each,,,/groceries/en-GB/products/287380651,https://digitalcontent.api.tesco.com/v2/media/ghs/153c92bc-0fc1-45fb-9fe5-cb5bba92e334/87faab12-3090-464d-815a-5c358f23ac4f_1351778636.jpeg?h=225&w=225,
309115173,Loctite Control Gel 4G,https://www.tesco.com/groceries/en-GB/shop/home-and-ents/all?department=Stationery%2C%20Arts%20%26%20Crafts&viewAll=department&page=,£4.00,"£1,000.00/kg",£3.50 Clubcard Price,,/groceries/en-GB/products/309115173,https://digitalcontent.api.tesco.com/v2/media/ghs/454853a2-1cec-4c18-8d31-fe8481b05feb/38d5dd08-8b86-47c3-995c-f74070f23236_1813005808.jpeg?h=225&w=225,
306964341,Navigator Colour Documents 120Gsm 250 Sheets,https://www.tesco.com/groceries/en-GB/shop/home-and-ents/all?department=Stationery%2C%20Arts%20%26%20Crafts&viewAll=department&page=,£5.00,£5.00/each,,,/groceries/en-GB/products/306964341,https://digitalcontent.api.tesco.com/v2/media/ghs/8be3fe55-faf1-48d2-95ee-04af00f43761/e15d87b0-c01f-4058-a13f-3f9252143965_1632194529.jpeg?h=225&w=225,
271660402,Tesco A5 Project Book 250 Pages,https://www.tesco.com/groceries/en-GB/shop/home-and-ents/all?department=Stationery%2C%20Arts%20%26%20Crafts&viewAll=department&page=,£2.50,£2.50/each,,,/groceries/en-GB/products/271660402,https://digitalcontent.api.tesco.com/v2/media/ghs/a477f57e-7a86-4793-b0a4-a3ebb0a43794/86954b05-982b-42fd-b85b-3441499b2221_2034183644.jpeg?h=225&w=225,
265832485,Command Medium Hooks 2 Pack,https://www.tesco.com/groceries/en-GB/shop/home-and-ents/all?department=Stationery%2C%20Arts%20%26%20Crafts&viewAll=department&page=,£3.70,£1.85/each,,,/groceries/en-GB/products/265832485,https://digitalcontent.api.tesco.com/v2/media/ghs/f42f6eb9-d7ea-48ee-9807-2f067152e455/99b229da-8d76-4301-801c-257451a01d87_375121317.jpeg?h=225&w=225,
298572079,Tesco Erasable Gel Pens Black 3 Pack,https://www.tesco.com/groceries/en-GB/shop/home-and-ents/all?department=Stationery%2C%20Arts%20%26%20Crafts&viewAll=department&page=,£2.50,£0.83/each,,,/groceries/en-GB/products/298572079,https://digitalcontent.api.tesco.com/v2/media/ghs/0ac9623d-204b-43c8-ac08-50800a151064/dc576f05-57d6-4ce8-beff-78e5190057b3_568979225.jpeg?h=225&w=225,
296427100,Zebra Z-Grip Smooth Ballpoint Pen 5 Pack Black,https://www.tesco.com/groceries/en-GB/shop/home-and-ents/all?department=Stationery%2C%20Arts%20%26%20Crafts&viewAll=department&page=,£3.00,£0.60/each,,,/groceries/en-GB/products/296427100,https://digitalcontent.api.tesco.com/v2/media/ghs/2d238f02-7f24-427a-8186-7b035e2f62f6/afd49a3a-4601-4e8b-b0e4-062e9e63f127_2137596178.jpeg?h=225&w=225,
281507835,Go Create Jumbo Chalk Bucket 15Pk,https://www.tesco.com/groceries/en-GB/shop/home-and-ents/all?department=Stationery%2C%20Arts%20%26%20Crafts&viewAll=department&page=,£2.50,£0.17/each,,,/groceries/en-GB/products/281507835,https://digitalcontent.api.tesco.com/v2/media/ghs/e9ee0157-f157-4105-bdde-d9b1a788894c/35aad0fc-236d-4865-9965-01c56e2ca589_1331421960.jpeg?h=225&w=225,
253876368,Tesco Small Padded Envelope 3 Pack,https://www.tesco.com/groceries/en-GB/shop/home-and-ents/all?department=Stationery%2C%20Arts%20%26%20Crafts&viewAll=department&page=,£1.65,£0.55/each,,,/groceries/en-GB/products/253876368,https://digitalcontent.api.tesco.com/v2/media/ghs/1bfb3fc3-eb7a-43c1-8430-9b6175744896/aae043e1-4c47-467d-8cd8-064ed346368a_284640190.jpeg?h=225&w=225,
285222892,Tesco Soft Handled Scissors 12Cm,https://www.tesco.com/groceries/en-GB/shop/home-and-ents/all?department=Stationery%2C%20Arts%20%26%20Crafts&viewAll=department&page=,£1.65,£1.65/each,,,/groceries/en-GB/products/285222892,https://digitalcontent.api.tesco.com/v2/media/ghs/464ab883-b77b-44ee-bd19-7fb12c12c08a/c64189f0-057c-43a2-bb4d-acdb1f6163e7_1853694216.jpeg?h=225&w=225,
292473943,Command Office Poster Strips,https://www.tesco.com/groceries/en-GB/shop/home-and-ents/all?department=Stationery%2C%20Arts%20%26%20Crafts&viewAll=department&page=,£2.70,£2.70/each,,,/groceries/en-GB/products/292473943,https://digitalcontent.api.tesco.com/v2/media/ghs/7110bd67-e84f-4331-83bc-86c83f5cecb2/795da6d2-4154-4790-9ffa-23f4348314b5_444397893.jpeg?h=225&w=225,
310901367,Tesco Home Office Bamboo Pen Pot,https://www.tesco.com/groceries/en-GB/shop/home-and-ents/all?department=Stationery%2C%20Arts%20%26%20Crafts&viewAll=department&page=,£3.00,£3.00/each,,,/groceries/en-GB/products/310901367,https://digitalcontent.api.tesco.com/v2/media/ghs/43cdffe7-08e5-45bd-b572-b7bacc4f72f5/7dee6192-69d6-467b-9dfd-fced78d22233_1654545600.jpeg?h=225&w=225,
309651211,Kids Create Craft Sticks,https://www.tesco.com/groceries/en-GB/shop/home-and-ents/all?department=Stationery%2C%20Arts%20%26%20Crafts&viewAll=department&page=,£1.50,£1.50/each,,,/groceries/en-GB/products/309651211,https://digitalcontent.api.tesco.com/v2/media/ghs/b25c3baa-ab6f-4329-8271-93a470f9bb1c/17ae3e2e-2027-4e02-b915-80fbb8d380aa_1249157997.jpeg?h=225&w=225,
282483422,Helix Oxford Eraser 2 Pack,https://www.tesco.com/groceries/en-GB/shop/home-and-ents/all?department=Stationery%2C%20Arts%20%26%20Crafts&viewAll=department&page=,£1.80,£0.90/each,,,/groceries/en-GB/products/282483422,https://digitalcontent.api.tesco.com/v2/media/ghs/45ce2143-b638-4aad-8d9e-76795608eae4/4899b28f-74d9-41c2-9fae-cb8628f1cf96_351979750.jpeg?h=225&w=225,
250743740,Bic Cristal Pens Black 4 Pack,https://www.tesco.com/groceries/en-GB/shop/home-and-ents/all?department=Stationery%2C%20Arts%20%26%20Crafts&viewAll=department&page=,£1.75,£0.44/each,,,/groceries/en-GB/products/250743740,https://digitalcontent.api.tesco.com/v2/media/ghs/d87f8b41-51d4-45d2-bba2-f37dfab19009/b79eb9ba-d2a1-46e0-aab5-bd6c283965ec_218992870.jpeg?h=225&w=225,
312267996,Go Create Princess Paper Stickers,https://www.tesco.com/groceries/en-GB/shop/home-and-ents/all?department=Stationery%2C%20Arts%20%26%20Crafts&viewAll=department&page=,£1.50,£1.50/each,,,/groceries/en-GB/products/312267996,https://digitalcontent.api.tesco.com/v2/media/ghs/c7ce744c-b813-423e-afae-339244f3c6f2/81527811-98d3-4b33-aa2e-965123af2fa1_1644600003.jpeg?h=225&w=225,
308622991,Kids Create Pack Of 4 Glue Spreaders,https://www.tesco.com/groceries/en-GB/shop/home-and-ents/all?department=Stationery%2C%20Arts%20%26%20Crafts&viewAll=department&page=,£1.00,£0.25/each,,,/groceries/en-GB/products/308622991,https://digitalcontent.api.tesco.com/v2/media/ghs/540a09fe-2e47-43ef-b8aa-7595e4b13dcf/df15a3e1-91bc-4bdb-8aa0-253fafbd74bf_2011719761.jpeg?h=225&w=225,
298692795,Tesco Paper Clips,https://www.tesco.com/groceries/en-GB/shop/home-and-ents/all?department=Stationery%2C%20Arts%20%26%20Crafts&viewAll=department&page=,£1.00,£1.00/each,,,/groceries/en-GB/products/298692795,https://digitalcontent.api.tesco.com/v2/media/ghs/fd597094-7908-4ebe-ad20-ac98be5cf2d5/77281849-456b-4b7c-8094-9cef5ce84e47_1252773836.jpeg?h=225&w=225,
280554797,Tesco Rainbow Ballpoint Pens 10 Pack,https://www.tesco.com/groceries/en-GB/shop/home-and-ents/all?department=Stationery%2C%20Arts%20%26%20Crafts&viewAll=department&page=,£1.25,£0.12/each,,,/groceries/en-GB/products/280554797,https://digitalcontent.api.tesco.com/v2/media/ghs/c76b7d41-4e03-4327-8fc2-b354ea5e2ac9/5c0eabcb-a0ae-4ac5-baec-656f418ec295_440354496.jpeg?h=225&w=225,
312584194,Igloo Kindness Pennant Colouring Book,https://www.tesco.com/groceries/en-GB/shop/home-and-ents/all?department=Stationery%2C%20Arts%20%26%20Crafts&viewAll=department&page=,£2.50,£2.50/each,,New,/groceries/en-GB/products/312584194,https://digitalcontent.api.tesco.com/v2/media/ghs/0113f388-a02e-40e2-ad4b-ae53446dc8c2/ac115945-e9b4-45a8-ace0-ebc401862952_183204207.jpeg?h=225&w=225,
299576782,Licence Stickers,https://www.tesco.com/groceries/en-GB/shop/home-and-ents/all?department=Stationery%2C%20Arts%20%26%20Crafts&viewAll=department&page=,£1.00,£1.00/each,,,/groceries/en-GB/products/299576782,https://digitalcontent.api.tesco.com/v2/media/ghs/f9647a4d-f628-4bb2-be4a-8f8136a12efe/98e89873-7eda-46f0-ad37-8ae6e7acc01d_1149762685.jpeg?h=225&w=225,
312579051,Mega Colouring Pirates/Mermaids,https://www.tesco.com/groceries/en-GB/shop/home-and-ents/all?department=Stationery%2C%20Arts%20%26%20Crafts&viewAll=department&page=,£2.00,£2.00/each,,New,/groceries/en-GB/products/312579051,https://digitalcontent.api.tesco.com/v2/media/ghs/a1530cdb-37f3-4efc-93b2-1680dcd1c7f2/4b00d839-610a-48dd-b6f2-5a71fbd30f14_1520902189.jpeg?h=225&w=225,
294037046,My Fs Colouring Book History Activity Kc Ag,https://www.tesco.com/groceries/en-GB/shop/home-and-ents/all?department=Stationery%2C%20Arts%20%26%20Crafts&viewAll=department&page=,£1.00,£1.00/each,,,/groceries/en-GB/products/294037046,https://digitalcontent.api.tesco.com/v2/media/ghs/be424f01-12ee-4272-89cf-3248f63d1234/11412c98-6a93-44eb-bc89-f86324fa54ef_1848500955.jpeg?h=225&w=225,
312092401,Calm Totem Desk Planner,https://www.tesco.com/groceries/en-GB/shop/home-and-ents/all?department=Stationery%2C%20Arts%20%26%20Crafts&viewAll=department&page=,£4.00,£4.00/each,,New,/groceries/en-GB/products/312092401,https://digitalcontent.api.tesco.com/v2/media/ghs/738d6990-e417-4784-844f-e251dabfbd76/a3ec3925-8767-4263-b787-12fb12f6ed99_1023705398.jpeg?h=225&w=225,
312143722,Tesco Alchemy A5 Get Organised Journal,https://www.tesco.com/groceries/en-GB/shop/home-and-ents/all?department=Stationery%2C%20Arts%20%26%20Crafts&viewAll=department&page=,£4.00,£4.00/each,,New,/groceries/en-GB/products/312143722,https://digitalcontent.api.tesco.com/v2/media/ghs/b7f02d00-c3a8-4735-8a16-1a8ab298e2ad/241c8725-d9ca-42a9-afe8-1609b7336c86_52838289.jpeg?h=225&w=225,
312143820,Tesco Alchemy Pencil Case,https://www.tesco.com/groceries/en-GB/shop/home-and-ents/all?department=Stationery%2C%20Arts%20%26%20Crafts&viewAll=department&page=,£4.00,£4.00/each,,,/groceries/en-GB/products/312143820,https://digitalcontent.api.tesco.com/v2/media/ghs/eaae8102-15aa-4979-9695-c606e083d93e/9e81e3cf-d78b-439b-b955-2e3ad9168cef_2092466953.jpeg?h=225&w=225,
312143745,Tesco Alchemy A4 Be Wild & Free Wiro Notebook,https://www.tesco.com/groceries/en-GB/shop/home-and-ents/all?department=Stationery%2C%20Arts%20%26%20Crafts&viewAll=department&page=,£4.00,£4.00/each,,,/groceries/en-GB/products/312143745,https://digitalcontent.api.tesco.com/v2/media/ghs/958b2260-f68d-4581-96af-c75f720c7f4d/5ce8f506-f23f-4b88-bd4e-7af715e22647_1377587999.jpeg?h=225&w=225,
312143739,Tesco Alchemy All My Notes Padfolio,https://www.tesco.com/groceries/en-GB/shop/home-and-ents/all?department=Stationery%2C%20Arts%20%26%20Crafts&viewAll=department&page=,£4.00,£4.00/each,Reduced to Clear Was £4.50 Now £4.00,,/groceries/en-GB/products/312143739,https://digitalcontent.api.tesco.com/v2/media/ghs/e4d1c176-759d-45aa-b929-c9f11068fe10/1465b16f-8087-4e19-b7b5-a5e9114ae9fa_701606849.jpeg?h=225&w=225,
296234881,Canon Cl-546 Xl Colours Printer Ink,https://www.tesco.com/groceries/en-GB/shop/home-and-ents/all?department=Stationery%2C%20Arts%20%26%20Crafts&viewAll=department&page=,£27.00,£27.00/each,,,/groceries/en-GB/products/296234881,https://digitalcontent.api.tesco.com/v2/media/ghs/8ca9db72-f691-410a-b7ae-886e17634f03/a7bf687e-511b-42ab-aff3-84c5de2cb51a_1306100586.jpeg?h=225&w=225,
297443107,Paw Patrol Medium Scribbler & Sticker Set,https://www.tesco.com/groceries/en-GB/shop/home-and-ents/all?department=Stationery%2C%20Arts%20%26%20Crafts&viewAll=department&page=,£10.00,£10.00/each,,,/groceries/en-GB/products/297443107,https://digitalcontent.api.tesco.com/v2/media/ghs/95ab8930-2494-4b73-8994-b4a23cefad48/f3e29e95-1a80-46fb-9ca6-81142a63f939_613868039.jpeg?h=225&w=225,
260117919,Staedtler Triplus Colour Fibre Tips 10 Pack,https://www.tesco.com/groceries/en-GB/shop/home-and-ents/all?department=Stationery%2C%20Arts%20%26%20Crafts&viewAll=department&page=,£8.00,£0.80/each,,,/groceries/en-GB/products/260117919,https://digitalcontent.api.tesco.com/v2/media/ghs/710841d6-c4d7-4298-91fd-577cf8e7eeb6/24c96afa-2743-4af9-9ae5-33c689d2cae8_362720737.jpeg?h=225&w=225,
311261203,Staedtler Design Journey Lettering Penx12,https://www.tesco.com/groceries/en-GB/shop/home-and-ents/all?department=Stationery%2C%20Arts%20%26%20Crafts&viewAll=department&page=,£8.00,£0.67/each,,,/groceries/en-GB/products/311261203,https://digitalcontent.api.tesco.com/v2/media/ghs/db20291e-dac9-4a03-8b37-53cfc411689c/ab7c63f9-fd53-4d49-bdb4-9cecc6691688_1642518254.jpeg?h=225&w=225,
264412517,"Paper Mate Flexgrip Ultra Ballpoint Pens, Black, 5 Count",https://www.tesco.com/groceries/en-GB/shop/home-and-ents/all?department=Stationery%2C%20Arts%20%26%20Crafts&viewAll=department&page=,£6.50,£1.30/each,,,/groceries/en-GB/products/264412517,https://digitalcontent.api.tesco.com/v2/media/ghs/ef944eb6-900c-4b52-ac27-17b95d4b5e02/6846e4a0-e8c7-4c8a-b56a-f1dd71d470be_2075740682.jpeg?h=225&w=225,
303648761,Uniball 185 Eye Needle Fine Black 5 Pack,https://www.tesco.com/groceries/en-GB/shop/home-and-ents/all?department=Stationery%2C%20Arts%20%26%20Crafts&viewAll=department&page=,£8.00,£1.60/each,,,/groceries/en-GB/products/303648761,https://digitalcontent.api.tesco.com/v2/media/ghs/b0160fbd-cbb7-4bd9-9f23-f626c3ddbedd/716fe215-5b2f-493a-a712-25cc1bf600df_1750872483.jpeg?h=225&w=225,
275838302,White Furze 10L Box,https://www.tesco.com/groceries/en-GB/shop/home-and-ents/all?department=Stationery%2C%20Arts%20%26%20Crafts&viewAll=department&page=,£5.50,£5.50/each,,,/groceries/en-GB/products/275838302,https://digitalcontent.api.tesco.com/v2/media/ghs/2a907d16-e41f-4f7d-9535-e9eff1d15aa9/a2069303-59dc-42f3-b7db-b277aaed5eed_1191398511.jpeg?h=225&w=225,
292508443,Tipp-Ex Correction Fluid 3 Pack,https://www.tesco.com/groceries/en-GB/shop/home-and-ents/all?department=Stationery%2C%20Arts%20%26%20Crafts&viewAll=department&page=,£4.00,£1.34/each,,,/groceries/en-GB/products/292508443,https://digitalcontent.api.tesco.com/v2/media/ghs/878c4a23-1707-4260-8b15-e5228be03033/adfc5027-e996-4a3f-b827-60af8edb93e7_1464367308.jpeg?h=225&w=225,
263036077,Loctite Liquid 10G,https://www.tesco.com/groceries/en-GB/shop/home-and-ents/all?department=Stationery%2C%20Arts%20%26%20Crafts&viewAll=department&page=,£6.00,£6.00/each,£5.00 Clubcard Price,,/groceries/en-GB/products/263036077,https://digitalcontent.api.tesco.com/v2/media/ghs/34fdf3d5-7d00-41f0-ba17-0462d401a537/4c727a3e-4331-4547-a490-82679b542d8c_93903582.jpeg?h=225&w=225,
308289584,Pukka Pastel Box File,https://www.tesco.com/groceries/en-GB/shop/home-and-ents/all?department=Stationery%2C%20Arts%20%26%20Crafts&viewAll=department&page=,£4.00,£4.00/each,,,/groceries/en-GB/products/308289584,https://digitalcontent.api.tesco.com/v2/media/ghs/62faee19-1a21-4b5d-b5ff-2b9261a215a3/550c882b-542a-4c3d-855b-99cc727c4ee7_1721478151.jpeg?h=225&w=225,
291502930,Tesco Cleareasytear Tape Dispenser And 4 Refills,https://www.tesco.com/groceries/en-GB/shop/home-and-ents/all?department=Stationery%2C%20Arts%20%26%20Crafts&viewAll=department&page=,£3.60,£3.60/each,,,/groceries/en-GB/products/291502930,https://digitalcontent.api.tesco.com/v2/media/ghs/30229c44-f6a4-4925-8125-2acec89fca6e/347a3823-fd5c-4c6b-a9ee-ee25aaeb4049_86735539.jpeg?h=225&w=225,
281468287,Tesco Go Create Fibre Tips 50 Pack,https://www.tesco.com/groceries/en-GB/shop/home-and-ents/all?department=Stationery%2C%20Arts%20%26%20Crafts&viewAll=department&page=,£4.00,£0.08/each,,,/groceries/en-GB/products/281468287,https://digitalcontent.api.tesco.com/v2/media/ghs/badd71c5-bfab-4afe-a223-5728643250d8/7b310a90-a0d2-4358-8d6e-e317318e2d4a_251270678.jpeg?h=225&w=225,
262703418,Tesco A4 File Dividers A-Z,https://www.tesco.com/groceries/en-GB/shop/home-and-ents/all?department=Stationery%2C%20Arts%20%26%20Crafts&viewAll=department&page=,£3.30,£3.30/each,,,/groceries/en-GB/products/262703418,https://digitalcontent.api.tesco.com/v2/media/ghs/1ece108e-33b8-4902-9841-6bc23390f5ce/13bd4f8b-ed30-457f-9240-f033b9859778_446803622.jpeg?h=225&w=225,
288716536,Pukka A4 Jotta 80 Sheets,https://www.tesco.com/groceries/en-GB/shop/home-and-ents/all?department=Stationery%2C%20Arts%20%26%20Crafts&viewAll=department&page=,£3.70,£3.70/each,,,/groceries/en-GB/products/288716536,https://digitalcontent.api.tesco.com/v2/media/ghs/6a650802-872c-4b47-8218-309eac065293/1299c404-65bf-4fd3-b52c-8c6b62e6654b_1205986133.jpeg?h=225&w=225,
271660304,Tesco 40 Pocket Display Book Assorted,https://www.tesco.com/groceries/en-GB/shop/home-and-ents/all?department=Stationery%2C%20Arts%20%26%20Crafts&viewAll=department&page=,£3.00,£3.00/each,,,/groceries/en-GB/products/271660304,https://digitalcontent.api.tesco.com/v2/media/ghs/1e3305b2-b55c-4d82-b0d8-26acc35ce992/11e09057-c794-46e6-a2f9-c2bfd1e7754c_1376192671.jpeg?h=225&w=225,
308410942,Pukka Iridescent A5 Notebook,https://www.tesco.com/groceries/en-GB/shop/home-and-ents/all?department=Stationery%2C%20Arts%20%26%20Crafts&viewAll=department&page=,£3.85,£3.85/each,,,/groceries/en-GB/products/308410942,https://digitalcontent.api.tesco.com/v2/media/ghs/207c25d6-1741-4b01-a87c-b2fb045f657f/ca2402d4-cd3b-4d50-a833-c868082dc27c_1171828086.jpeg?h=225&w=225,
300392583,Tesco Box File Red And Purple,https://www.tesco.com/groceries/en-GB/shop/home-and-ents/all?department=Stationery%2C%20Arts%20%26%20Crafts&viewAll=department&page=,£4.00,£4.00/each,,,/groceries/en-GB/products/300392583,https://digitalcontent.api.tesco.com/v2/media/ghs/6212e9db-98d9-4132-ab9c-287031128787/ce09b80f-c707-4ade-84bd-b28ab1011f23_1315646572.jpeg?h=225&w=225,
264646442,"Sharpie Permanent Markers, Fine Point, Black, 5 Count",https://www.tesco.com/groceries/en-GB/shop/home-and-ents/all?department=Stationery%2C%20Arts%20%26%20Crafts&viewAll=department&page=,£5.00,£1.00/each,,,/groceries/en-GB/products/264646442,https://digitalcontent.api.tesco.com/v2/media/ghs/bc8c4aaa-8fc3-46f9-a4c1-ab95f856d4ed/282e7f6e-69f8-456b-9755-d5fc643f0a67_1408979761.jpeg?h=225&w=225,
312276835,Go Create Paint Your Own Wooden Money Box,https://www.tesco.com/groceries/en-GB/shop/home-and-ents/all?department=Stationery%2C%20Arts%20%26%20Crafts&viewAll=department&page=,£4.00,£4.00/each,,New,/groceries/en-GB/products/312276835,https://digitalcontent.api.tesco.com/v2/media/ghs/d3e970a9-fc8c-45b0-b19a-18fafb35fb85/acce6b3d-2a86-4b4a-b46a-a1e8a1a00303_1520905120.jpeg?h=225&w=225,
281467737,Go Create Drawing Pad A3,https://www.tesco.com/groceries/en-GB/shop/home-and-ents/all?department=Stationery%2C%20Arts%20%26%20Crafts&viewAll=department&page=,£3.00,£3.00/each,,,/groceries/en-GB/products/281467737,https://digitalcontent.api.tesco.com/v2/media/ghs/55826d50-65d1-4ee6-aeb1-106afdbb842c/e03b39fd-78fe-4a23-8b18-ae9ec7603f25_743750520.jpeg?h=225&w=225,
259048558,Tesco Bubble Lined Envelopes Large X3,https://www.tesco.com/groceries/en-GB/shop/home-and-ents/all?department=Stationery%2C%20Arts%20%26%20Crafts&viewAll=department&page=,£2.75,£0.92/each,,,/groceries/en-GB/products/259048558,https://digitalcontent.api.tesco.com/v2/media/ghs/15f30953-4055-43e6-a575-ba51bba62ef0/4c290cb8-3c81-49a4-91dc-001f2505d6b8_980361798.jpeg?h=225&w=225,
306964335,Navigator Presentation 100Gsm/250Sheets,https://www.tesco.com/groceries/en-GB/shop/home-and-ents/all?department=Stationery%2C%20Arts%20%26%20Crafts&viewAll=department&page=,£4.50,£4.50/each,,,/groceries/en-GB/products/306964335,https://digitalcontent.api.tesco.com/v2/media/ghs/20c661b3-4944-44b6-beba-f27e64483ffc/2facc0b0-99a6-40a7-be4f-911d95e27b29_2041846999.jpeg?h=225&w=225,
281469390,Go Create Paint Brushes 10 Pack,https://www.tesco.com/groceries/en-GB/shop/home-and-ents/all?department=Stationery%2C%20Arts%20%26%20Crafts&viewAll=department&page=,£3.25,£0.32/each,,,/groceries/en-GB/products/281469390,https://digitalcontent.api.tesco.com/v2/media/ghs/68e50c1a-1bd1-4143-b59d-c6779f9d18b5/972b485e-eada-4ab2-9974-151ab7efbe21_951641253.jpeg?h=225&w=225,
291446223,Tesco Sticky Notes And Index Tabs,https://www.tesco.com/groceries/en-GB/shop/home-and-ents/all?department=Stationery%2C%20Arts%20%26%20Crafts&viewAll=department&page=,£3.00,£3.00/each,,,/groceries/en-GB/products/291446223,https://digitalcontent.api.tesco.com/v2/media/ghs/146b9346-2748-447b-b426-8eedd2863fc5/c4e6078d-43be-4dfa-baee-a5853d102855_837712550.jpeg?h=225&w=225,
274658654,Tesco A4 Document Box,https://www.tesco.com/groceries/en-GB/shop/home-and-ents/all?department=Stationery%2C%20Arts%20%26%20Crafts&viewAll=department&page=,£3.00,£3.00/each,,,/groceries/en-GB/products/274658654,https://digitalcontent.api.tesco.com/v2/media/ghs/91984c61-2566-4493-b7ab-9aedee94689a/71b927fa-c3cd-43cc-a504-aa39cb3ff5c3_718499514.jpeg?h=225&w=225,
290321500,Tesco 5 Pocket Telescopic Document Wallet,https://www.tesco.com/groceries/en-GB/shop/home-and-ents/all?department=Stationery%2C%20Arts%20%26%20Crafts&viewAll=department&page=,£3.60,£3.60/each,,,/groceries/en-GB/products/290321500,https://digitalcontent.api.tesco.com/v2/media/ghs/e8a87853-2144-434d-8c02-ea99603eafe0/8aaabfab-07a1-4b83-8800-296b858a6f3a_1591578723.jpeg?h=225&w=225,
263115894,Staedtler Noris Pencils Asstd 5 Pack,https://www.tesco.com/groceries/en-GB/shop/home-and-ents/all?department=Stationery%2C%20Arts%20%26%20Crafts&viewAll=department&page=,£2.50,£0.50/each,,,/groceries/en-GB/products/263115894,https://digitalcontent.api.tesco.com/v2/media/ghs/79f5161d-2fcb-49a3-8671-a78225b14525/d7d2137d-ce5c-4be9-8d81-58344779270a_81629236.jpeg?h=225&w=225,
307764052,Go Create Make Your Own Foil Art,https://www.tesco.com/groceries/en-GB/shop/home-and-ents/all?department=Stationery%2C%20Arts%20%26%20Crafts&viewAll=department&page=,£2.50,£2.50/each,,,/groceries/en-GB/products/307764052,https://digitalcontent.api.tesco.com/v2/media/ghs/a633575b-e855-4897-b95d-713e1e4b6b5f/e8a35e0f-b94a-4404-ad65-b6def4c71e72_1336221042.jpeg?h=225&w=225,
312143313,Tesco Doves 2023 Wtv Slim Diary,https://www.tesco.com/groceries/en-GB/shop/home-and-ents/all?department=Stationery%2C%20Arts%20%26%20Crafts&viewAll=department&page=,£2.00,£2.00/each,,,/groceries/en-GB/products/312143313,https://digitalcontent.api.tesco.com/v2/media/ghs/4b9f8837-a6fd-4b71-aebc-2e3d9d9818a9/7d52b28f-c4ae-45d5-9f95-c8fe1d8e9dc6_1563453450.jpeg?h=225&w=225,
312143327,Tesco Dalmatian 2023 Wtv Slim Diary,https://www.tesco.com/groceries/en-GB/shop/home-and-ents/all?department=Stationery%2C%20Arts%20%26%20Crafts&viewAll=department&page=,£2.00,£2.00/each,,,/groceries/en-GB/products/312143327,https://digitalcontent.api.tesco.com/v2/media/ghs/a6538cff-756b-4b3b-8657-a4e3a02114e7/a3437e01-0187-4244-8682-fc761b996435_625971359.jpeg?h=225&w=225,
256287521,Crayola Colouring Pencils 12 Pack,https://www.tesco.com/groceries/en-GB/shop/home-and-ents/all?department=Stationery%2C%20Arts%20%26%20Crafts&viewAll=department&page=,£2.50,£0.21/each,,,/groceries/en-GB/products/256287521,https://digitalcontent.api.tesco.com/v2/media/ghs/42dfd1af-e573-4f8b-8e17-fa77bab9c459/e0096314-4960-41e8-9af4-8e69abc5ab7c_986026416.jpeg?h=225&w=225,
251434238,Tesco Office Metal Stapler,https://www.tesco.com/groceries/en-GB/shop/home-and-ents/all?department=Stationery%2C%20Arts%20%26%20Crafts&viewAll=department&page=,£2.20,£2.20/each,,,/groceries/en-GB/products/251434238,https://digitalcontent.api.tesco.com/v2/media/ghs/fe2de26a-55f5-40a8-b9b4-a17f0eac136f/89bfc493-9fb0-4040-ae97-d3cc6c80f875_1745713294.jpeg?h=225&w=225,
288729481,Pukka A6 Jotta 80 Sheets Assorted,https://www.tesco.com/groceries/en-GB/shop/home-and-ents/all?department=Stationery%2C%20Arts%20%26%20Crafts&viewAll=department&page=,£2.10,£2.10/each,,,/groceries/en-GB/products/288729481,https://digitalcontent.api.tesco.com/v2/media/ghs/b4bd0b52-a286-444d-814b-32eecb01de40/c56d575f-ccd2-44df-96ad-6706c67dc2cf_215059215.jpeg?h=225&w=225,
309965905,Bic Intensity Colouring Pencils 12 Pack,https://www.tesco.com/groceries/en-GB/shop/home-and-ents/all?department=Stationery%2C%20Arts%20%26%20Crafts&viewAll=department&page=,£3.00,£0.25/each,,,/groceries/en-GB/products/309965905,https://digitalcontent.api.tesco.com/v2/media/ghs/0f212c78-8445-4afc-96cc-1e294e0a2f92/snapshotimagehandler_2098430401.jpeg?h=225&w=225,
281467602,Go Create Paint Brushes 3 Pack,https://www.tesco.com/groceries/en-GB/shop/home-and-ents/all?department=Stationery%2C%20Arts%20%26%20Crafts&viewAll=department&page=,£1.75,£0.58/each,,,/groceries/en-GB/products/281467602,https://digitalcontent.api.tesco.com/v2/media/ghs/28cdd835-0b2b-46da-89e5-a4608d0d951d/2ce3a79b-a3f0-433a-89fe-db485be747c4_49393157.jpeg?h=225&w=225,
287546577,Tesco Hb 8 Pencils With Sharpener/ Eraser/Ruler,https://www.tesco.com/groceries/en-GB/shop/home-and-ents/all?department=Stationery%2C%20Arts%20%26%20Crafts&viewAll=department&page=,£1.50,£1.50/each,,,/groceries/en-GB/products/287546577,https://digitalcontent.api.tesco.com/v2/media/ghs/755f40eb-0aa3-4791-8aba-cfbe29d0d630/45a3595b-953a-4af8-a0f7-faddc0ffaa61_987781446.jpeg?h=225&w=225,
265554042,Oxford Double Canister Sharpener,https://www.tesco.com/groceries/en-GB/shop/home-and-ents/all?department=Stationery%2C%20Arts%20%26%20Crafts&viewAll=department&page=,£1.80,£1.80/each,,,/groceries/en-GB/products/265554042,https://digitalcontent.api.tesco.com/v2/media/ghs/c27f5f32-9a19-4bab-8c89-1f04c02d29c4/96fc798f-7576-4972-a616-2e08430d6532_962330377.jpeg?h=225&w=225,
262782536,Tesco A7 Polypropylene Spiral Notebook 160 Pages,https://www.tesco.com/groceries/en-GB/shop/home-and-ents/all?department=Stationery%2C%20Arts%20%26%20Crafts&viewAll=department&page=,£1.10,£1.10/each,,,/groceries/en-GB/products/262782536,https://digitalcontent.api.tesco.com/v2/media/ghs/4383a99e-c3b9-49e5-bd57-c49673d945c8/snapshotimagehandler_1087982899.jpeg?h=225&w=225,
309035722,Go Create Sticker Book,https://www.tesco.com/groceries/en-GB/shop/home-and-ents/all?department=Stationery%2C%20Arts%20%26%20Crafts&viewAll=department&page=,£1.50,£1.50/each,,,/groceries/en-GB/products/309035722,https://digitalcontent.api.tesco.com/v2/media/ghs/a9162b66-ecc8-4595-81aa-f4cb7ea60b04/9ed46d8f-02e9-42cd-8748-f0ee3219356d_2080393648.jpeg?h=225&w=225,
281467714,Go Create Colouring Pad 64 Sheet,https://www.tesco.com/groceries/en-GB/shop/home-and-ents/all?department=Stationery%2C%20Arts%20%26%20Crafts&viewAll=department&page=,£2.50,£2.50/each,,,/groceries/en-GB/products/281467714,https://digitalcontent.api.tesco.com/v2/media/ghs/511ff0f8-20b5-4a5a-8cf9-f726e856e359/f4a95394-66dc-4eb2-8fbf-21b2a78563a7_1757475906.jpeg?h=225&w=225,
308410913,Helix Eraser 2 Pack,https://www.tesco.com/groceries/en-GB/shop/home-and-ents/all?department=Stationery%2C%20Arts%20%26%20Crafts&viewAll=department&page=,£1.00,£0.50/each,,,/groceries/en-GB/products/308410913,https://digitalcontent.api.tesco.com/v2/media/ghs/b2f33902-150b-4389-9461-877ae872486d/b3663d03-14f7-435a-9f7c-3ca24e6640f5_1109569904.jpeg?h=225&w=225,
309651234,Kids Create Crayons,https://www.tesco.com/groceries/en-GB/shop/home-and-ents/all?department=Stationery%2C%20Arts%20%26%20Crafts&viewAll=department&page=,£1.00,£1.00/each,,,/groceries/en-GB/products/309651234,https://digitalcontent.api.tesco.com/v2/media/ghs/37115820-b339-402c-bafe-f28d16dd9e33/ac3bbbba-89b8-4e77-a87c-abd128774e93_967035429.jpeg?h=225&w=225,
287546623,Tesco Ballpoint Pens Blue10 Pack,https://www.tesco.com/groceries/en-GB/shop/home-and-ents/all?department=Stationery%2C%20Arts%20%26%20Crafts&viewAll=department&page=,£0.75,£0.08/each,,,/groceries/en-GB/products/287546623,https://digitalcontent.api.tesco.com/v2/media/ghs/989325dc-c773-4722-a7f5-09480bf49ac9/fc1b071f-ddb0-4859-8558-ee5232e838e9_79353715.jpeg?h=225&w=225,
312143780,Tesco Humble 2 Pack Pens,https://www.tesco.com/groceries/en-GB/shop/home-and-ents/all?department=Stationery%2C%20Arts%20%26%20Crafts&viewAll=department&page=,£1.25,£0.62/each,,,/groceries/en-GB/products/312143780,https://digitalcontent.api.tesco.com/v2/media/ghs/2e33086b-5548-4334-b857-b48822488fee/138adcb4-34a8-4d5f-b632-40018ac3aaa4_631389312.jpeg?h=225&w=225,
312143872,Tesco Alchemy Lever Arch,https://www.tesco.com/groceries/en-GB/shop/home-and-ents/all?department=Stationery%2C%20Arts%20%26%20Crafts&viewAll=department&page=,£3.00,£3.00/each,,New,/groceries/en-GB/products/312143872,https://digitalcontent.api.tesco.com/v2/media/ghs/e4733c55-b1b2-4ef3-9e2e-2fb2f60f4029/827f86fb-3d34-4039-95e8-a33fc8777852_794614880.jpeg?h=225&w=225,
312143906,Fox & Ivy Boxed Pen,https://www.tesco.com/groceries/en-GB/shop/home-and-ents/all?department=Stationery%2C%20Arts%20%26%20Crafts&viewAll=department&page=,£5.00,£5.00/each,,New,/groceries/en-GB/products/312143906,https://digitalcontent.api.tesco.com/v2/media/ghs/256d2d5c-c65a-4905-b7a9-b7c08bc17520/914b26a0-252c-426b-8ae0-28d949d54490_2016148540.jpeg?h=225&w=225,
306423279,Epson Starfish 603 Multipack Printer Ink,https://www.tesco.com/groceries/en-GB/shop/home-and-ents/all?department=Stationery%2C%20Arts%20%26%20Crafts&viewAll=department&page=,£40.00,£40.00/each,,,/groceries/en-GB/products/306423279,https://digitalcontent.api.tesco.com/v2/media/ghs/6d0eaaac-0403-47ae-b7f7-a63d9b43a23f/89f6f0ab-8602-41ae-899f-9b583cea57db_22150989.jpeg?h=225&w=225,
279341416,Parker Jotter Stainless Steel Gold Trim Ball Pen,https://www.tesco.com/groceries/en-GB/shop/home-and-ents/all?department=Stationery%2C%20Arts%20%26%20Crafts&viewAll=department&page=,£12.00,£12.00/each,£9.00 Clubcard Price,,/groceries/en-GB/products/279341416,https://digitalcontent.api.tesco.com/v2/media/ghs/be8f2b72-a3a4-4e2d-94df-ca9151a4eec2/81fabbdc-2239-4f8f-ba46-965e06a88301_2142466807.jpeg?h=225&w=225,
301090558,Ultimate Jewellery Centre,https://www.tesco.com/groceries/en-GB/shop/home-and-ents/all?department=Stationery%2C%20Arts%20%26%20Crafts&viewAll=department&page=,£20.00,£20.00/each,,,/groceries/en-GB/products/301090558,https://digitalcontent.api.tesco.com/v2/media/ghs/3fef426f-28f7-4a8d-a8cf-557805d46b64/e9a30a9a-5d4c-4895-9792-d7a27ce419d6_1909700136.jpeg?h=225&w=225,
290522912,Hp 302 Black Printer Ink Cartridge,https://www.tesco.com/groceries/en-GB/shop/home-and-ents/all?department=Stationery%2C%20Arts%20%26%20Crafts&viewAll=department&page=,£20.50,£20.50/each,,,/groceries/en-GB/products/290522912,https://digitalcontent.api.tesco.com/v2/media/ghs/0672634f-49d0-4757-af45-ea646003af0b/1e1b34b6-a32f-4000-afdb-74c3483a1bb0_976565490.jpeg?h=225&w=225,
303627158,Tesco Remanufactured HP 304 XL Colour Ink Cartridge,https://www.tesco.com/groceries/en-GB/shop/home-and-ents/all?department=Stationery%2C%20Arts%20%26%20Crafts&viewAll=department&page=,£17.50,£17.50/each,£14.00 Clubcard Price,,/groceries/en-GB/products/303627158,https://digitalcontent.api.tesco.com/v2/media/ghs/a5058c39-44cf-4a4e-9dda-0f81da115406/52deee56-5e77-4b60-9233-5ddca9d61658_1630606462.jpeg?h=225&w=225,
306374359,Tesco Remanufactured HP 301 XL Black Ink Cartridge,https://www.tesco.com/groceries/en-GB/shop/home-and-ents/all?department=Stationery%2C%20Arts%20%26%20Crafts&viewAll=department&page=,£17.00,£17.00/each,£13.50 Clubcard Price,,/groceries/en-GB/products/306374359,https://digitalcontent.api.tesco.com/v2/media/ghs/843ff146-aa03-479b-96bf-7edd9056b6d0/ddac94f6-2b25-4980-b17b-e63e7fbb00f3_612273892.jpeg?h=225&w=225,
296498602,Hp 304 Original Black Printer Ink Cartridge,https://www.tesco.com/groceries/en-GB/shop/home-and-ents/all?department=Stationery%2C%20Arts%20%26%20Crafts&viewAll=department&page=,£16.00,£16.00/each,,,/groceries/en-GB/products/296498602,https://digitalcontent.api.tesco.com/v2/media/ghs/86663b9e-adb3-43ea-a5b0-723757c58ca9/7561b5b3-9413-4630-b912-0da9c07612d7_1889951769.jpeg?h=225&w=225,
282920741,Staedtler Sketchingpencils 2H To Hb 12 Pack,https://www.tesco.com/groceries/en-GB/shop/home-and-ents/all?department=Stationery%2C%20Arts%20%26%20Crafts&viewAll=department&page=,£7.00,£0.58/each,,,/groceries/en-GB/products/282920741,https://digitalcontent.api.tesco.com/v2/media/ghs/b0bde745-7d4d-414d-9517-56aea2e98e53/2862ac43-2353-4227-aecf-90e686971ce3_1331054167.jpeg?h=225&w=225,
311942170,Casebound A4 Dap Diary 2023,https://www.tesco.com/groceries/en-GB/shop/home-and-ents/all?department=Stationery%2C%20Arts%20%26%20Crafts&viewAll=department&page=,£6.00,£6.00/each,,New,/groceries/en-GB/products/311942170,https://digitalcontent.api.tesco.com/v2/media/ghs/6b7063fa-cece-4623-a0fd-9d93f647bace/44882133-b112-4acb-9e93-f6ea7d5e6b7f_310766773.jpeg?h=225&w=225,
260860925,Epson Cheetah T0711blk Printer Ink Cartridge,https://www.tesco.com/groceries/en-GB/shop/home-and-ents/all?department=Stationery%2C%20Arts%20%26%20Crafts&viewAll=department&page=,£14.50,£14.50/each,£9.50 Clubcard Price,,/groceries/en-GB/products/260860925,https://digitalcontent.api.tesco.com/v2/media/ghs/ba1c42ef-94c6-4e1d-857f-48307c76dc0a/07107bc7-4ac8-4de2-ab72-fe9869ea35bc_1936268349.jpeg?h=225&w=225,
305034983,Go Create Rainbow Scrapbook Set,https://www.tesco.com/groceries/en-GB/shop/home-and-ents/all?department=Stationery%2C%20Arts%20%26%20Crafts&viewAll=department&page=,£6.25,£6.25/each,£4.60 Clubcard Price,,/groceries/en-GB/products/305034983,https://digitalcontent.api.tesco.com/v2/media/ghs/95d5d48b-9325-49b1-a666-354bb1d0d547/141e8f70-7d88-48cf-b337-c5778bcdb14f_1042612311.jpeg?h=225&w=225,
312143561,Tesco Kraft Floral A5 2023 Dap Diary,https://www.tesco.com/groceries/en-GB/shop/home-and-ents/all?department=Stationery%2C%20Arts%20%26%20Crafts&viewAll=department&page=,£5.00,£5.00/each,,New,/groceries/en-GB/products/312143561,https://digitalcontent.api.tesco.com/v2/media/ghs/ccb63a34-4c58-452d-b04b-0db9b01310fc/4724f2fc-6be1-42c4-93b0-000895d1e060_151093011.jpeg?h=225&w=225,
312143653,Fox & Ivy A5 Wtv Diary 2023,https://www.tesco.com/groceries/en-GB/shop/home-and-ents/all?department=Stationery%2C%20Arts%20%26%20Crafts&viewAll=department&page=,£5.00,£5.00/each,,New,/groceries/en-GB/products/312143653,https://digitalcontent.api.tesco.com/v2/media/ghs/5104e63d-2680-4b1b-8d53-210d1b9ade0d/c575902f-63c9-46a5-82c3-ae98eea3e861_759126939.jpeg?h=225&w=225,
312143555,Tesco Months 2023 A5 Dap Diary,https://www.tesco.com/groceries/en-GB/shop/home-and-ents/all?department=Stationery%2C%20Arts%20%26%20Crafts&viewAll=department&page=,£5.00,£5.00/each,,New,/groceries/en-GB/products/312143555,https://digitalcontent.api.tesco.com/v2/media/ghs/aac43da4-05e3-404d-b493-c4ca388a444b/4fc5facc-059b-469e-9e8c-535277fb5163_1002571759.jpeg?h=225&w=225,
312143532,Tesco Green Floral A5 2023 Dap Dairy,https://www.tesco.com/groceries/en-GB/shop/home-and-ents/all?department=Stationery%2C%20Arts%20%26%20Crafts&viewAll=department&page=,£5.00,£5.00/each,,New,/groceries/en-GB/products/312143532,https://digitalcontent.api.tesco.com/v2/media/ghs/1bf7f830-07bd-41bd-bde5-b4809b0ef9a1/2d9b0c6d-146e-4c0f-9e77-21436357de52_1724537041.jpeg?h=225&w=225,
293033138,Bic 4 Colour Ballpoint Pens 3 Pack Assorted,https://www.tesco.com/groceries/en-GB/shop/home-and-ents/all?department=Stationery%2C%20Arts%20%26%20Crafts&viewAll=department&page=,£5.00,£1.67/each,,,/groceries/en-GB/products/293033138,https://digitalcontent.api.tesco.com/v2/media/ghs/bf269a1f-31ec-43d2-af03-e63011aae16a/9104c702-447e-4ef9-bcb8-4bd9c498f894_1412664020.jpeg?h=225&w=225,
303669747,Bic Evolution Stripes Pencils 8Pk,https://www.tesco.com/groceries/en-GB/shop/home-and-ents/all?department=Stationery%2C%20Arts%20%26%20Crafts&viewAll=department&page=,£5.00,£0.62/each,,,/groceries/en-GB/products/303669747,https://digitalcontent.api.tesco.com/v2/media/ghs/20de910a-6f05-4597-bd22-0d87f9b878db/eaab1f15-e205-482f-8295-cd8422daf86b_863179083.jpeg?h=225&w=225,
310362736,Epson Starfish 603 Yellow Ink,https://www.tesco.com/groceries/en-GB/shop/home-and-ents/all?department=Stationery%2C%20Arts%20%26%20Crafts&viewAll=department&page=,£11.50,£11.50/each,,New,/groceries/en-GB/products/310362736,https://digitalcontent.api.tesco.com/v2/media/ghs/08554043-ab20-43e2-bb92-5680a67d17f2/86230066-cbe2-4f6e-8928-51a6a2268ac8_1842138780.jpeg?h=225&w=225,
312143440,Tesco Two Tone 2023 A5 Wtv Diary,https://www.tesco.com/groceries/en-GB/shop/home-and-ents/all?department=Stationery%2C%20Arts%20%26%20Crafts&viewAll=department&page=,£4.00,£4.00/each,,,/groceries/en-GB/products/312143440,https://digitalcontent.api.tesco.com/v2/media/ghs/2f521f8b-97c6-4a55-b7ea-599a7389bd7e/bfc372cf-c501-48ae-8fa1-e565d885b9d8_430642206.jpeg?h=225&w=225,
285221711,Tesco White Glue 230Ml-Replenish,https://www.tesco.com/groceries/en-GB/shop/home-and-ents/all?department=Stationery%2C%20Arts%20%26%20Crafts&viewAll=department&page=,£2.50,£10.87/litre,,,/groceries/en-GB/products/285221711,https://digitalcontent.api.tesco.com/v2/media/ghs/9cad6021-d7c3-4417-aef6-dca4e2320b30/9a324130-a572-461b-88df-d3d49ab7620d_102700634.jpeg?h=225&w=225,
310142337,Pukka Recycled Kraft Lever Arch,https://www.tesco.com/groceries/en-GB/shop/home-and-ents/all?department=Stationery%2C%20Arts%20%26%20Crafts&viewAll=department&page=,£3.85,£3.85/each,,,/groceries/en-GB/products/310142337,https://digitalcontent.api.tesco.com/v2/media/ghs/292b6e13-6acf-4a4e-bb5b-ddd65af9fe82/4a364830-ca05-430d-ad4f-fb42d395bac0_1197192818.jpeg?h=225&w=225,
262696166,Tesco Ballpoint Pens Black 50 Pack,https://www.tesco.com/groceries/en-GB/shop/home-and-ents/all?department=Stationery%2C%20Arts%20%26%20Crafts&viewAll=department&page=,£4.00,£0.08/each,,,/groceries/en-GB/products/262696166,https://digitalcontent.api.tesco.com/v2/media/ghs/4c54e35c-e276-4c37-92df-02efe29eb53a/2532f07a-7ec7-4301-b30f-259f157b959e_1730520375.jpeg?h=225&w=225,
286188915,Maped Advanced 21Cm Scissors/ Oxford Scissors,https://www.tesco.com/groceries/en-GB/shop/home-and-ents/all?department=Stationery%2C%20Arts%20%26%20Crafts&viewAll=department&page=,£5.10,£5.10/each,£3.50 Clubcard Price,,/groceries/en-GB/products/286188915,https://digitalcontent.api.tesco.com/v2/media/ghs/ee48696a-08d9-4bc6-9017-4fdb7becfa0c/ea356434-531e-47c7-bbe4-01358b1e523e_1882948255.jpeg?h=225&w=225,
255505548,Staedtler Noris 10 Hb Pencils Eraser/Sharpner,https://www.tesco.com/groceries/en-GB/shop/home-and-ents/all?department=Stationery%2C%20Arts%20%26%20Crafts&viewAll=department&page=,£4.00,£0.40/each,,,/groceries/en-GB/products/255505548,https://digitalcontent.api.tesco.com/v2/media/ghs/daa87173-f1d3-4ccc-9c9d-51cf05eed5db/eb8f1710-a016-4250-9c5c-8b5a1613fe33_460952987.jpeg?h=225&w=225,
290525235,Pukka Box File,https://www.tesco.com/groceries/en-GB/shop/home-and-ents/all?department=Stationery%2C%20Arts%20%26%20Crafts&viewAll=department&page=,£4.00,£4.00/each,,,/groceries/en-GB/products/290525235,https://digitalcontent.api.tesco.com/v2/media/ghs/0b4e1c2d-78bf-4e54-9ba0-7ae9d40e18ea/afe59ce0-7baf-447e-9b61-c415a691a1a7_407100326.jpeg?h=225&w=225,
257168908,Tesco 12 Pocket Expanding File Asst-Replenish,https://www.tesco.com/groceries/en-GB/shop/home-and-ents/all?department=Stationery%2C%20Arts%20%26%20Crafts&viewAll=department&page=,£4.00,£4.00/each,,,/groceries/en-GB/products/257168908,https://digitalcontent.api.tesco.com/v2/media/ghs/4dade64d-1ef0-478f-8e90-64db7da327ae/d4658614-7173-4138-b307-261a870f68a3_1155045608.jpeg?h=225&w=225,
310804261,Tesco Chisel Tip Markers Asstd 4 Pack,https://www.tesco.com/groceries/en-GB/shop/home-and-ents/all?department=Stationery%2C%20Arts%20%26%20Crafts&viewAll=department&page=,£4.00,£1.00/each,,,/groceries/en-GB/products/310804261,https://digitalcontent.api.tesco.com/v2/media/ghs/a5b25171-b26c-4fef-83b3-c9155b135273/e5f7d49f-c9be-44aa-9e74-78b261b3e940_1588622628.jpeg?h=225&w=225,
287130162,Staedtler Noris Colour Pencils 24 Pack,https://www.tesco.com/groceries/en-GB/shop/home-and-ents/all?department=Stationery%2C%20Arts%20%26%20Crafts&viewAll=department&page=,£4.75,£0.20/each,,,/groceries/en-GB/products/287130162,https://digitalcontent.api.tesco.com/v2/media/ghs/26c11a11-2477-4f17-be01-4f3e77da9bfe/3d973db7-f699-415e-ae2c-fdd10a6a84dd_522245673.jpeg?h=225&w=225,
263030135,Uniball 157 Eye Rollerball Black 2 Pack,https://www.tesco.com/groceries/en-GB/shop/home-and-ents/all?department=Stationery%2C%20Arts%20%26%20Crafts&viewAll=department&page=,£4.50,£2.25/each,,,/groceries/en-GB/products/263030135,https://digitalcontent.api.tesco.com/v2/media/ghs/a3fc3c7d-3f3d-4076-97a2-9f7315136ce7/15b59798-fe3d-48c8-a1f6-59aca57a323d_251073415.jpeg?h=225&w=225,
266783310,Bic Cristal Pens Assorted 10 Pack,https://www.tesco.com/groceries/en-GB/shop/home-and-ents/all?department=Stationery%2C%20Arts%20%26%20Crafts&viewAll=department&page=,£3.00,£0.30/each,,,/groceries/en-GB/products/266783310,https://digitalcontent.api.tesco.com/v2/media/ghs/b1daf0fc-7a93-4907-baf2-e21701c59728/145897e3-e59c-4c66-b7cb-355880eeee59_931476895.jpeg?h=225&w=225,
257175220,Tesco 6 Inch Cash Box,https://www.tesco.com/groceries/en-GB/shop/home-and-ents/all?department=Stationery%2C%20Arts%20%26%20Crafts&viewAll=department&page=,£6.00,£6.00/each,,,/groceries/en-GB/products/257175220,https://digitalcontent.api.tesco.com/v2/media/ghs/70c34fcc-7f28-4852-a995-727d93d92e30/ac6202ec-5e12-4ea1-9949-b40c2bc5eb85_2119604886.jpeg?h=225&w=225,
259806566,Scotch Gift Wrap Tape,https://www.tesco.com/groceries/en-GB/shop/home-and-ents/all?department=Stationery%2C%20Arts%20%26%20Crafts&viewAll=department&page=,£3.15,£3.15/each,,,/groceries/en-GB/products/259806566,https://digitalcontent.api.tesco.com/v2/media/ghs/d1b4cbad-13ad-4bf9-8c39-134dd22236cd/21a3d4f5-5e0c-422c-8f04-ddea4abe778c_1774209271.jpeg?h=225&w=225,
307102001,Little Briain Bio-Glitter Assorted,https://www.tesco.com/groceries/en-GB/shop/home-and-ents/all?department=Stationery%2C%20Arts%20%26%20Crafts&viewAll=department&page=,£4.00,£4.00/each,,,/groceries/en-GB/products/307102001,https://digitalcontent.api.tesco.com/v2/media/ghs/7f972c3d-4460-48c2-bb36-d9b2ff9fab73/a5ca0866-ebc8-45f8-880f-82a433f44f03_917114178.jpeg?h=225&w=225,
255728503,"Paper Mate Flexgrip Ultra Ballpoint Pens, Black, 2 Count",https://www.tesco.com/groceries/en-GB/shop/home-and-ents/all?department=Stationery%2C%20Arts%20%26%20Crafts&viewAll=department&page=,£3.00,£1.50/each,,,/groceries/en-GB/products/255728503,https://digitalcontent.api.tesco.com/v2/media/ghs/4275f3ee-9f8d-47e7-bf3e-c496573eaf0e/5c58f8cb-951a-4fef-b778-35448cbb7538_1586184703.jpeg?h=225&w=225,
253322387,"Sharpie Permanent Markers, Fine Point, Black, 2 Count",https://www.tesco.com/groceries/en-GB/shop/home-and-ents/all?department=Stationery%2C%20Arts%20%26%20Crafts&viewAll=department&page=,£3.00,£1.50/each,,,/groceries/en-GB/products/253322387,https://digitalcontent.api.tesco.com/v2/media/ghs/247d3a29-ca81-4e01-935a-77b122c96321/73de448c-df0f-4023-9f91-89d2919759d3_1113676541.jpeg?h=225&w=225,
306714488,Go Create Friendship Bracelet Kit,https://www.tesco.com/groceries/en-GB/shop/home-and-ents/all?department=Stationery%2C%20Arts%20%26%20Crafts&viewAll=department&page=,£2.00,£2.00/each,,,/groceries/en-GB/products/306714488,https://digitalcontent.api.tesco.com/v2/media/ghs/c36a3e3f-e629-48b0-a64a-3d78eef8ed9d/ac42f14e-e61f-4640-8b97-35a83a290cb2_1904084187.jpeg?h=225&w=225,
265554232,Post It Super Sticky Lined Colour Pad 90Sht,https://www.tesco.com/groceries/en-GB/shop/home-and-ents/all?department=Stationery%2C%20Arts%20%26%20Crafts&viewAll=department&page=,£3.10,£3.10/each,,,/groceries/en-GB/products/265554232,https://digitalcontent.api.tesco.com/v2/media/ghs/b365a993-3ada-4783-b9a5-4e962b06152a/bd0c1c36-b706-468d-93e7-37171f26c715_1429675080.jpeg?h=225&w=225,
309965894,Bic 4 Colour Marble 3 Pack,https://www.tesco.com/groceries/en-GB/shop/home-and-ents/all?department=Stationery%2C%20Arts%20%26%20Crafts&viewAll=department&page=,£6.00,£2.00/each,,,/groceries/en-GB/products/309965894,https://digitalcontent.api.tesco.com/v2/media/ghs/ad89e642-4b1d-4faa-8b56-aa678fcfb97d/949512d8-fe25-4fd3-8193-9c35ce08b937_960028875.jpeg?h=225&w=225,
287330008,"Paper Mate InkJoy 100 Ballpoint Pens, Assorted, 8 Count",https://www.tesco.com/groceries/en-GB/shop/home-and-ents/all?department=Stationery%2C%20Arts%20%26%20Crafts&viewAll=department&page=,£3.50,£0.44/each,,,/groceries/en-GB/products/287330008,https://digitalcontent.api.tesco.com/v2/media/ghs/c5f9ad0e-d48a-45bf-afa4-3d43a825f995/da9f4e17-3d33-472c-8027-2199bd869739_1870347244.jpeg?h=225&w=225,
308635722,Pukka Glee A4 Notebook,https://www.tesco.com/groceries/en-GB/shop/home-and-ents/all?department=Stationery%2C%20Arts%20%26%20Crafts&viewAll=department&page=,£3.50,£3.50/each,,,/groceries/en-GB/products/308635722,https://digitalcontent.api.tesco.com/v2/media/ghs/34cb9ef7-67b7-46df-863a-cfec26952749/23465839-6b0e-48d1-b715-77e39ade86e5_180206240.jpeg?h=225&w=225,
280554780,Tesco Grip Retractable Ball Pens Asstd 10 Pack,https://www.tesco.com/groceries/en-GB/shop/home-and-ents/all?department=Stationery%2C%20Arts%20%26%20Crafts&viewAll=department&page=,£1.75,£0.18/each,,,/groceries/en-GB/products/280554780,https://digitalcontent.api.tesco.com/v2/media/ghs/f4e73b99-1aa2-441e-bc60-4cc130e322a4/d1c9eb1d-55b8-4f14-9153-1dde55c86977_1001308594.jpeg?h=225&w=225,
309024833,Loctite All Purpose Glue 20Ml,https://www.tesco.com/groceries/en-GB/shop/home-and-ents/all?department=Stationery%2C%20Arts%20%26%20Crafts&viewAll=department&page=,£2.00,£100.00/litre,,,/groceries/en-GB/products/309024833,https://digitalcontent.api.tesco.com/v2/media/ghs/df2f8ad8-4121-4b3e-aacb-dcd9dfb767c0/6fd90d75-1a49-4800-b8ab-0ccb6e301a79_986280802.jpeg?h=225&w=225,
283977326,Tesco Retractable Ball Pens Rainbow Grip 10 Pack,https://www.tesco.com/groceries/en-GB/shop/home-and-ents/all?department=Stationery%2C%20Arts%20%26%20Crafts&viewAll=department&page=,£1.75,£0.18/each,,,/groceries/en-GB/products/283977326,https://digitalcontent.api.tesco.com/v2/media/ghs/05d4ad1f-725e-4c72-9e54-27ca28d796e6/cfd6a9ea-b9bc-4a1e-a46c-e9d3539a98bd_586782603.jpeg?h=225&w=225,
295246494,Tesco Colouring Pencils 12 Pack,https://www.tesco.com/groceries/en-GB/shop/home-and-ents/all?department=Stationery%2C%20Arts%20%26%20Crafts&viewAll=department&page=,£2.00,£0.17/each,,,/groceries/en-GB/products/295246494,https://digitalcontent.api.tesco.com/v2/media/ghs/8562bafe-6632-4a85-95ff-bab11430df74/5bf25ff8-0101-4138-9eaa-316377c247af_1917793989.jpeg?h=225&w=225,
306350785,Keep It Handy Elastic Bands 250Pk,https://www.tesco.com/groceries/en-GB/shop/home-and-ents/all?department=Stationery%2C%20Arts%20%26%20Crafts&viewAll=department&page=,£1.00,£0.00/each,,,/groceries/en-GB/products/306350785,https://digitalcontent.api.tesco.com/v2/media/ghs/e4cdad50-57cb-460c-9dbf-215e3088c235/de24a869-64b8-4351-a90a-3ee21f920e60_77168198.jpeg?h=225&w=225,
312143814,Tesco Alchemy Ballpoint Pen X3,https://www.tesco.com/groceries/en-GB/shop/home-and-ents/all?department=Stationery%2C%20Arts%20%26%20Crafts&viewAll=department&page=,£1.50,£0.50/each,Reduced to Clear Was £2.00 Now £1.50,,/groceries/en-GB/products/312143814,https://digitalcontent.api.tesco.com/v2/media/ghs/71d581da-705b-4b59-882d-f47a920a7a69/693b4365-d4fb-440b-928a-e7b981fa7d68_1827747061.jpeg?h=225&w=225,
294551871,Canon Cli 571 Printer Ink Multipack,https://www.tesco.com/groceries/en-GB/shop/home-and-ents/all?department=Stationery%2C%20Arts%20%26%20Crafts&viewAll=department&page=,£54.00,£54.00/each,,,/groceries/en-GB/products/294551871,https://digitalcontent.api.tesco.com/v2/media/ghs/e31e4bdd-f6d5-478d-bf67-4e8bbd9b4e73/afaacbfc-b683-432c-81ff-13d65b7a8714_1840747089.jpeg?h=225&w=225,
309596079,Bumper Craft Set,https://www.tesco.com/groceries/en-GB/shop/home-and-ents/all?department=Stationery%2C%20Arts%20%26%20Crafts&viewAll=department&page=,£20.00,£20.00/each,,,/groceries/en-GB/products/309596079,https://digitalcontent.api.tesco.com/v2/media/ghs/265fbbbd-a185-47af-a6e6-7234a395e38e/38889e58-70ca-4921-a539-6f132614aeb6_542190045.jpeg?h=225&w=225,
297310910,Horizon Spiral System,https://www.tesco.com/groceries/en-GB/shop/home-and-ents/all?department=Stationery%2C%20Arts%20%26%20Crafts&viewAll=department&page=,£17.00,£17.00/each,,,/groceries/en-GB/products/297310910,https://digitalcontent.api.tesco.com/v2/media/ghs/26cee350-428f-4c83-92d6-19a2712039f3/aef65a45-4154-46b0-8f01-bc3ce975a79b_2074929704.jpeg?h=225&w=225,
270094463,Hp 301 Tri Color Printer Ink Cartridge,https://www.tesco.com/groceries/en-GB/shop/home-and-ents/all?department=Stationery%2C%20Arts%20%26%20Crafts&viewAll=department&page=,£28.00,£28.00/each,,,/groceries/en-GB/products/270094463,https://digitalcontent.api.tesco.com/v2/media/ghs/08e9376c-6f01-4f63-b2ce-022d3b65d876/9ccb6430-8755-4813-8ec5-ac1aaceccc85_1155998470.jpeg?h=225&w=225,
264056986,Hp 300 Black Printer Ink,https://www.tesco.com/groceries/en-GB/shop/home-and-ents/all?department=Stationery%2C%20Arts%20%26%20Crafts&viewAll=department&page=,£26.00,£26.00/each,,,/groceries/en-GB/products/264056986,https://digitalcontent.api.tesco.com/v2/media/ghs/d35596e8-275f-42e5-9bc2-4967c3294e8d/694964df-c4f7-41db-b5cd-96e3e6bc6121_1904741100.jpeg?h=225&w=225,
296498591,Hp 304 Original Tri-Color Ink Cartridge,https://www.tesco.com/groceries/en-GB/shop/home-and-ents/all?department=Stationery%2C%20Arts%20%26%20Crafts&viewAll=department&page=,£16.00,£16.00/each,,,/groceries/en-GB/products/296498591,https://digitalcontent.api.tesco.com/v2/media/ghs/ab1e050c-028d-4b4c-a6c9-151f6b7e4252/8e248b22-3e5e-486c-8190-2df4e650153f_1685675990.jpeg?h=225&w=225,
311960044,Tesco Hp305xl Inkjet Cartridge Black,https://www.tesco.com/groceries/en-GB/shop/home-and-ents/all?department=Stationery%2C%20Arts%20%26%20Crafts&viewAll=department&page=,£16.00,£16.00/each,£13.00 Clubcard Price,,/groceries/en-GB/products/311960044,https://digitalcontent.api.tesco.com/v2/media/ghs-mktg/b0b04216-fa73-466d-a9d7-c9fcfa1ce9b3/no-image.jpeg,
300957117,Hp 303 Black Printer Ink Cartridge,https://www.tesco.com/groceries/en-GB/shop/home-and-ents/all?department=Stationery%2C%20Arts%20%26%20Crafts&viewAll=department&page=,£21.00,£21.00/each,,,/groceries/en-GB/products/300957117,https://digitalcontent.api.tesco.com/v2/media/ghs/b392e2be-20a4-474c-b0e6-6d9a84945638/ee7db388-24ab-483f-998f-507327a9abd0_1555253006.jpeg?h=225&w=225,
287123980,Pilot Frixion Black Set In Case,https://www.tesco.com/groceries/en-GB/shop/home-and-ents/all?department=Stationery%2C%20Arts%20%26%20Crafts&viewAll=department&page=,£10.00,£10.00/each,,,/groceries/en-GB/products/287123980,https://digitalcontent.api.tesco.com/v2/media/ghs/30536359-376b-4ad7-850e-02807e03f34b/929e64d8-9f42-4702-bb36-cbba8d8051dd_911358539.jpeg?h=225&w=225,
306374388,Tesco Remanufactured Canon PG-540 Black Ink Cartridge,https://www.tesco.com/groceries/en-GB/shop/home-and-ents/all?department=Stationery%2C%20Arts%20%26%20Crafts&viewAll=department&page=,£13.50,£13.50/each,£10.50 Clubcard Price,,/groceries/en-GB/products/306374388,https://digitalcontent.api.tesco.com/v2/media/ghs/b6fd1e7a-f381-4967-9414-6e4e15751b5d/8fa9e73d-4c1d-40f5-acff-ed4f48dd67d2_1757249858.jpeg?h=225&w=225,
310901330,Tesco Home Office Peg Board,https://www.tesco.com/groceries/en-GB/shop/home-and-ents/all?department=Stationery%2C%20Arts%20%26%20Crafts&viewAll=department&page=,£6.50,£6.50/each,,,/groceries/en-GB/products/310901330,https://digitalcontent.api.tesco.com/v2/media/ghs/77348590-22f2-44b8-84dc-1f1a6eb65e2f/e9539af5-35e9-4205-818e-e863f01bc298_83654324.jpeg?h=225&w=225,
279341163,Pilot Frixion Blue 3 Pack,https://www.tesco.com/groceries/en-GB/shop/home-and-ents/all?department=Stationery%2C%20Arts%20%26%20Crafts&viewAll=department&page=,£7.00,£2.34/each,,,/groceries/en-GB/products/279341163,https://digitalcontent.api.tesco.com/v2/media/ghs/288960ee-62f1-4dca-972c-6f1281bc2e00/397834e2-247a-4eb9-8f7f-cec1c52eba8d_222451733.jpeg?h=225&w=225,
312224327,Executive A5 Dap Diary 2023,https://www.tesco.com/groceries/en-GB/shop/home-and-ents/all?department=Stationery%2C%20Arts%20%26%20Crafts&viewAll=department&page=,£4.50,£4.50/each,,New,/groceries/en-GB/products/312224327,https://digitalcontent.api.tesco.com/v2/media/ghs/78dcc3b2-428e-4a91-a4ed-5770f4a52547/35f9825b-0de3-47c1-95ca-7e5f2701d2db_665848084.jpeg?h=225&w=225,
312143618,Tesco A6 Premium 2023 Dap Dairy Assorted,https://www.tesco.com/groceries/en-GB/shop/home-and-ents/all?department=Stationery%2C%20Arts%20%26%20Crafts&viewAll=department&page=,£4.50,£4.50/each,,New,/groceries/en-GB/products/312143618,https://digitalcontent.api.tesco.com/v2/media/ghs/409a8e80-c594-4f9f-93c6-14d99d56fa77/e74c02f3-cd9c-49c1-b328-a143825cab4f_648379817.jpeg?h=225&w=225,
278439902,Pilot Frixion Black 3 Pack,https://www.tesco.com/groceries/en-GB/shop/home-and-ents/all?department=Stationery%2C%20Arts%20%26%20Crafts&viewAll=department&page=,£7.00,£2.34/each,,,/groceries/en-GB/products/278439902,https://digitalcontent.api.tesco.com/v2/media/ghs/4d62726c-e85e-4e04-8c01-aa81b8547597/37ec6640-a655-4614-85ba-02f02a5a4a3a_1903638270.jpeg?h=225&w=225,
310759688,Pukka Pastel A5 Jotta Component,https://www.tesco.com/groceries/en-GB/shop/home-and-ents/all?department=Stationery%2C%20Arts%20%26%20Crafts&viewAll=department&page=,£2.92,£2.92/each,,,/groceries/en-GB/products/310759688,https://digitalcontent.api.tesco.com/v2/media/ghs/e39d9c3c-e9ce-4acb-9cc4-85d6a81b9410/2a96c977-c190-4925-8208-e66ac5e79b63_489783948.jpeg?h=225&w=225,
312143477,Tesco A5 2023 Purple Soft Touch 2023 Wtv Diary,https://www.tesco.com/groceries/en-GB/shop/home-and-ents/all?department=Stationery%2C%20Arts%20%26%20Crafts&viewAll=department&page=,£4.00,£4.00/each,,,/groceries/en-GB/products/312143477,https://digitalcontent.api.tesco.com/v2/media/ghs/cedbfb08-9891-4591-88ef-4cc79d85f0c2/927945e6-03c0-4e47-b7c2-7a4e5c126d9a_1905156726.jpeg?h=225&w=225,
282603679,Crayola Washable Paint Pots 6 Pack,https://www.tesco.com/groceries/en-GB/shop/home-and-ents/all?department=Stationery%2C%20Arts%20%26%20Crafts&viewAll=department&page=,£5.50,£0.92/each,,,/groceries/en-GB/products/282603679,https://digitalcontent.api.tesco.com/v2/media/ghs/26084733-f797-48c1-9903-708cf30b9f9a/444b47f9-25e5-49c1-ab52-e7c3afd5861f.jpeg?h=225&w=225,
305492762,Nuco Cloud A4 Project Book,https://www.tesco.com/groceries/en-GB/shop/home-and-ents/all?department=Stationery%2C%20Arts%20%26%20Crafts&viewAll=department&page=,£4.50,£4.50/each,,,/groceries/en-GB/products/305492762,https://digitalcontent.api.tesco.com/v2/media/ghs/bf435d2b-ff72-41c2-bb4e-6916454b33f4/1acc15f4-7d99-44f5-845d-58994433239f_1074278386.jpeg?h=225&w=225,
295246540,Tesco Card Document Folder 10 Pack,https://www.tesco.com/groceries/en-GB/shop/home-and-ents/all?department=Stationery%2C%20Arts%20%26%20Crafts&viewAll=department&page=,£3.85,£0.38/each,,,/groceries/en-GB/products/295246540,https://digitalcontent.api.tesco.com/v2/media/ghs/41b70e3a-2221-45f9-826e-06a7630acb7b/2d112687-4903-4fbc-9f93-7a70c8f2839f_234199787.jpeg?h=225&w=225,
255184765,Loctite 5G Easy Brush Superglue,https://www.tesco.com/groceries/en-GB/shop/home-and-ents/all?department=Stationery%2C%20Arts%20%26%20Crafts&viewAll=department&page=,£4.00,£4.00/each,,,/groceries/en-GB/products/255184765,https://digitalcontent.api.tesco.com/v2/media/ghs/ef000f23-d725-4a19-b569-c442057c062a/12e4a5db-42e9-4074-9056-e31e67cf7c73_97916768.jpeg?h=225&w=225,
295246442,Tesco Retractable Ball Pen Black 40 Pack,https://www.tesco.com/groceries/en-GB/shop/home-and-ents/all?department=Stationery%2C%20Arts%20%26%20Crafts&viewAll=department&page=,£4.00,£0.10/each,,,/groceries/en-GB/products/295246442,https://digitalcontent.api.tesco.com/v2/media/ghs/6a9e3a9d-d530-4448-a097-1e6ccac5adf5/d35d72b8-0158-4388-af90-3ad2b8a9dcee_712431398.jpeg?h=225&w=225,
308410929,Oxford Blazer Buddy,https://www.tesco.com/groceries/en-GB/shop/home-and-ents/all?department=Stationery%2C%20Arts%20%26%20Crafts&viewAll=department&page=,£4.00,£4.00/each,,,/groceries/en-GB/products/308410929,https://digitalcontent.api.tesco.com/v2/media/ghs/5eeb01a1-b9d9-4eac-9cf0-b6f9bdc9ee14/7711800f-9267-46d4-a43d-976a0dd6120f_1303370099.jpeg?h=225&w=225,
257644656,Tipp-Ex Rapid Fluid,https://www.tesco.com/groceries/en-GB/shop/home-and-ents/all?department=Stationery%2C%20Arts%20%26%20Crafts&viewAll=department&page=,£3.00,£3.00/each,,,/groceries/en-GB/products/257644656,https://digitalcontent.api.tesco.com/v2/media/ghs/c3790c90-8320-4d59-821b-b067038d1304/583807ef-ff4c-4739-8844-3e9277ba3c03_1099590676.jpeg?h=225&w=225,
308410965,Pukka Iridescent A5 Project Book,https://www.tesco.com/groceries/en-GB/shop/home-and-ents/all?department=Stationery%2C%20Arts%20%26%20Crafts&viewAll=department&page=,£3.85,£3.85/each,,,/groceries/en-GB/products/308410965,https://digitalcontent.api.tesco.com/v2/media/ghs/628c9eb3-35af-481d-8e4c-3afe32a52ffa/b3924705-a8b7-4844-9824-612f10f60729_1048258106.jpeg?h=225&w=225,
300461277,Pukka Posting Box Small,https://www.tesco.com/groceries/en-GB/shop/home-and-ents/all?department=Stationery%2C%20Arts%20%26%20Crafts&viewAll=department&page=,£3.30,£3.30/each,,,/groceries/en-GB/products/300461277,https://digitalcontent.api.tesco.com/v2/media/ghs/e01edb8c-c482-4cff-a262-1c0f41f29aca/da045eab-4408-4a26-877e-c2b511154d53_560353048.jpeg?h=225&w=225,
287329982,"Paper Mate InkJoy 100 Ballpoint Pens, Black, 8 Count",https://www.tesco.com/groceries/en-GB/shop/home-and-ents/all?department=Stationery%2C%20Arts%20%26%20Crafts&viewAll=department&page=,£3.50,£0.44/each,,,/groceries/en-GB/products/287329982,https://digitalcontent.api.tesco.com/v2/media/ghs/d2748620-5b4d-459a-9e51-7c96764903e5/b570c106-d424-464e-a3f2-85d577768f0f_169740724.jpeg?h=225&w=225,
303614749,Bic Kids Couleur Colouring Pens 12 Pack,https://www.tesco.com/groceries/en-GB/shop/home-and-ents/all?department=Stationery%2C%20Arts%20%26%20Crafts&viewAll=department&page=,£3.25,£0.27/each,,,/groceries/en-GB/products/303614749,https://digitalcontent.api.tesco.com/v2/media/ghs/1c099fd5-5326-427a-be44-5269d43b80e5/d1c1f14a-10c3-4904-8dff-8d70714522d9_1252867606.jpeg?h=225&w=225,
288969680,Tesco Bubble Wrap Roll Small,https://www.tesco.com/groceries/en-GB/shop/home-and-ents/all?department=Stationery%2C%20Arts%20%26%20Crafts&viewAll=department&page=,£2.75,£2.75/each,,,/groceries/en-GB/products/288969680,https://digitalcontent.api.tesco.com/v2/media/ghs/dd121bfb-6b53-4bf1-adcc-db036bd1c901/6114237b-a2b0-4a6c-bcd6-02a2c5003155_489494892.jpeg?h=225&w=225,
305492756,Nuco Cloud A4 Notebook,https://www.tesco.com/groceries/en-GB/shop/home-and-ents/all?department=Stationery%2C%20Arts%20%26%20Crafts&viewAll=department&page=,£3.50,£3.50/each,,,/groceries/en-GB/products/305492756,https://digitalcontent.api.tesco.com/v2/media/ghs/fda2529a-cbd4-4897-aa9b-199ed021360e/d76442b3-f3c7-46e7-a615-dbd3a138aad9_535429837.jpeg?h=225&w=225,
305034999,Go Create Ombre Card,https://www.tesco.com/groceries/en-GB/shop/home-and-ents/all?department=Stationery%2C%20Arts%20%26%20Crafts&viewAll=department&page=,£2.50,£2.50/each,,,/groceries/en-GB/products/305034999,https://digitalcontent.api.tesco.com/v2/media/ghs/fc2da08c-d7f4-4b98-bbac-1de43f952eeb/e947adff-1c59-4534-97ee-0047f4382ce0_1087263112.jpeg?h=225&w=225,
260119366,Staedtler Textsurfer Highlighters 4 Pack,https://www.tesco.com/groceries/en-GB/shop/home-and-ents/all?department=Stationery%2C%20Arts%20%26%20Crafts&viewAll=department&page=,£3.50,£0.88/each,,,/groceries/en-GB/products/260119366,https://digitalcontent.api.tesco.com/v2/media/ghs/ac003e60-1c93-482a-9876-015380bed40b/86f6dd78-8fd5-4d5d-9dfa-43c4a6bbbd29_1690280009.jpeg?h=225&w=225,
271660310,Tesco F/S Document Wallets 5 Pack,https://www.tesco.com/groceries/en-GB/shop/home-and-ents/all?department=Stationery%2C%20Arts%20%26%20Crafts&viewAll=department&page=,£2.50,£0.50/each,,,/groceries/en-GB/products/271660310,https://digitalcontent.api.tesco.com/v2/media/ghs/b1a4f843-713d-4d32-926c-92e5f442de6c/910df361-a164-4a7c-9ccc-c4df02e03926_1182532584.jpeg?h=225&w=225,
296181556,Scentos 5 Gel Pens,https://www.tesco.com/groceries/en-GB/shop/home-and-ents/all?department=Stationery%2C%20Arts%20%26%20Crafts&viewAll=department&page=,£2.75,£2.75/each,,,/groceries/en-GB/products/296181556,https://digitalcontent.api.tesco.com/v2/media/ghs/9f50a281-50d0-46bf-96c8-d21a165d5e27/642fac97-3eed-46f1-bd35-a4e051ed0560_361171304.jpeg?h=225&w=225,
253696638,Crayola Twistable Pencils 10Pack,https://www.tesco.com/groceries/en-GB/shop/home-and-ents/all?department=Stationery%2C%20Arts%20%26%20Crafts&viewAll=department&page=,£2.60,£0.26/each,Reduced to Clear Was £3.50 Now £2.60,,/groceries/en-GB/products/253696638,https://digitalcontent.api.tesco.com/v2/media/ghs/04185e67-4882-44f2-801c-15c1a4fb5ac3/00312198-853a-468e-9770-8a53f21c6b40_1811763794.jpeg?h=225&w=225,
288729544,Pukka A7 Pocket Book,https://www.tesco.com/groceries/en-GB/shop/home-and-ents/all?department=Stationery%2C%20Arts%20%26%20Crafts&viewAll=department&page=,£2.25,£2.25/each,,,/groceries/en-GB/products/288729544,https://digitalcontent.api.tesco.com/v2/media/ghs/e316fab3-bd0b-49d9-b1e5-d85bdb54ae5d/ba4880d0-bbdf-4dae-a3e6-94b2b704281c_428630130.jpeg?h=225&w=225,
255289814,Silver Safety Pins,https://www.tesco.com/groceries/en-GB/shop/home-and-ents/all?department=Stationery%2C%20Arts%20%26%20Crafts&viewAll=department&page=,£2.10,£0.04/each,,,/groceries/en-GB/products/255289814,https://digitalcontent.api.tesco.com/v2/media/ghs/1331a764-b7e9-48a1-b056-edee53447157/ce4af279-0ba9-42c6-8e6e-92ee52b64aae_2137072168.jpeg?h=225&w=225,
258904221,Tesco Liquid Ink Pens Black 3 Pack,https://www.tesco.com/groceries/en-GB/shop/home-and-ents/all?department=Stationery%2C%20Arts%20%26%20Crafts&viewAll=department&page=,£1.50,£0.50/each,,,/groceries/en-GB/products/258904221,https://digitalcontent.api.tesco.com/v2/media/ghs/785ebace-99d5-45d6-8a2e-c92644574bec/7d6a7a0b-05d7-43c5-92e1-5f21689db8a0_709257333.jpeg?h=225&w=225,
288804222,Tesco 4 Colour Ballpoint Pens 3 Pack,https://www.tesco.com/groceries/en-GB/shop/home-and-ents/all?department=Stationery%2C%20Arts%20%26%20Crafts&viewAll=department&page=,£1.50,£0.50/each,,,/groceries/en-GB/products/288804222,https://digitalcontent.api.tesco.com/v2/media/ghs/db6ba4ee-cbfc-4cb9-93b2-4674b4ea979f/180e552b-a1c3-4eda-b427-44d64a93d943_2002778339.jpeg?h=225&w=225,
303812463,Go Create Wooden People,https://www.tesco.com/groceries/en-GB/shop/home-and-ents/all?department=Stationery%2C%20Arts%20%26%20Crafts&viewAll=department&page=,£1.50,£1.50/each,,,/groceries/en-GB/products/303812463,https://digitalcontent.api.tesco.com/v2/media/ghs/1507edcb-0f41-47b5-83e2-5afe094d374c/b3ebac22-25d3-4250-a102-bd62a8bde77c_2047847466.jpeg?h=225&w=225,
307064892,Crayola Supertips 12 Pack Pastel,https://www.tesco.com/groceries/en-GB/shop/home-and-ents/all?department=Stationery%2C%20Arts%20%26%20Crafts&viewAll=department&page=,£3.00,£0.25/each,,,/groceries/en-GB/products/307064892,https://digitalcontent.api.tesco.com/v2/media/ghs/50fa1128-a87d-43c6-8033-c7f203663a63/7a1682ea-8754-4563-a380-c352f7a97f6d_1884702590.jpeg?h=225&w=225,
257478720,"Berol Handwriting Pens, Round Shape, Black Ink, 2 Count",https://www.tesco.com/groceries/en-GB/shop/home-and-ents/all?department=Stationery%2C%20Arts%20%26%20Crafts&viewAll=department&page=,£2.00,£1.00/each,,,/groceries/en-GB/products/257478720,https://digitalcontent.api.tesco.com/v2/media/ghs/cf761b48-adeb-4056-afda-f06f47c924b8/89576e28-8548-4c1d-8dae-acbe8c9e8f92_703369300.jpeg?h=225&w=225,
302931916,Avengers Colour Your Own Masks,https://www.tesco.com/groceries/en-GB/shop/home-and-ents/all?department=Stationery%2C%20Arts%20%26%20Crafts&viewAll=department&page=,£2.00,£2.00/each,,,/groceries/en-GB/products/302931916,https://digitalcontent.api.tesco.com/v2/media/ghs/1f3322ac-b0a9-487b-af27-037617bc4b7b/265b93b6-f79f-40ca-965d-9a911aaef1d6_1216315019.jpeg?h=225&w=225,
312364731,Calm Totem A4 Journal,https://www.tesco.com/groceries/en-GB/shop/home-and-ents/all?department=Stationery%2C%20Arts%20%26%20Crafts&viewAll=department&page=,£4.50,£4.50/each,Reduced to Clear Was £5.50 Now £4.50,,/groceries/en-GB/products/312364731,https://digitalcontent.api.tesco.com/v2/media/ghs/4d80f444-da0e-4b68-a18e-c0ba8220e0cc/a0313876-dde6-418b-a5b8-4b1c8029887f_1471044489.jpeg?h=225&w=225,
312143707,Tesco Alchemy A4 Project Book,https://www.tesco.com/groceries/en-GB/shop/home-and-ents/all?department=Stationery%2C%20Arts%20%26%20Crafts&viewAll=department&page=,£4.50,£4.50/each,,New,/groceries/en-GB/products/312143707,https://digitalcontent.api.tesco.com/v2/media/ghs/25b5d656-dd1b-4646-9662-5c46a16c0f88/d6f92ed2-5997-4160-9455-1d8088f1a01e_488962354.jpeg?h=225&w=225,
296508569,Crayola Colour Wonder Bluey,https://www.tesco.com/groceries/en-GB/shop/home-and-ents/all?department=Stationery%2C%20Arts%20%26%20Crafts&viewAll=department&page=,£6.50,£6.50/each,£4.80 Clubcard Price,,/groceries/en-GB/products/296508569,https://digitalcontent.api.tesco.com/v2/media/ghs/db341d4b-8cec-4f44-9bdc-b6264f4ca2e4/336fe1f0-ad10-41d5-9576-490dfaafd22c_1111948345.jpeg?h=225&w=225,
304506980,Spiderman Bumper Stationery Set,https://www.tesco.com/groceries/en-GB/shop/home-and-ents/all?department=Stationery%2C%20Arts%20%26%20Crafts&viewAll=department&page=,£6.00,£6.00/each,,,/groceries/en-GB/products/304506980,https://digitalcontent.api.tesco.com/v2/media/ghs/e284d3fc-2169-4174-add1-b29bcc56366d/36adbef2-7a7a-4e0d-bd90-e051a08aece6_826531967.jpeg?h=225&w=225,
306379567,Harry Potter Crest Premium Notebook,https://www.tesco.com/groceries/en-GB/shop/home-and-ents/all?department=Stationery%2C%20Arts%20%26%20Crafts&viewAll=department&page=,£8.00,£8.00/each,,,/groceries/en-GB/products/306379567,https://digitalcontent.api.tesco.com/v2/media/ghs/35385c74-c9f3-4fb9-9847-662a0313cada/0b7e2b85-7e3a-4272-9eee-23cd87ae0ad9_314520129.jpeg?h=225&w=225,
270094486,Hp 301 Xl Black Printer Ink Cartridge,https://www.tesco.com/groceries/en-GB/shop/home-and-ents/all?department=Stationery%2C%20Arts%20%26%20Crafts&viewAll=department&page=,£46.00,£46.00/each,,,/groceries/en-GB/products/270094486,https://digitalcontent.api.tesco.com/v2/media/ghs/e5f665c3-8297-4679-ac78-9c8441016d8d/90675c9e-690f-439c-8754-a92ef576c89f_2143579044.jpeg?h=225&w=225,
290522929,Hp 302 Xl Tri Color Printer Ink Cartridge,https://www.tesco.com/groceries/en-GB/shop/home-and-ents/all?department=Stationery%2C%20Arts%20%26%20Crafts&viewAll=department&page=,£40.00,£40.00/each,,,/groceries/en-GB/products/290522929,https://digitalcontent.api.tesco.com/v2/media/ghs/c885fa39-c32a-405b-88ad-3c28f77ed8ce/0ef13ca7-8c68-4f0b-bb2b-d8b9c97cb852_1811151634.jpeg?h=225&w=225,
303627164,Tesco Remanufactured HP 304 XL Black & Colour Multipack Ink Cartridges,https://www.tesco.com/groceries/en-GB/shop/home-and-ents/all?department=Stationery%2C%20Arts%20%26%20Crafts&viewAll=department&page=,£31.50,£31.50/each,£25.00 Clubcard Price,,/groceries/en-GB/products/303627164,https://digitalcontent.api.tesco.com/v2/media/ghs/5847cd8b-e592-411c-9092-3437d604f1a2/3b115972-f20b-4183-9765-95fda5a2e235_1841072382.jpeg?h=225&w=225,
298411150,Tesco Remanufactured Epson 29 Multipack Ink Cartridges,https://www.tesco.com/groceries/en-GB/shop/home-and-ents/all?department=Stationery%2C%20Arts%20%26%20Crafts&viewAll=department&page=,£18.50,£18.50/each,£14.50 Clubcard Price,,/groceries/en-GB/products/298411150,https://digitalcontent.api.tesco.com/v2/media/ghs/7e0e72bc-6a96-41ee-b78b-8dade1d8b0e8/eaea5a00-4dfd-4ac1-8a8a-7ef1ac3c164d_1621163295.jpeg?h=225&w=225,
294291390,Tesco Remanufactured HP 62 XL Black Ink Cartridge,https://www.tesco.com/groceries/en-GB/shop/home-and-ents/all?department=Stationery%2C%20Arts%20%26%20Crafts&viewAll=department&page=,£14.50,£14.50/each,£11.50 Clubcard Price,,/groceries/en-GB/products/294291390,https://digitalcontent.api.tesco.com/v2/media/ghs/0fb0daa8-27fc-4bb6-8e4b-4d6d84bd8938/126a4552-5fa7-4b92-adbd-c1daae376f17_1360208617.jpeg?h=225&w=225,
292148760,Kodak 180Gsm A4 Photo Paper,https://www.tesco.com/groceries/en-GB/shop/home-and-ents/all?department=Stationery%2C%20Arts%20%26%20Crafts&viewAll=department&page=,£6.50,£6.50/each,,,/groceries/en-GB/products/292148760,https://digitalcontent.api.tesco.com/v2/media/ghs/3b3f96c1-0ec9-4a1a-b5a8-78f49a45831e/d9308af1-348c-4689-943c-bccf8d741add_1462328121.jpeg?h=225&w=225,
312143630,Tesco A5 Premium 2023 Dap Diary Black,https://www.tesco.com/groceries/en-GB/shop/home-and-ents/all?department=Stationery%2C%20Arts%20%26%20Crafts&viewAll=department&page=,£6.00,£6.00/each,,New,/groceries/en-GB/products/312143630,https://digitalcontent.api.tesco.com/v2/media/ghs/b209abc3-2104-41f5-9890-ba7b70cda6f9/60a5339c-1908-4405-9032-92a343827aff_986976743.jpeg?h=225&w=225,
312143549,Tesco Monochrome Dots 2023 Dap Diary,https://www.tesco.com/groceries/en-GB/shop/home-and-ents/all?department=Stationery%2C%20Arts%20%26%20Crafts&viewAll=department&page=,£6.00,£6.00/each,,New,/groceries/en-GB/products/312143549,https://digitalcontent.api.tesco.com/v2/media/ghs/740dcc5c-350e-4255-95a3-db6006880f98/32df5e37-ea55-476b-babe-82c46a3ba2ae_1556332451.jpeg?h=225&w=225,
311667947,Parker Jotter Gel Pen Black,https://www.tesco.com/groceries/en-GB/shop/home-and-ents/all?department=Stationery%2C%20Arts%20%26%20Crafts&viewAll=department&page=,£7.00,£7.00/each,£5.25 Clubcard Price,,/groceries/en-GB/products/311667947,https://digitalcontent.api.tesco.com/v2/media/ghs/f23e1ad8-a257-4c8b-bb84-605fe1713e14/c6260532-1dcc-46f2-8823-241ae287591d_785398538.jpeg?h=225&w=225,
311941378,Papermate Flair Pastel Felt Pens 6 Pack,https://www.tesco.com/groceries/en-GB/shop/home-and-ents/all?department=Stationery%2C%20Arts%20%26%20Crafts&viewAll=department&page=,£7.00,£1.17/each,£5.25 Clubcard Price,,/groceries/en-GB/products/311941378,https://digitalcontent.api.tesco.com/v2/media/ghs/e665018f-1229-4a44-8182-b9075727026e/acea8635-a320-48f4-8010-e3e67651f638_1475238763.jpeg?h=225&w=225,
304445498,"Parker Jotter Ballpoint Pen, Magenta, Medium Point, Blue Ink",https://www.tesco.com/groceries/en-GB/shop/home-and-ents/all?department=Stationery%2C%20Arts%20%26%20Crafts&viewAll=department&page=,£7.00,£7.00/each,£5.25 Clubcard Price,,/groceries/en-GB/products/304445498,https://digitalcontent.api.tesco.com/v2/media/ghs/a6885c1c-9e0f-4dc3-9f73-f71e7ed0e12b/28ce0bea-6801-43ee-b23c-04fa9bc2ed57_929564976.jpeg?h=225&w=225,
271503284,Tesco Remanufactured HP 301 Black Ink Cartridge,https://www.tesco.com/groceries/en-GB/shop/home-and-ents/all?department=Stationery%2C%20Arts%20%26%20Crafts&viewAll=department&page=,£12.00,£12.00/each,£9.50 Clubcard Price,,/groceries/en-GB/products/271503284,https://digitalcontent.api.tesco.com/v2/media/ghs/321f5f28-9935-4c27-8855-65d4c9bb92c8/c933333f-7d31-463b-be1b-b45d3f348e08_1611273474.jpeg?h=225&w=225,
312267869,Go Create Crafting Essentials Pack,https://www.tesco.com/groceries/en-GB/shop/home-and-ents/all?department=Stationery%2C%20Arts%20%26%20Crafts&viewAll=department&page=,£6.00,£6.00/each,,,/groceries/en-GB/products/312267869,https://digitalcontent.api.tesco.com/v2/media/ghs/9804172a-57b0-4979-a115-b86603fde988/234673ef-e4ce-49c8-bcde-a064690952c7_230945969.jpeg?h=225&w=225,
295881207,Go Create Starter Paint Set,https://www.tesco.com/groceries/en-GB/shop/home-and-ents/all?department=Stationery%2C%20Arts%20%26%20Crafts&viewAll=department&page=,£8.00,£8.00/each,,,/groceries/en-GB/products/295881207,https://digitalcontent.api.tesco.com/v2/media/ghs/9812e6e5-3eca-41e6-87f4-60566d966fc9/7f2b2fc8-424b-4b88-b1ea-da4d2a7feb90_1307842040.jpeg?h=225&w=225,
307128996,Pukka A4 Casebound Notebook,https://www.tesco.com/groceries/en-GB/shop/home-and-ents/all?department=Stationery%2C%20Arts%20%26%20Crafts&viewAll=department&page=,£5.72,£5.72/each,,,/groceries/en-GB/products/307128996,https://digitalcontent.api.tesco.com/v2/media/ghs/031f8f4f-3bb6-4775-8ec1-0e21c1762682/6a1da8d9-814e-4cd1-ad31-4bf177f8343f_468066301.jpeg?h=225&w=225,
291502969,Tesco Whiteboard Magnets Pens & Board Cleaner,https://www.tesco.com/groceries/en-GB/shop/home-and-ents/all?department=Stationery%2C%20Arts%20%26%20Crafts&viewAll=department&page=,£5.50,£5.50/each,,,/groceries/en-GB/products/291502969,https://digitalcontent.api.tesco.com/v2/media/ghs/cdeae8d7-77a3-409e-9211-51cd79a1aa5c/d017802b-f424-473b-a948-d4acf89260f6_963320052.jpeg?h=225&w=225,
259805968,Uniball 157 Eye Rollerball Black 5 Pack,https://www.tesco.com/groceries/en-GB/shop/home-and-ents/all?department=Stationery%2C%20Arts%20%26%20Crafts&viewAll=department&page=,£8.00,£1.60/each,,,/groceries/en-GB/products/259805968,https://digitalcontent.api.tesco.com/v2/media/ghs/9f91215d-a171-4241-a7c8-f27ced3f4573/25bb1509-13b2-46bc-b025-d00ccce55497_822339674.jpeg?h=225&w=225,
312143463,Tesco A5 Black/Tan 2023 Soft Touch Diary,https://www.tesco.com/groceries/en-GB/shop/home-and-ents/all?department=Stationery%2C%20Arts%20%26%20Crafts&viewAll=department&page=,£4.00,£4.00/each,,New,/groceries/en-GB/products/312143463,https://digitalcontent.api.tesco.com/v2/media/ghs/0052c3f8-1d43-4f6e-8050-8c8d34022728/4ad670bf-6e4a-4fe5-8419-fadd343ef332_1036421267.jpeg?h=225&w=225,
310502249,Go Create Make Your Own Cushion,https://www.tesco.com/groceries/en-GB/shop/home-and-ents/all?department=Stationery%2C%20Arts%20%26%20Crafts&viewAll=department&page=,£5.00,£5.00/each,,,/groceries/en-GB/products/310502249,https://digitalcontent.api.tesco.com/v2/media/ghs/244bcdcf-44b8-4fab-9e16-1772b21d35f5/22e4b7e9-4c1b-4e40-b83b-f0cc3f59a919_220454142.jpeg?h=225&w=225,
281468546,Go Create Coloured Card A3,https://www.tesco.com/groceries/en-GB/shop/home-and-ents/all?department=Stationery%2C%20Arts%20%26%20Crafts&viewAll=department&page=,£3.00,£3.00/each,,,/groceries/en-GB/products/281468546,https://digitalcontent.api.tesco.com/v2/media/ghs/db79e33f-37f2-4a2d-a416-1c01c4387800/42c3298c-3d80-4843-ae72-1f964134ffa9_590441996.jpeg?h=225&w=225,
302374573,Pukka Pastel A4 Jotta,https://www.tesco.com/groceries/en-GB/shop/home-and-ents/all?department=Stationery%2C%20Arts%20%26%20Crafts&viewAll=department&page=,£3.70,£3.70/each,,,/groceries/en-GB/products/302374573,https://digitalcontent.api.tesco.com/v2/media/ghs/879b407e-421d-4c0f-b3d5-6d05c0d4d8f6/727bd952-b2a9-44b9-9f7f-c3feb34ac795_980973034.jpeg?h=225&w=225,
298393291,"Berol Dry Wipe Whiteboard Markers, Bullet Tip, 4 Count",https://www.tesco.com/groceries/en-GB/shop/home-and-ents/all?department=Stationery%2C%20Arts%20%26%20Crafts&viewAll=department&page=,£5.75,£1.44/each,,,/groceries/en-GB/products/298393291,https://digitalcontent.api.tesco.com/v2/media/ghs/75c56ef4-0fb4-4673-b669-1c769b658c49/2a2c152f-d288-48fc-bd16-98220b17c3fe_1483270475.jpeg?h=225&w=225,
306353661,Zebra Stick Pastel Black Ink 5 Pack,https://www.tesco.com/groceries/en-GB/shop/home-and-ents/all?department=Stationery%2C%20Arts%20%26%20Crafts&viewAll=department&page=,£4.00,£0.80/each,,,/groceries/en-GB/products/306353661,https://digitalcontent.api.tesco.com/v2/media/ghs/f8af87d8-77fc-441a-bae3-8b480da76a21/e2aa85da-3b00-4288-a28f-eb3489cd953a_1965919737.jpeg?h=225&w=225,
303857006,Horizon Stampers,https://www.tesco.com/groceries/en-GB/shop/home-and-ents/all?department=Stationery%2C%20Arts%20%26%20Crafts&viewAll=department&page=,£4.00,£4.00/each,,,/groceries/en-GB/products/303857006,https://digitalcontent.api.tesco.com/v2/media/ghs/1a8bec96-5550-4426-9469-05220d0eac40/2955490e-7ad9-45e4-9665-a3fa62a74c48_1063199862.jpeg?h=225&w=225,
263327804,Bic Cristal Pens Blue 10 Pack,https://www.tesco.com/groceries/en-GB/shop/home-and-ents/all?department=Stationery%2C%20Arts%20%26%20Crafts&viewAll=department&page=,£3.00,£0.30/each,,,/groceries/en-GB/products/263327804,https://digitalcontent.api.tesco.com/v2/media/ghs/98931b61-3f37-44e6-a2f3-59d36f693738/8b9eded4-051e-4db7-ae54-f20156de8eba_1280857069.jpeg?h=225&w=225,
271486608,Crayola 8 Beginnings Jumbo Decorated Pencil,https://www.tesco.com/groceries/en-GB/shop/home-and-ents/all?department=Stationery%2C%20Arts%20%26%20Crafts&viewAll=department&page=,£4.50,£0.56/each,,,/groceries/en-GB/products/271486608,https://digitalcontent.api.tesco.com/v2/media/ghs/bd1d0231-9e44-47d9-b1ea-44bbdec9cbe5/8c690617-efb7-4fab-86ff-da6cad59bbd8_61288754.jpeg?h=225&w=225,
255677009,Crayola My First Jumbo Crayons 24 Pack,https://www.tesco.com/groceries/en-GB/shop/home-and-ents/all?department=Stationery%2C%20Arts%20%26%20Crafts&viewAll=department&page=,£4.50,£0.19/each,,,/groceries/en-GB/products/255677009,https://digitalcontent.api.tesco.com/v2/media/ghs/2d5cdd3a-633b-4476-b13e-6c909a5fdd2e/594dd40e-efde-451a-a73e-78eb9afd056e_2094547261.jpeg?h=225&w=225,
271660460,Tesco A4 Report Files 5 Pack,https://www.tesco.com/groceries/en-GB/shop/home-and-ents/all?department=Stationery%2C%20Arts%20%26%20Crafts&viewAll=department&page=,£2.50,£0.50/each,,,/groceries/en-GB/products/271660460,https://digitalcontent.api.tesco.com/v2/media/ghs/ab76dfc2-6440-40af-90e1-5e75a4d67f6b/5aebcaa8-2d15-4df6-9fd8-80cf91977021_131161843.jpeg?h=225&w=225,
261373008,Tesco Safewrap Fragile Tape 48Mmx66m,https://www.tesco.com/groceries/en-GB/shop/home-and-ents/all?department=Stationery%2C%20Arts%20%26%20Crafts&viewAll=department&page=,£2.75,£2.75/each,,,/groceries/en-GB/products/261373008,https://digitalcontent.api.tesco.com/v2/media/ghs/eb80aa50-5387-49e7-80d1-3670d7ed4f0d/fb378caa-5471-4a46-90c8-9557b3e84d30_700237156.jpeg?h=225&w=225,
311440314,Uniball Posca Black Paint Marker,https://www.tesco.com/groceries/en-GB/shop/home-and-ents/all?department=Stationery%2C%20Arts%20%26%20Crafts&viewAll=department&page=,£2.50,£2.50/each,,,/groceries/en-GB/products/311440314,https://digitalcontent.api.tesco.com/v2/media/ghs/1452f9cc-eff7-450f-900c-c5654766e766/4839c8da-61cd-43fa-bead-b57098e2fdb8_1765266530.jpeg?h=225&w=225,
311095307,Kids Create Construct & Mould Dinosaur,https://www.tesco.com/groceries/en-GB/shop/home-and-ents/all?department=Stationery%2C%20Arts%20%26%20Crafts&viewAll=department&page=,£3.00,£3.00/each,,,/groceries/en-GB/products/311095307,https://digitalcontent.api.tesco.com/v2/media/ghs/4663840b-2da7-41c7-979d-7eaa938905b9/526b578f-49d0-4b74-b6ff-2dc16f1af112_359212900.jpeg?h=225&w=225,
298083957,Tesco Magnetic List Pad 200 Pages,https://www.tesco.com/groceries/en-GB/shop/home-and-ents/all?department=Stationery%2C%20Arts%20%26%20Crafts&viewAll=department&page=,£1.65,£1.65/each,,,/groceries/en-GB/products/298083957,https://digitalcontent.api.tesco.com/v2/media/ghs/3f9242e9-9860-4225-a594-cdeaf35c0472/a97b4ef9-9c90-45a1-a47e-211199cbcbe7_1610023220.jpeg?h=225&w=225,
311802215,Loctite Super Glue Power Gel 20G,https://www.tesco.com/groceries/en-GB/shop/home-and-ents/all?department=Stationery%2C%20Arts%20%26%20Crafts&viewAll=department&page=,£6.00,£30.00/100g,,,/groceries/en-GB/products/311802215,https://digitalcontent.api.tesco.com/v2/media/ghs/8e196529-b156-459f-9bac-8eec6dc1c1b1/9e780179-4177-423e-9fed-59195eb5b641_376031903.jpeg?h=225&w=225,
296181585,Scentos Fine Line Markers 10 Pack,https://www.tesco.com/groceries/en-GB/shop/home-and-ents/all?department=Stationery%2C%20Arts%20%26%20Crafts&viewAll=department&page=,£3.00,£0.30/each,,,/groceries/en-GB/products/296181585,https://digitalcontent.api.tesco.com/v2/media/ghs/86d02e15-29ef-4b4b-8000-796886a04593/fcff4bc3-092f-4953-a3ef-b1cc897deac2_1415069853.jpeg?h=225&w=225,
303812555,Go Create Card Cut Outs,https://www.tesco.com/groceries/en-GB/shop/home-and-ents/all?department=Stationery%2C%20Arts%20%26%20Crafts&viewAll=department&page=,£1.50,£1.50/each,,,/groceries/en-GB/products/303812555,https://digitalcontent.api.tesco.com/v2/media/ghs/a1f3c8f8-c7e9-4c02-b8bd-817fa473ffcb/cb4a7ef5-d777-4424-bb0a-e1773be6e5c1_1299911755.jpeg?h=225&w=225,
298083992,Tesco A4 Zipper Wallet 3 Pack,https://www.tesco.com/groceries/en-GB/shop/home-and-ents/all?department=Stationery%2C%20Arts%20%26%20Crafts&viewAll=department&page=,£2.25,£0.75/each,,,/groceries/en-GB/products/298083992,https://digitalcontent.api.tesco.com/v2/media/ghs/e74e1d1d-1f41-4fdc-81c3-6242ec451c67/c45589f2-9c12-407c-ab5d-b9b5cbef62f8_472854603.jpeg?h=225&w=225,
310804255,Tesco Chisel Tip Marker Black,https://www.tesco.com/groceries/en-GB/shop/home-and-ents/all?department=Stationery%2C%20Arts%20%26%20Crafts&viewAll=department&page=,£1.50,£1.50/each,,,/groceries/en-GB/products/310804255,https://digitalcontent.api.tesco.com/v2/media/ghs/1f31bf46-2988-4cc4-ac14-93942aadb9de/74a7ca8a-bbcd-4b2f-a2e4-c91fdc935a5c_618790950.jpeg?h=225&w=225,
312267898,Go Create Fuzzy Sticks 30 Pieces,https://www.tesco.com/groceries/en-GB/shop/home-and-ents/all?department=Stationery%2C%20Arts%20%26%20Crafts&viewAll=department&page=,£1.50,£0.05/each,,,/groceries/en-GB/products/312267898,https://digitalcontent.api.tesco.com/v2/media/ghs/88037ba3-27ab-4e1a-a8c0-3b71981122e1/acfb2fd2-9d38-404b-99b4-ffca4c0a70bd_1188196866.jpeg?h=225&w=225,
312267944,Go Create Unicorn & Princess Card Shapes,https://www.tesco.com/groceries/en-GB/shop/home-and-ents/all?department=Stationery%2C%20Arts%20%26%20Crafts&viewAll=department&page=,£1.50,£0.75/each,,,/groceries/en-GB/products/312267944,https://digitalcontent.api.tesco.com/v2/media/ghs/c5f54414-7f7d-477d-8f30-8a33f88c34e4/030c9b7d-9189-4610-9e90-7b58172cb271_1547377867.jpeg?h=225&w=225,
313093519,Christmas Scratchcard,https://www.tesco.com/groceries/en-GB/shop/home-and-ents/all?department=National%20Lottery&viewAll=department&page=,£5.00,£5.00/each,,New,/groceries/en-GB/products/313093519,https://digitalcontent.api.tesco.com/v2/media/ghs/747e29fc-b407-4b4c-b8e4-dc77952fc867/846fbc01-e4a1-43b2-a27f-80c15d8aa4af_1525424626.jpeg?h=225&w=225,
313344500,Gold Fever Scratchcard,https://www.tesco.com/groceries/en-GB/shop/home-and-ents/all?department=National%20Lottery&viewAll=department&page=,£5.00,£5.00/each,,New,/groceries/en-GB/products/313344500,https://digitalcontent.api.tesco.com/v2/media/ghs/5a5d57e8-f56a-4bef-a2c5-2d4ef40719e8/5d20b1ef-f6b4-4dc3-86c7-ccf972e14007_595901714.jpeg?h=225&w=225,
313093491,12 Pays Of Christmas Scratchcad,https://www.tesco.com/groceries/en-GB/shop/home-and-ents/all?department=National%20Lottery&viewAll=department&page=,£5.00,£5.00/each,,New,/groceries/en-GB/products/313093491,https://digitalcontent.api.tesco.com/v2/media/ghs/27ff5900-a2f9-4325-95be-e9acf1fadad8/ecca2c76-7695-4460-a608-92c5b3c960a7_1345824384.jpeg?h=225&w=225,
313344483,Festive Lines Scratchcard,https://www.tesco.com/groceries/en-GB/shop/home-and-ents/all?department=National%20Lottery&viewAll=department&page=,£3.00,£3.00/each,,New,/groceries/en-GB/products/313344483,https://digitalcontent.api.tesco.com/v2/media/ghs/43dd2b84-a185-4057-b7ac-4e79ce3da3d8/0c3b9214-2212-4008-9b0b-25683d79134c_2093840345.jpeg?h=225&w=225,
313093410,Bingo Pink Scratchcard,https://www.tesco.com/groceries/en-GB/shop/home-and-ents/all?department=National%20Lottery&viewAll=department&page=,£3.00,£3.00/each,,New,/groceries/en-GB/products/313093410,https://digitalcontent.api.tesco.com/v2/media/ghs/11f4687d-0d2e-4344-a8a7-ef96f8dd62e5/6f13b1f7-5135-4e59-b94b-e94082f164fe_1660433735.jpeg?h=225&w=225,
310338547,Frosty Bingo Scratchcard,https://www.tesco.com/groceries/en-GB/shop/home-and-ents/all?department=National%20Lottery&viewAll=department&page=,£3.00,£3.00/each,,,/groceries/en-GB/products/310338547,https://digitalcontent.api.tesco.com/v2/media/ghs/bee1609b-9baa-43b5-9cfa-42bb3279fd23/ba3655d6-b33d-4500-b9a4-d2d1231b5837_693037681.jpeg?h=225&w=225,
313093433,Winning 777 Scratchcard,https://www.tesco.com/groceries/en-GB/shop/home-and-ents/all?department=National%20Lottery&viewAll=department&page=,£3.00,£3.00/each,,New,/groceries/en-GB/products/313093433,https://digitalcontent.api.tesco.com/v2/media/ghs/a879ff79-82f0-4bed-b981-4d32657ef37b/19a9979c-c306-4eaf-b5d1-aa0e091b5325_1865636421.jpeg?h=225&w=225,
313018910,Cashword Doubler Scratchcard,https://www.tesco.com/groceries/en-GB/shop/home-and-ents/all?department=National%20Lottery&viewAll=department&page=,£3.00,£3.00/each,,New,/groceries/en-GB/products/313018910,https://digitalcontent.api.tesco.com/v2/media/ghs/bc53eef2-adf4-491e-afc7-52db17c6cd3d/5a294c7e-035c-47b8-8e06-23e5dc4d075e_571699008.jpeg?h=225&w=225,
311066170,"£250,000 Yellow Doubler Scratchcard",https://www.tesco.com/groceries/en-GB/shop/home-and-ents/all?department=National%20Lottery&viewAll=department&page=,£2.00,£2.00/each,,,/groceries/en-GB/products/311066170,https://digitalcontent.api.tesco.com/v2/media/ghs/868a1714-3609-4dea-9742-01c54a8a2773/b938dc1a-5a78-4d0d-9a3a-f9466c64ecd7_1982745725.jpeg?h=225&w=225,
313344287,Jolly 7S Scratchcard,https://www.tesco.com/groceries/en-GB/shop/home-and-ents/all?department=National%20Lottery&viewAll=department&page=,£2.00,£2.00/each,,New,/groceries/en-GB/products/313344287,https://digitalcontent.api.tesco.com/v2/media/ghs/0ec6619f-fd91-4d35-b858-726c317fd965/a3b80913-cf5d-4b81-a468-6005907c15b3_925162956.jpeg?h=225&w=225,
312300266,"£250,000 Orange Scratchcard",https://www.tesco.com/groceries/en-GB/shop/home-and-ents/all?department=National%20Lottery&viewAll=department&page=,£2.00,£2.00/each,,,/groceries/en-GB/products/312300266,https://digitalcontent.api.tesco.com/v2/media/ghs/b485de3e-9748-439f-bcab-bf14eb97aea7/88489ca6-cf82-400a-80e0-a3eb421b739a_870340683.jpeg?h=225&w=225,
313344229,"£100,000 Triple Purple Scratchcard",https://www.tesco.com/groceries/en-GB/shop/home-and-ents/all?department=National%20Lottery&viewAll=department&page=,£1.00,£1.00/each,,New,/groceries/en-GB/products/313344229,https://digitalcontent.api.tesco.com/v2/media/ghs/b17fc01d-e008-4386-8402-5398a6e8616d/1e67993d-0675-4970-9cf7-a96955cfe743_1148253326.jpeg?h=225&w=225,
313344241,Snow Me The Money Scratchcard,https://www.tesco.com/groceries/en-GB/shop/home-and-ents/all?department=National%20Lottery&viewAll=department&page=,£1.00,£1.00/each,,New,/groceries/en-GB/products/313344241,https://digitalcontent.api.tesco.com/v2/media/ghs/03c3f126-b3a7-45e6-aab8-f448a9642444/51f9f0e8-ce4d-42f7-8520-f69407f47c99_1114623007.jpeg?h=225&w=225,
310715781,Lucky Roll Scratchcard,https://www.tesco.com/groceries/en-GB/shop/home-and-ents/all?department=National%20Lottery&viewAll=department&page=,£1.00,£1.00/each,,,/groceries/en-GB/products/310715781,https://digitalcontent.api.tesco.com/v2/media/ghs/9794239d-dc74-4651-b8df-a6d006222162/be5a1453-466a-4f7b-b706-a02dcf2d973c_1908276851.jpeg?h=225&w=225,
313237564,Fifa 23 Xbox Series X,https://www.tesco.com/groceries/en-GB/shop/home-and-ents/all?department=Gaming%20%26%20Books&viewAll=department&page=,£62.00,£62.00/each,£50.00 Clubcard Price,,/groceries/en-GB/products/313237564,https://digitalcontent.api.tesco.com/v2/media/ghs/2bb5d36a-03eb-4a47-ad9a-5521767b7220/5523cee1-6be0-4b84-ad29-a6ec2d53d159_258268385.jpeg?h=225&w=225,
313237489,Fifa 23 Ps5,https://www.tesco.com/groceries/en-GB/shop/home-and-ents/all?department=Gaming%20%26%20Books&viewAll=department&page=,£62.00,£62.00/each,£50.00 Clubcard Price,,/groceries/en-GB/products/313237489,https://digitalcontent.api.tesco.com/v2/media/ghs/5b8425bb-a8b4-49b8-b018-20cca9184047/09c3117b-6f67-4f1c-8d8e-227072611c97_1577525797.jpeg?h=225&w=225,
311602777,Gran Turismo 7 Ps5,https://www.tesco.com/groceries/en-GB/shop/home-and-ents/all?department=Gaming%20%26%20Books&viewAll=department&page=,£35.00,£35.00/each,Reduced to Clear Was £59.00 Now £35.00,,/groceries/en-GB/products/311602777,https://digitalcontent.api.tesco.com/v2/media/ghs/600d04d3-6db7-48af-93d7-8b8b555e3ff6/5c85e4bf-fcc1-4970-afbc-b33663818a91_1782974373.jpeg?h=225&w=225,
311603059,Horizon Forbidden West Ps5,https://www.tesco.com/groceries/en-GB/shop/home-and-ents/all?department=Gaming%20%26%20Books&viewAll=department&page=,£25.00,£25.00/each,Reduced to Clear Was £59.00 Now £25.00,,/groceries/en-GB/products/311603059,https://digitalcontent.api.tesco.com/v2/media/ghs/160ebef7-7616-48e3-96eb-33f509f85934/8fb4f239-01ec-4707-a8a8-5ae07d7dd2bf_692839211.jpeg?h=225&w=225,
313237817,Call of Duty: Modern Warfare II (2022) PS5,https://www.tesco.com/groceries/en-GB/shop/home-and-ents/all?department=Gaming%20%26%20Books&viewAll=department&page=,£58.00,£58.00/each,,,/groceries/en-GB/products/313237817,https://digitalcontent.api.tesco.com/v2/media/ghs/9d6a33cd-ce32-45df-9e16-95b038cd2da6/bdce5c58-af2d-48d4-9856-cc77b28c1c3e_845004636.jpeg?h=225&w=225,
313237869,Call of Duty: Modern Warfare II (2022) PS4,https://www.tesco.com/groceries/en-GB/shop/home-and-ents/all?department=Gaming%20%26%20Books&viewAll=department&page=,£58.00,£58.00/each,,New,/groceries/en-GB/products/313237869,https://digitalcontent.api.tesco.com/v2/media/ghs/2d24b7d3-bd7b-48b4-bcc4-430c82747f6b/2a553807-25e7-4a20-a741-d95b3da9b2ff_923568412.jpeg?h=225&w=225,
313237506,Fifa 23 Ps4,https://www.tesco.com/groceries/en-GB/shop/home-and-ents/all?department=Gaming%20%26%20Books&viewAll=department&page=,£53.00,£53.00/each,£40.00 Clubcard Price,,/groceries/en-GB/products/313237506,https://digitalcontent.api.tesco.com/v2/media/ghs/45f9a660-8679-4a2e-a55e-2fd633b34242/d7933987-c201-430a-ab3a-76a65e189eb7_591480403.jpeg?h=225&w=225,
313237541,Fifa 23 Xbox One,https://www.tesco.com/groceries/en-GB/shop/home-and-ents/all?department=Gaming%20%26%20Books&viewAll=department&page=,£53.00,£53.00/each,£40.00 Clubcard Price,,/groceries/en-GB/products/313237541,https://digitalcontent.api.tesco.com/v2/media/ghs/5194b1f0-251e-42c3-b4c4-d87493babef1/3e5c75ab-8800-49c5-b8de-81c7b85b98bd_1386863596.jpeg?h=225&w=225,
311603094,Gran Turismo 7 Ps4,https://www.tesco.com/groceries/en-GB/shop/home-and-ents/all?department=Gaming%20%26%20Books&viewAll=department&page=,£27.00,£27.00/each,Reduced to Clear Was £50.00 Now £27.00,,/groceries/en-GB/products/311603094,https://digitalcontent.api.tesco.com/v2/media/ghs/41e547ec-0ee5-4276-8d11-d0912f012555/7765fd18-f6a6-48b0-92d2-3606034af5a2_2058143514.jpeg?h=225&w=225,
311603111,Horizon Forbidden West Ps4,https://www.tesco.com/groceries/en-GB/shop/home-and-ents/all?department=Gaming%20%26%20Books&viewAll=department&page=,£20.00,£20.00/each,Reduced to Clear Was £50.00 Now £20.00,,/groceries/en-GB/products/311603111,https://digitalcontent.api.tesco.com/v2/media/ghs/f3c00654-7e26-4472-a6e8-9a0829c2edac/84400cbe-8e15-44ae-90d7-3d339f85efe2_656481695.jpeg?h=225&w=225,
310133236,Pokemon Legends Arceus Nintendo Switch,https://www.tesco.com/groceries/en-GB/shop/home-and-ents/all?department=Gaming%20%26%20Books&viewAll=department&page=,£40.00,£40.00/each,,,/groceries/en-GB/products/310133236,https://digitalcontent.api.tesco.com/v2/media/ghs/fe1dc9e9-34ce-4020-b096-0cf48dd8fe40/9f429df8-0de2-4f43-be87-5b5a684f36ab_1611036644.jpeg?h=225&w=225,
306192787,Animal Crossing New Horizons Nintendo,https://www.tesco.com/groceries/en-GB/shop/home-and-ents/all?department=Gaming%20%26%20Books&viewAll=department&page=,£40.00,£40.00/each,,,/groceries/en-GB/products/306192787,https://digitalcontent.api.tesco.com/v2/media/ghs/4896c810-2a9b-47bb-9e5a-9acae08e233c/94848f8d-5b70-47f2-8273-73f2943b92c3_728022667.jpeg?h=225&w=225,
295952395,Mario Kart 8 Nintendo Switch Game,https://www.tesco.com/groceries/en-GB/shop/home-and-ents/all?department=Gaming%20%26%20Books&viewAll=department&page=,£40.00,£40.00/each,,,/groceries/en-GB/products/295952395,https://digitalcontent.api.tesco.com/v2/media/ghs/dd31e4e4-7f42-44ba-b478-a00044bae56b/0ca1aaf8-90b9-429a-9793-830a001c15c7_1765719456.jpeg?h=225&w=225,
308461875,Super Mario 3D World+ Bower's Fury,https://www.tesco.com/groceries/en-GB/shop/home-and-ents/all?department=Gaming%20%26%20Books&viewAll=department&page=,£40.00,£40.00/each,,,/groceries/en-GB/products/308461875,https://digitalcontent.api.tesco.com/v2/media/ghs/e359d9f6-5ca8-446c-a925-0f8483f30e4a/29ad53e6-a99b-4206-9f31-7f47e2e57090_1277256384.jpeg?h=225&w=225,
310093680,Mario Party Superstars Nintendo Switch,https://www.tesco.com/groceries/en-GB/shop/home-and-ents/all?department=Gaming%20%26%20Books&viewAll=department&page=,£40.00,£40.00/each,,,/groceries/en-GB/products/310093680,https://digitalcontent.api.tesco.com/v2/media/ghs/168891ac-fd00-45e4-a77d-6b0dfce5c914/dc992a0e-b9af-4c15-bf06-8d508ab404e0_1951581004.jpeg?h=225&w=225,
305119797,Luigi's Mansion 3 Nintendo,https://www.tesco.com/groceries/en-GB/shop/home-and-ents/all?department=Gaming%20%26%20Books&viewAll=department&page=,£40.00,£40.00/each,,,/groceries/en-GB/products/305119797,https://digitalcontent.api.tesco.com/v2/media/ghs/e0f36121-27f0-4fc1-a1ec-d584f8def947/1cd95289-b0e7-4792-8814-2b3995d4e814_882624279.jpeg?h=225&w=225,
310763348,James Bond No Time To Die Blu Ray,https://www.tesco.com/groceries/en-GB/shop/home-and-ents/all?department=Gaming%20%26%20Books&viewAll=department&page=,,,,,/groceries/en-GB/products/310763348,https://digitalcontent.api.tesco.com/v2/media/ghs/11adcbb0-43fb-4b6d-b8b5-c0cf26cd80d7/e7f7c4d0-19db-4ddd-83cb-529adf0468da_1127495619.jpeg?h=225&w=225,This product's currently out of stock
310763360,James Bond No Time To Die Dvd,https://www.tesco.com/groceries/en-GB/shop/home-and-ents/all?department=Gaming%20%26%20Books&viewAll=department&page=,,,,,/groceries/en-GB/products/310763360,https://digitalcontent.api.tesco.com/v2/media/ghs/b1c572dd-0896-4d52-a056-c082a6ee4147/f7c39e51-4c1f-4dc5-88e6-6b3e2cfc28e6_1639545969.jpeg?h=225&w=225,This product's currently out of stock
312154300,World's Worst Pets David Walliams,https://www.tesco.com/groceries/en-GB/shop/home-and-ents/all?department=Gaming%20%26%20Books&viewAll=department&page=,£8.00,£8.00/each,,,/groceries/en-GB/products/312154300,https://digitalcontent.api.tesco.com/v2/media/ghs/425f05ce-d204-4708-96f8-840da93ca7a9/804bde7f-841a-4634-9424-337d677db633_688322131.jpeg?h=225&w=225,
310710164,The Suicide Squad Dvd,https://www.tesco.com/groceries/en-GB/shop/home-and-ents/all?department=Gaming%20%26%20Books&viewAll=department&page=,,,,,/groceries/en-GB/products/310710164,https://digitalcontent.api.tesco.com/v2/media/ghs/c2598e4a-9f37-4d6b-aaa5-cc2129dc7330/9532c99f-a0f9-4c8f-b017-369f0575b7d1_816862128.jpeg?h=225&w=225,This product's currently out of stock
311865445,The Man Who Died Twice Richard Osman,https://www.tesco.com/groceries/en-GB/shop/home-and-ents/all?department=Gaming%20%26%20Books&viewAll=department&page=,£5.50,£5.50/each,Any 2 for £9 Clubcard Price - Selected Adult Books,,/groceries/en-GB/products/311865445,https://digitalcontent.api.tesco.com/v2/media/ghs/9f3eda4f-5da9-460f-8a41-a8409c81bd19/f40daa6b-3ac4-405c-bc3f-4eac12cfd802_1245630367.jpeg?h=225&w=225,
310552978,It Ends With Us The Emotional #1 Sunday Times,https://www.tesco.com/groceries/en-GB/shop/home-and-ents/all?department=Gaming%20%26%20Books&viewAll=department&page=,£5.50,£5.50/each,Any 2 for £9 Clubcard Price - Selected Adult Books,,/groceries/en-GB/products/310552978,,
309129243,The Thursday Murder Club Richard Osman,https://www.tesco.com/groceries/en-GB/shop/home-and-ents/all?department=Gaming%20%26%20Books&viewAll=department&page=,£5.50,£5.50/each,Any 2 for £9 Clubcard Price - Selected Adult Books,,/groceries/en-GB/products/309129243,,
310481324,Peppa's Jingle Bells Peppa Pig,https://www.tesco.com/groceries/en-GB/shop/home-and-ents/all?department=Gaming%20%26%20Books&viewAll=department&page=,£5.50,£5.50/each,Any 2 for £7 Clubcard Price - Selected Kids Books,,/groceries/en-GB/products/310481324,,
309129243,The Thursday Murder Club Richard Osman,https://www.tesco.com/groceries/en-GB/shop/home-and-ents/all?department=Gaming%20%26%20Books&viewAll=department&page=,£5.50,£5.50/each,Any 2 for £9 Clubcard Price - Selected Adult Books,,/groceries/en-GB/products/309129243,https://digitalcontent.api.tesco.com/v2/media/ghs/c2598e4a-9f37-4d6b-aaa5-cc2129dc7330/9532c99f-a0f9-4c8f-b017-369f0575b7d1_816862128.jpeg?h=225&w=225,
311043456,Sticker Dd Dogs & Puppies Fiona Wattage,https://www.tesco.com/groceries/en-GB/shop/home-and-ents/all?department=Gaming%20%26%20Books&viewAll=department&page=,£5.00,£5.00/each,Any 2 for £7 Clubcard Price - Selected Kids Books,,/groceries/en-GB/products/311043456,https://digitalcontent.api.tesco.com/v2/media/ghs/6a72e71b-38aa-46f3-bbe0-b699f8f244bd/5d4491b5-58de-4a43-a55b-a484fcc03c45_358554025.jpeg?h=225&w=225,
312172105,Sticker Dd Mermaid Kingdom Fiona Wattage,https://www.tesco.com/groceries/en-GB/shop/home-and-ents/all?department=Gaming%20%26%20Books&viewAll=department&page=,£5.00,£5.00/each,Any 2 for £7 Clubcard Price - Selected Kids Books,,/groceries/en-GB/products/312172105,https://digitalcontent.api.tesco.com/v2/media/ghs/cc57f35b-bcca-4df8-8661-f5ad9b506f41/451b4501-c3d4-4065-be4c-4e17fa52689a_1218338825.jpeg?h=225&w=225,
307901242,Dear Santa Rod Campbell,https://www.tesco.com/groceries/en-GB/shop/home-and-ents/all?department=Gaming%20%26%20Books&viewAll=department&page=,£5.00,£5.00/each,Any 2 for £7 Clubcard Price - Selected Kids Books,,/groceries/en-GB/products/307901242,https://digitalcontent.api.tesco.com/v2/media/ghs/31e69b29-c418-4d28-8269-495065720aef/d626ac42-89c7-40e1-bf84-d1e0c1f334b2_722396187.jpeg?h=225&w=225,
292807636,Room On The Broom Paddys Bathroom Julia Donaldson,https://www.tesco.com/groceries/en-GB/shop/home-and-ents/all?department=Gaming%20%26%20Books&viewAll=department&page=,£4.50,£4.50/each,Any 2 for £7 Clubcard Price - Selected Kids Books,,/groceries/en-GB/products/292807636,https://digitalcontent.api.tesco.com/v2/media/ghs/cedf33c0-0216-4531-8722-d1968dbd5841/bbc14f8e-f727-4933-9090-27bc1f11af8f_507960580.jpeg?h=225&w=225,
306891841,We're Going On A Treasure Hunt Martha Mumford,https://www.tesco.com/groceries/en-GB/shop/home-and-ents/all?department=Gaming%20%26%20Books&viewAll=department&page=,£4.50,£4.50/each,Any 2 for £7 Clubcard Price - Selected Kids Books,,/groceries/en-GB/products/306891841,https://digitalcontent.api.tesco.com/v2/media/ghs/a49bbe52-5cbe-4126-83d2-fbc058aa786b/75ebd1e5-43c4-4fd0-9b38-1d2833cd2714_1073573953.jpeg?h=225&w=225,
310561610,Night Of The Living Vegetable Sue Hendra,https://www.tesco.com/groceries/en-GB/shop/home-and-ents/all?department=Gaming%20%26%20Books&viewAll=department&page=,£4.50,£4.50/each,Any 2 for £7 Clubcard Price - Selected Kids Books,,/groceries/en-GB/products/310561610,https://digitalcontent.api.tesco.com/v2/media/ghs/4c25449a-7bf5-42bd-ba29-a79c5e4276ee/940aac99-2569-4270-9178-e03e7eef8d9e_696354446.jpeg?h=225&w=225,
307652173,Funnybones Janet And Allan Ahlberg,https://www.tesco.com/groceries/en-GB/shop/home-and-ents/all?department=Gaming%20%26%20Books&viewAll=department&page=,£4.50,£4.50/each,Any 2 for £7 Clubcard Price - Selected Kids Books,,/groceries/en-GB/products/307652173,https://digitalcontent.api.tesco.com/v2/media/ghs/89ba2507-f600-4fc7-a777-14db3a71f78f/075e823b-26f4-4da9-91dd-8e08af28c43d_1604981466.jpeg?h=225&w=225,
251458581,Duracell Plus D 4 Pack,https://www.tesco.com/groceries/en-GB/shop/home-and-ents/all?department=Batteries&viewAll=department&page=,£8.00,£2.00/each,,,/groceries/en-GB/products/251458581,https://digitalcontent.api.tesco.com/v2/media/ghs/cd47354d-b06d-47e1-b1e7-d39b392a7cbb/44f24c75-e6ae-46ae-b591-1c7ede042476_465935918.jpeg?h=225&w=225,
288149297,Energizer Cr2032 4 Pack,https://www.tesco.com/groceries/en-GB/shop/home-and-ents/all?department=Batteries&viewAll=department&page=,£7.50,£1.88/each,,,/groceries/en-GB/products/288149297,https://digitalcontent.api.tesco.com/v2/media/ghs/fcc0ed83-9b84-410d-b836-03f81f0b47fd/039894be-d23c-419a-bdea-9562fa05749d_1965163214.jpeg?h=225&w=225,
309979117,Panasonic Evolta AA 10 Pack,https://www.tesco.com/groceries/en-GB/shop/home-and-ents/all?department=Batteries&viewAll=department&page=,£9.00,£0.90/each,,,/groceries/en-GB/products/309979117,https://digitalcontent.api.tesco.com/v2/media/ghs/72a4eb76-252a-4410-bf5f-9fe575cb1084/593ceac3-8bdf-46e7-8382-2b1015b3efe8_379115723.jpeg?h=225&w=225,
301045613,Energizer Max Plus AA 10Pk,https://www.tesco.com/groceries/en-GB/shop/home-and-ents/all?department=Batteries&viewAll=department&page=,£9.00,£0.90/each,Any 2 for £12 Clubcard Price - Energizer Max Plus Aa  And Aaa 10pk ,,/groceries/en-GB/products/301045613,https://digitalcontent.api.tesco.com/v2/media/ghs/695741d2-7050-4c36-84c7-c0e50e29ac9e/a22c92e2-8bc6-49aa-96c0-82891701d663_1869593561.jpeg?h=225&w=225,
251458235,Duracell Plus C 4 Pack,https://www.tesco.com/groceries/en-GB/shop/home-and-ents/all?department=Batteries&viewAll=department&page=,£8.00,£2.00/each,,,/groceries/en-GB/products/251458235,https://digitalcontent.api.tesco.com/v2/media/ghs/61ef2cc3-31ac-4c4c-b788-20643914e853/d5770bda-065f-4202-9160-b02e450df424_1715047578.jpeg?h=225&w=225,
251457927,Duracell Plus 9V 2 Pack,https://www.tesco.com/groceries/en-GB/shop/home-and-ents/all?department=Batteries&viewAll=department&page=,£7.75,£3.88/each,,,/groceries/en-GB/products/251457927,https://digitalcontent.api.tesco.com/v2/media/ghs/63773220-a06c-495e-9a3c-31cc696c2830/e9068e11-1418-4b2c-9182-c0ef6d1a75f9_2069371092.jpeg?h=225&w=225,
274848787,Duracell Plus AA 12 Pack,https://www.tesco.com/groceries/en-GB/shop/home-and-ents/all?department=Batteries&viewAll=department&page=,£10.75,£0.90/each,£8.00 Clubcard Price,,/groceries/en-GB/products/274848787,https://digitalcontent.api.tesco.com/v2/media/ghs/3c7a8811-a9ab-4232-8ba1-2e305c15593a/dc8e1e91-b30e-4135-a602-32fdc6c4211a_583758762.jpeg?h=225&w=225,
301418518,Duracell Plus AAA 12 Pack,https://www.tesco.com/groceries/en-GB/shop/home-and-ents/all?department=Batteries&viewAll=department&page=,£10.75,£0.90/each,£8.00 Clubcard Price,,/groceries/en-GB/products/301418518,https://digitalcontent.api.tesco.com/v2/media/ghs/7d129d24-ce5b-4095-8ec7-05c48c4a1a58/1413d72d-f3fa-4f7c-ac5d-ac6857d0bcbe_247526589.jpeg?h=225&w=225,
304217193,Energizer Max C 4 Pack,https://www.tesco.com/groceries/en-GB/shop/home-and-ents/all?department=Batteries&viewAll=department&page=,£7.00,£1.75/each,,,/groceries/en-GB/products/304217193,https://digitalcontent.api.tesco.com/v2/media/ghs/526c8eb1-c4df-4a25-9152-d6907dada728/d880a722-c125-4c07-86b6-6e135539c734_1870037132.jpeg?h=225&w=225,
304217204,Energizer Max D 4 Pack,https://www.tesco.com/groceries/en-GB/shop/home-and-ents/all?department=Batteries&viewAll=department&page=,£7.00,£1.75/each,,,/groceries/en-GB/products/304217204,https://digitalcontent.api.tesco.com/v2/media/ghs/308e777e-8ee0-4032-91cd-58bd3c569bce/8885388d-03f1-4621-ac58-b20157fa30b6_138927897.jpeg?h=225&w=225,
277861466,Energizer Max AA 12 Pack,https://www.tesco.com/groceries/en-GB/shop/home-and-ents/all?department=Batteries&viewAll=department&page=,£8.00,£0.67/each,,,/groceries/en-GB/products/277861466,https://digitalcontent.api.tesco.com/v2/media/ghs/672f495b-8cc3-4d01-a2cc-7316b0a7f2dc/7519cce6-c56d-42a9-96f5-73c2dc9458b5_175395303.jpeg?h=225&w=225,
267489906,Duracell 2032,https://www.tesco.com/groceries/en-GB/shop/home-and-ents/all?department=Batteries&viewAll=department&page=,£5.00,£2.50/each,,,/groceries/en-GB/products/267489906,https://digitalcontent.api.tesco.com/v2/media/ghs/f5a76d63-b22a-49bf-81a0-9e2a84c7181c/82e1795e-c997-4c7d-b4e3-219da9797869_2079196428.jpeg?h=225&w=225,
307447749,Tesco Extra Long Life Aa 8 Pack,https://www.tesco.com/groceries/en-GB/shop/home-and-ents/all?department=Batteries&viewAll=department&page=,£4.00,£1.00/each,,,/groceries/en-GB/products/307447749,https://digitalcontent.api.tesco.com/v2/media/ghs/211e0c2b-41c3-498f-808b-8685bfec718a/0eacc6ca-183e-4691-bb04-71f73e485f6f_980410462.jpeg?h=225&w=225,
277861472,Energizer Max AAA 12 Pack,https://www.tesco.com/groceries/en-GB/shop/home-and-ents/all?department=Batteries&viewAll=department&page=,£8.00,£0.67/each,,,/groceries/en-GB/products/277861472,https://digitalcontent.api.tesco.com/v2/media/ghs/a3ccf763-c498-41ee-9683-0a7310a0cb75/43d6a613-3e63-4618-88bd-2afe2e6eb035_224497080.jpeg?h=225&w=225,
251457426,Duracell Plus AAA 8 Pack,https://www.tesco.com/groceries/en-GB/shop/home-and-ents/all?department=Batteries&viewAll=department&page=,£7.50,£0.94/each,,,/groceries/en-GB/products/251457426,https://digitalcontent.api.tesco.com/v2/media/ghs/3f844a35-d29c-4a17-808f-0bdac5a2f8c4/bbe42f4c-2f03-4916-a98d-e17e45859f53_171007216.jpeg?h=225&w=225,
307447756,Tesco Extra Long Life Aaa 8 Pack,https://www.tesco.com/groceries/en-GB/shop/home-and-ents/all?department=Batteries&viewAll=department&page=,£4.00,£0.50/each,,,/groceries/en-GB/products/307447756,https://digitalcontent.api.tesco.com/v2/media/ghs/3b3fe659-9dff-4849-90a0-2c398b19e8d4/278c48b9-e46e-492c-b8b3-f07f39c24e30_879319746.jpeg?h=225&w=225,
251457737,Duracell AA 8 Pack,https://www.tesco.com/groceries/en-GB/shop/home-and-ents/all?department=Batteries&viewAll=department&page=,£7.50,£0.94/each,,,/groceries/en-GB/products/251457737,https://digitalcontent.api.tesco.com/v2/media/ghs/cff8814a-6a0a-403e-8cc5-7636113a9a52/85cd7844-bd5f-4d29-aa92-214a8cd9e20b_1547141837.jpeg?h=225&w=225,
310586327,Tesco Long Life Aaa 16 Pack,https://www.tesco.com/groceries/en-GB/shop/home-and-ents/all?department=Batteries&viewAll=department&page=,£4.50,£0.28/each,,,/groceries/en-GB/products/310586327,https://digitalcontent.api.tesco.com/v2/media/ghs/03da5938-5de0-4608-80c5-dea202887b3e/5f8155a7-17ca-490e-862f-5cd0093694ac_1539912667.jpeg?h=225&w=225,
310586310,Tesco Long Life Aa 16 Pack,https://www.tesco.com/groceries/en-GB/shop/home-and-ents/all?department=Batteries&viewAll=department&page=,£4.50,£0.28/each,,,/groceries/en-GB/products/310586310,https://digitalcontent.api.tesco.com/v2/media/ghs/3ec52c97-4d2f-49a1-9717-887908883d66/b3d1c43d-4da1-4ff5-a858-a386101e38c9_441246262.jpeg?h=225&w=225,
252679657,Energizer Max AA 8 Pack,https://www.tesco.com/groceries/en-GB/shop/home-and-ents/all?department=Batteries&viewAll=department&page=,£6.00,£0.75/each,Any 2 for £9 Clubcard Price - Energizer Max Aa & Aaa 8pk ,,/groceries/en-GB/products/252679657,https://digitalcontent.api.tesco.com/v2/media/ghs/b3dc0c06-8df1-4fa7-94fb-67246ece4ac1/4cff613a-29d7-4582-be72-2fbce529e346_270407752.jpeg?h=225&w=225,
301045629,Energizer Max Plus AAA 10Pk,https://www.tesco.com/groceries/en-GB/shop/home-and-ents/all?department=Batteries&viewAll=department&page=,£9.00,£0.90/each,Any 2 for £12 Clubcard Price - Energizer Max Plus Aa  And Aaa 10pk ,,/groceries/en-GB/products/301045629,https://digitalcontent.api.tesco.com/v2/media/ghs/be9e7548-273a-4e15-bd06-ddec414b4419/f64b664c-2110-4089-beb4-aedce2f61fe4_1577630120.jpeg?h=225&w=225,
256748103,Energizer Max 9V 2 Pack,https://www.tesco.com/groceries/en-GB/shop/home-and-ents/all?department=Batteries&viewAll=department&page=,£7.00,£3.50/each,,,/groceries/en-GB/products/256748103,https://digitalcontent.api.tesco.com/v2/media/ghs/01e8b961-2d86-449f-8334-5edb38931790/3815b09c-bea0-423d-9f62-b5e5ceb9ecc3_765969500.jpeg?h=225&w=225,
309979100,Panasonic Pro Power Aaa 12 Pack,https://www.tesco.com/groceries/en-GB/shop/home-and-ents/all?department=Batteries&viewAll=department&page=,£7.00,£0.58/each,Any 2 for £12 Clubcard Price - Panasonic Pro Power  Aa & Aaa 12pk ,,/groceries/en-GB/products/309979100,https://digitalcontent.api.tesco.com/v2/media/ghs/334f5584-9eb4-4095-8d10-db53675450a7/41fd08bd-79f1-4046-8c86-70974fec542b_433129875.jpeg?h=225&w=225,
309979083,Panasonic Pro Power Aa 12 Pack,https://www.tesco.com/groceries/en-GB/shop/home-and-ents/all?department=Batteries&viewAll=department&page=,£7.00,£0.58/each,Any 2 for £12 Clubcard Price - Panasonic Pro Power  Aa & Aaa 12pk ,,/groceries/en-GB/products/309979083,https://digitalcontent.api.tesco.com/v2/media/ghs/1ff1c863-8ee9-4376-90e4-186a29bcde4f/53298d41-d4b3-4b70-8d7f-8dcbc0583116_1946975303.jpeg?h=225&w=225,
258631468,Energizer Cr2032 2 Pack,https://www.tesco.com/groceries/en-GB/shop/home-and-ents/all?department=Batteries&viewAll=department&page=,£4.50,£2.25/each,,,/groceries/en-GB/products/258631468,https://digitalcontent.api.tesco.com/v2/media/ghs/08af9625-98eb-474d-9a66-01e3f2319251/380fc649-83eb-4386-b17b-8f74d91a3082_553371645.jpeg?h=225&w=225,
267376848,Tesco Extra Long Life 9V 2 Pack,https://www.tesco.com/groceries/en-GB/shop/home-and-ents/all?department=Batteries&viewAll=department&page=,£3.50,£1.75/each,,,/groceries/en-GB/products/267376848,https://digitalcontent.api.tesco.com/v2/media/ghs/e377e8bf-8a7b-4c9f-a39d-bf13e89fca22/63fab68d-4013-46cd-a4ab-f42a9db73102_838050955.jpeg?h=225&w=225,
260102846,Energizer Max AAA 8 Pack,https://www.tesco.com/groceries/en-GB/shop/home-and-ents/all?department=Batteries&viewAll=department&page=,£6.00,£0.75/each,Any 2 for £9 Clubcard Price - Energizer Max Aa & Aaa 8pk ,,/groceries/en-GB/products/260102846,https://digitalcontent.api.tesco.com/v2/media/ghs/d1b71368-dc2a-4d9e-b3a6-1d098199e91b/14c75530-4a30-463a-a283-02e4c98e53b8_1163191467.jpeg?h=225&w=225,
309595058,Tesco Cr2032 4 Pack,https://www.tesco.com/groceries/en-GB/shop/home-and-ents/all?department=Batteries&viewAll=department&page=,£3.00,£0.75/each,,,/groceries/en-GB/products/309595058,https://digitalcontent.api.tesco.com/v2/media/ghs/8ffb66c9-1098-4a58-9cc5-45c4e39f442b/b4f39372-d66b-44fc-8dcc-77ee8e9d442a_863502770.jpeg?h=225&w=225,
251458333,Duracell Plus D 2 Pack,https://www.tesco.com/groceries/en-GB/shop/home-and-ents/all?department=Batteries&viewAll=department&page=,£4.50,£2.25/each,,,/groceries/en-GB/products/251458333,https://digitalcontent.api.tesco.com/v2/media/ghs/aa2cce33-f8ef-471b-91d3-96a8487d5791/e6996d59-c11b-4426-bf4a-b8c0cb1c2af3_1277794679.jpeg?h=225&w=225,
251458022,Duracell Plus C 2 Pack,https://www.tesco.com/groceries/en-GB/shop/home-and-ents/all?department=Batteries&viewAll=department&page=,£4.50,£2.25/each,,,/groceries/en-GB/products/251458022,https://digitalcontent.api.tesco.com/v2/media/ghs/0f6df993-935a-4fb7-bea0-ad7ea2c84e4a/176804d4-d0e9-4c75-8643-aaf848becd08_1670735466.jpeg?h=225&w=225,
309979099,Panasonic Pro Power Aaa 8Pk,https://www.tesco.com/groceries/en-GB/shop/home-and-ents/all?department=Batteries&viewAll=department&page=,£5.50,£0.69/each,Any 2 for £9 Clubcard Price - Panasonic Pro Power Aa & Aaa 8pk ,,/groceries/en-GB/products/309979099,https://digitalcontent.api.tesco.com/v2/media/ghs/45abad07-9aaf-4acb-96d9-d2ccab1f8265/56befac6-fac4-41d9-8e2b-5953f3ada485_824710622.jpeg?h=225&w=225,
309979077,Panasonic Pro Power Aa 8Pk,https://www.tesco.com/groceries/en-GB/shop/home-and-ents/all?department=Batteries&viewAll=department&page=,£5.50,£0.69/each,Any 2 for £9 Clubcard Price - Panasonic Pro Power Aa & Aaa 8pk ,,/groceries/en-GB/products/309979077,https://digitalcontent.api.tesco.com/v2/media/ghs/19ce8cc4-0431-4f72-a297-3fd65fdb2de2/97dc1db3-d536-4df7-b05b-75461e1c7e53_1373410812.jpeg?h=225&w=225,
298106720,Duracell Plus 9V 1 Pack,https://www.tesco.com/groceries/en-GB/shop/home-and-ents/all?department=Batteries&viewAll=department&page=,£4.25,£4.25/each,,,/groceries/en-GB/products/298106720,https://digitalcontent.api.tesco.com/v2/media/ghs/a91715b4-ee25-46f0-b55a-977243415985/73c8f31e-1696-46ea-b58f-0c420e87626b_319137678.jpeg?h=225&w=225,
260253400,Tesco Long Life Aa 4 Pack,https://www.tesco.com/groceries/en-GB/shop/home-and-ents/all?department=Batteries&viewAll=department&page=,£2.30,£0.58/each,,,/groceries/en-GB/products/260253400,https://digitalcontent.api.tesco.com/v2/media/ghs/b201ae74-61b3-47b5-8b81-62d204af75f1/84d45d14-d034-41c3-a767-e97c3c477eb0_743890912.jpeg?h=225&w=225,
251456525,Duracell Plus AAA 4 Pack,https://www.tesco.com/groceries/en-GB/shop/home-and-ents/all?department=Batteries&viewAll=department&page=,£4.25,£1.07/each,,,/groceries/en-GB/products/251456525,https://digitalcontent.api.tesco.com/v2/media/ghs/8acc82d6-2b75-4730-9dde-c6706af666b0/b4983bee-48e3-4649-93c6-985bd55c25ec_118128693.jpeg?h=225&w=225,
251457616,Duracell Plus AA 4 Pack,https://www.tesco.com/groceries/en-GB/shop/home-and-ents/all?department=Batteries&viewAll=department&page=,£4.25,£1.07/each,,,/groceries/en-GB/products/251457616,https://digitalcontent.api.tesco.com/v2/media/ghs/775ba7ae-6883-4def-8370-2af878141692/5dfe544b-eb56-4c04-8e68-b498c4869355_1433684657.jpeg?h=225&w=225,
309948137,Tesco Long Life Aaa 8 Pack,https://www.tesco.com/groceries/en-GB/shop/home-and-ents/all?department=Batteries&viewAll=department&page=,£2.50,£0.31/each,,,/groceries/en-GB/products/309948137,https://digitalcontent.api.tesco.com/v2/media/ghs/37174a4f-fe2b-49e0-9046-9efe2bc91a67/b20edea5-9a99-40c7-be77-56cc614b48ad_1280690987.jpeg?h=225&w=225,
251568456,Energizer Max AA 4 Pack,https://www.tesco.com/groceries/en-GB/shop/home-and-ents/all?department=Batteries&viewAll=department&page=,£3.75,£0.94/each,Any 2 for £5 Clubcard Price - Energizer Max Aa & Aaa 4pk,,/groceries/en-GB/products/251568456,https://digitalcontent.api.tesco.com/v2/media/ghs/1edc507a-85b6-46ba-b4c7-f225d6b8c762/4d709226-a470-4f4d-a3a9-24f8989df749_1199801995.jpeg?h=225&w=225,
309948120,Tesco Long Life Aa 8 Pack,https://www.tesco.com/groceries/en-GB/shop/home-and-ents/all?department=Batteries&viewAll=department&page=,£2.50,£0.31/each,,,/groceries/en-GB/products/309948120,https://digitalcontent.api.tesco.com/v2/media/ghs/bbf0620a-dd27-4c9b-aaa3-37f3b7b38585/4c8fae27-d336-4e78-9c4b-c1bb75e9de8c_1851442597.jpeg?h=225&w=225,
260253396,Tesco Extra Long Life Aaa 4 Pack,https://www.tesco.com/groceries/en-GB/shop/home-and-ents/all?department=Batteries&viewAll=department&page=,£2.30,£0.58/each,,,/groceries/en-GB/products/260253396,https://digitalcontent.api.tesco.com/v2/media/ghs/d6068dfd-27c5-4e5f-af4c-bc42371a761f/8b7f0031-5b22-4739-8cb8-82ac6261c2e8_798409470.jpeg?h=225&w=225,
308551210,Panasonic Pro Power Aa 4 Pack,https://www.tesco.com/groceries/en-GB/shop/home-and-ents/all?department=Batteries&viewAll=department&page=,£3.25,£0.81/each,,,/groceries/en-GB/products/308551210,https://digitalcontent.api.tesco.com/v2/media/ghs/8d9a9269-9afd-43bc-a571-bb366a4cb42d/2342efcf-207c-4c02-a589-8bbe7ad734ea_421525470.jpeg?h=225&w=225,
306729897,Tesco Long Life Aaa 4 Pack,https://www.tesco.com/groceries/en-GB/shop/home-and-ents/all?department=Batteries&viewAll=department&page=,£1.75,£0.44/each,,,/groceries/en-GB/products/306729897,https://digitalcontent.api.tesco.com/v2/media/ghs/47a1b8c5-2e37-4c1b-82c1-451802551860/1d81d252-d89d-4b6d-be9d-dcaa0f61ea51_1269819119.jpeg?h=225&w=225,
306729880,Tesco Long Life Aa 4 Pack,https://www.tesco.com/groceries/en-GB/shop/home-and-ents/all?department=Batteries&viewAll=department&page=,£1.75,£0.44/each,,,/groceries/en-GB/products/306729880,https://digitalcontent.api.tesco.com/v2/media/ghs/348e9465-7148-4390-8763-7fb01834f108/bf745096-2da5-40fd-8dd3-b5e550c0a7b3_1466639468.jpeg?h=225&w=225,
301016435,Energizer Max Plus AA 4Pk,https://www.tesco.com/groceries/en-GB/shop/home-and-ents/all?department=Batteries&viewAll=department&page=,£4.80,£1.20/each,,,/groceries/en-GB/products/301016435,https://digitalcontent.api.tesco.com/v2/media/ghs/1bd66cee-e867-445f-a04c-8215f4f4a349/dff4e233-d05b-4765-8d26-390936ae8e19_1841416634.jpeg?h=225&w=225,
301045607,Energizer Max Plus AAA 4Pk,https://www.tesco.com/groceries/en-GB/shop/home-and-ents/all?department=Batteries&viewAll=department&page=,£4.80,£1.20/each,,,/groceries/en-GB/products/301045607,https://digitalcontent.api.tesco.com/v2/media/ghs/fe6ac533-6dca-4169-9844-510063d17005/72ac859f-0646-44ba-98ee-93765676e86d_2060021766.jpeg?h=225&w=225,
252678399,Energizer Max AAA 4 Pack,https://www.tesco.com/groceries/en-GB/shop/home-and-ents/all?department=Batteries&viewAll=department&page=,£3.75,£0.94/each,Any 2 for £5 Clubcard Price - Energizer Max Aa & Aaa 4pk,,/groceries/en-GB/products/252678399,https://digitalcontent.api.tesco.com/v2/media/ghs/bcaf307b-0798-4b96-be3a-dc059a513529/7146a828-1c10-4809-b9ec-f9f519b1de5f_248945096.jpeg?h=225&w=225,
263811346,Energizer Pro Charger with 4 AA rechargeable Batteries included,https://www.tesco.com/groceries/en-GB/shop/home-and-ents/all?department=Batteries&viewAll=department&page=,£23.00,£23.00/each,,,/groceries/en-GB/products/263811346,https://digitalcontent.api.tesco.com/v2/media/ghs/9694cb4b-60c7-4a51-808f-2c3a83f20e42/81e2232b-85f4-4650-a844-62e3f2b880a6_1259688609.jpeg?h=225&w=225,
266433132,Duracell Recharge Ultra AAA 4 pack Rechargeable Batteries,https://www.tesco.com/groceries/en-GB/shop/home-and-ents/all?department=Batteries&viewAll=department&page=,£15.00,£3.75/each,,,/groceries/en-GB/products/266433132,https://digitalcontent.api.tesco.com/v2/media/ghs/b9d5d96d-c233-4a41-a5a6-7115b87c6ef8/294d3b7b-caab-4c49-8bb7-631280659e80_2037151901.jpeg?h=225&w=225,
263811323,Energizer Base Charger with 4 AA rechargeable Batteries included,https://www.tesco.com/groceries/en-GB/shop/home-and-ents/all?department=Batteries&viewAll=department&page=,£14.50,£14.50/each,,,/groceries/en-GB/products/263811323,https://digitalcontent.api.tesco.com/v2/media/ghs/32ea27fd-8486-4561-83c4-27c6178a74d7/d2709b61-f87b-4f63-a673-3498676a4ca2_612070086.jpeg?h=225&w=225,
254908782,Energizer Power Plus AA 4 Pack Rechargeable Batteries,https://www.tesco.com/groceries/en-GB/shop/home-and-ents/all?department=Batteries&viewAll=department&page=,£13.00,£3.25/each,,,/groceries/en-GB/products/254908782,https://digitalcontent.api.tesco.com/v2/media/ghs/0701a0b9-0d8b-4457-a8af-9809149c9952/503f63d3-78d1-40fd-975e-15fef7ef53f2_1883087646.jpeg?h=225&w=225,
254909061,Energizer Power Plus AAA 4 Pack Rechargeable Batteries,https://www.tesco.com/groceries/en-GB/shop/home-and-ents/all?department=Batteries&viewAll=department&page=,£13.00,£3.25/each,,,/groceries/en-GB/products/254909061,https://digitalcontent.api.tesco.com/v2/media/ghs/50c12410-f930-4417-80d4-8a037d122b13/4de25308-4d21-47f1-9b57-78f37865f912_608772509.jpeg?h=225&w=225,
279681422,Duracell Recharge Ultra AA 4 pack Rechargeable Batteries,https://www.tesco.com/groceries/en-GB/shop/home-and-ents/all?department=Batteries&viewAll=department&page=,£15.00,£3.75/each,,,/groceries/en-GB/products/279681422,https://digitalcontent.api.tesco.com/v2/media/ghs/16e9f6de-990a-435b-9f27-4d1014ab7689/bda87c67-ed80-4c28-865c-f598f802f2e9_253745011.jpeg?h=225&w=225,
263811381,Energizer Universal AA 1300mAh 4 Pack,https://www.tesco.com/groceries/en-GB/shop/home-and-ents/all?department=Batteries&viewAll=department&page=,£10.00,£2.50/each,,,/groceries/en-GB/products/263811381,https://digitalcontent.api.tesco.com/v2/media/ghs/994f0c2b-761c-4b7e-911d-e2fa19d7a61b/7879786a-2ac5-4fb4-9899-ef136deed724_204290234.jpeg?h=225&w=225,
263811369,Energizer Universal AAA 500mAh 4 Pack,https://www.tesco.com/groceries/en-GB/shop/home-and-ents/all?department=Batteries&viewAll=department&page=,£10.00,£2.50/each,,,/groceries/en-GB/products/263811369,https://digitalcontent.api.tesco.com/v2/media/ghs/5cdafa1d-d91e-4156-8745-bd1656a4d865/e06a0c8d-bc0d-476d-89ce-c02ae039ad2f_1211750955.jpeg?h=225&w=225,
293437317,Duracell 2025 4 Pack,https://www.tesco.com/groceries/en-GB/shop/home-and-ents/all?department=Batteries&viewAll=department&page=,£8.00,£2.00/each,,,/groceries/en-GB/products/293437317,https://digitalcontent.api.tesco.com/v2/media/ghs/d42fba85-49ba-4357-8574-87df4d4e114e/e1f046e2-6d68-4cdb-ad1e-80036091929d_529669243.jpeg?h=225&w=225,
292800119,Energizer Cr2025 4 Pack,https://www.tesco.com/groceries/en-GB/shop/home-and-ents/all?department=Batteries&viewAll=department&page=,£7.50,£1.88/each,,,/groceries/en-GB/products/292800119,https://digitalcontent.api.tesco.com/v2/media/ghs/d81dce30-f712-4969-8e4d-cdf0936a59d6/b6ec7ef1-532c-47d4-a232-e975b1978b4a_27482956.jpeg?h=225&w=225,
292835591,Energizer Cr2016 4 Pack,https://www.tesco.com/groceries/en-GB/shop/home-and-ents/all?department=Batteries&viewAll=department&page=,£7.50,£1.88/each,,,/groceries/en-GB/products/292835591,https://digitalcontent.api.tesco.com/v2/media/ghs/870ac753-99c0-43da-882f-7b104d77c1cf/c3df5a7a-d45a-47e1-9feb-b74d1eee8473_1711758539.jpeg?h=225&w=225,
297926730,Duracell LR44 4 Pack,https://www.tesco.com/groceries/en-GB/shop/home-and-ents/all?department=Batteries&viewAll=department&page=,£8.00,£2.00/each,,,/groceries/en-GB/products/297926730,https://digitalcontent.api.tesco.com/v2/media/ghs/41e68d49-267e-43c6-bb21-abf8cdc84f80/f7fe9877-fc5f-42f2-87cc-f321fc18bd3c_940767811.jpeg?h=225&w=225,
288149343,Energizer LR44 4 Pack,https://www.tesco.com/groceries/en-GB/shop/home-and-ents/all?department=Batteries&viewAll=department&page=,£7.50,£1.88/each,,,/groceries/en-GB/products/288149343,https://digitalcontent.api.tesco.com/v2/media/ghs/0310cfd5-8995-4278-9f01-0916f63e2dea/0a8e631d-4931-41cf-953d-5d109b1e24cb_1078758082.jpeg?h=225&w=225,
267489640,Duracell 123 2 Pack,https://www.tesco.com/groceries/en-GB/shop/home-and-ents/all?department=Batteries&viewAll=department&page=,£8.00,£4.00/each,,,/groceries/en-GB/products/267489640,https://digitalcontent.api.tesco.com/v2/media/ghs/83b41091-b4a5-4e45-9bfa-2af9900ff761/704de22f-0408-4243-bfa6-1748e8945074_672675144.jpeg?h=225&w=225,
267490211,DURACELL SECURITY N,https://www.tesco.com/groceries/en-GB/shop/home-and-ents/all?department=Batteries&viewAll=department&page=,£5.00,£2.50/each,,,/groceries/en-GB/products/267490211,https://digitalcontent.api.tesco.com/v2/media/ghs/633dd858-e66f-4de2-8878-c8f067a99031/7e06c987-274f-49fc-a027-41f69f7ace04_1629206770.jpeg?h=225&w=225,
267495690,Duracell Speciality MN21 2 Pack,https://www.tesco.com/groceries/en-GB/shop/home-and-ents/all?department=Batteries&viewAll=department&page=,£5.00,£2.50/each,,,/groceries/en-GB/products/267495690,https://digitalcontent.api.tesco.com/v2/media/ghs/f482e666-c9c7-462c-a54a-eb74233569ce/50f29dcf-0532-4a91-b3fd-b922d59c81c7_384093574.jpeg?h=225&w=225,
309979139,Panasonic Evolta AAA 10 Pack,https://www.tesco.com/groceries/en-GB/shop/home-and-ents/all?department=Batteries&viewAll=department&page=,£9.00,£0.90/each,,,/groceries/en-GB/products/309979139,https://digitalcontent.api.tesco.com/v2/media/ghs/cff847b2-3474-412f-a45a-2ecef14feddf/94b16bcd-3b1e-46c9-81e1-59435048fd17_2044085094.jpeg?h=225&w=225,
309979123,Panasonic Evolta AA 4 Pack,https://www.tesco.com/groceries/en-GB/shop/home-and-ents/all?department=Batteries&viewAll=department&page=,£4.00,£1.00/each,,,/groceries/en-GB/products/309979123,https://digitalcontent.api.tesco.com/v2/media/ghs/6a8b6692-90b8-4375-b6f6-fd45fff5b0a5/0e8f427d-e36c-43e0-aaff-499a2e7a94d7_1019045341.jpeg?h=225&w=225,
309979146,Panasonic Evolta AAA 4 Pack,https://www.tesco.com/groceries/en-GB/shop/home-and-ents/all?department=Batteries&viewAll=department&page=,£4.00,£1.00/each,,,/groceries/en-GB/products/309979146,https://digitalcontent.api.tesco.com/v2/media/ghs/05132933-04c7-413f-85c1-6bf41c7a2b12/cc2a9fa3-311e-484c-ac63-0b98868ba814_783365427.jpeg?h=225&w=225,
308551227,Panasonic Pro Power Aaa 4 Pack,https://www.tesco.com/groceries/en-GB/shop/home-and-ents/all?department=Batteries&viewAll=department&page=,£3.25,£0.81/each,,,/groceries/en-GB/products/308551227,https://digitalcontent.api.tesco.com/v2/media/ghs/2870da98-66dc-494b-bde7-e7de70cb85fd/1ab8dfc0-917c-4999-9305-70f7e5ec6d87_1052919157.jpeg?h=225&w=225,
297792367,Brita Maxtra Plus Cartridges 3 Pack,https://www.tesco.com/groceries/en-GB/shop/home-and-ents/all?department=Cooking%20%26%20Dining&viewAll=department&page=,£18.00,£6.00/each,£12.00 Clubcard Price,,/groceries/en-GB/products/297792367,https://digitalcontent.api.tesco.com/v2/media/ghs/c14b29f7-7b50-4283-9c41-8d8a9019624f/b6e559a2-aa41-4387-a19d-afc20b211843_1537895332.jpeg?h=225&w=225,
310330095,Fox & Ivy Slate Reactive Side Plate,https://www.tesco.com/groceries/en-GB/shop/home-and-ents/all?department=Cooking%20%26%20Dining&viewAll=department&page=,£4.00,£4.00/each,,,/groceries/en-GB/products/310330095,https://digitalcontent.api.tesco.com/v2/media/ghs/d765de91-dd7a-472a-b5b0-21e32129aaea/0e7a1488-3750-41ec-8449-d42f7322b44c_1319651492.jpeg?h=225&w=225,
263637190,Tesco Napkins White 40Cm 2Ply 50 Pack,https://www.tesco.com/groceries/en-GB/shop/home-and-ents/all?department=Cooking%20%26%20Dining&viewAll=department&page=,£2.00,£0.04/each,,,/groceries/en-GB/products/263637190,https://digitalcontent.api.tesco.com/v2/media/ghs/a5062be1-74c9-467c-b2f8-50ac46bba599/a5cbb065-2fd2-4633-8806-91743f3a3358_608862837.jpeg?h=225&w=225,
312146932,Tesco Silver Snowflake Napkin 3Ply 20 Pack,https://www.tesco.com/groceries/en-GB/shop/home-and-ents/all?department=Cooking%20%26%20Dining&viewAll=department&page=,£1.50,£0.08/each,,New,/groceries/en-GB/products/312146932,https://digitalcontent.api.tesco.com/v2/media/ghs/dbb045ae-9b9a-46b7-9ef1-8ab5ce9a01b6/54e05e50-81c3-4459-bf73-4b4eea38c771_640501413.jpeg?h=225&w=225,
312146811,Tesco Christmas Pudding Napkin 3Ply 20 Pack,https://www.tesco.com/groceries/en-GB/shop/home-and-ents/all?department=Cooking%20%26%20Dining&viewAll=department&page=,£1.50,£0.08/each,,New,/groceries/en-GB/products/312146811,https://digitalcontent.api.tesco.com/v2/media/ghs/ec05410a-6f2d-4bf4-aaa1-a1fcb5673823/11b4c834-0444-427d-b5b4-e375b9c9c712_551197809.jpeg?h=225&w=225,
253524618,Tesco Napkins Cream 33Cm 2Ply 50 Pack,https://www.tesco.com/groceries/en-GB/shop/home-and-ents/all?department=Cooking%20%26%20Dining&viewAll=department&page=,£1.50,£0.03/each,,,/groceries/en-GB/products/253524618,https://digitalcontent.api.tesco.com/v2/media/ghs/c51eed1d-0708-45db-8ddb-548cdc3670bb/dd551e0a-056f-47cc-8771-76490f4b054a_1270968539.jpeg?h=225&w=225,
262271980,Tesco Napkins White 33Cm 2Ply 50 Pack,https://www.tesco.com/groceries/en-GB/shop/home-and-ents/all?department=Cooking%20%26%20Dining&viewAll=department&page=,£1.50,£0.03/each,,,/groceries/en-GB/products/262271980,https://digitalcontent.api.tesco.com/v2/media/ghs/04b4970f-1fa1-41bf-b1f6-68314a083773/1145c8a5-82a0-4074-be00-68b79c444cc0_688703624.jpeg?h=225&w=225,
312146886,Tesco 12 Days Of Christmas Napkin 3Ly 20 Pack,https://www.tesco.com/groceries/en-GB/shop/home-and-ents/all?department=Cooking%20%26%20Dining&viewAll=department&page=,£1.50,£0.08/each,,New,/groceries/en-GB/products/312146886,https://digitalcontent.api.tesco.com/v2/media/ghs/f89e048b-b71f-4208-a6de-6259297e7b7d/adf335dd-5da3-4bc3-8a83-0ca36f51b71d_1532174028.jpeg?h=225&w=225,
311825317,Tesco Robin Glass Latte,https://www.tesco.com/groceries/en-GB/shop/home-and-ents/all?department=Cooking%20%26%20Dining&viewAll=department&page=,£2.00,£2.00/each,,,/groceries/en-GB/products/311825317,https://digitalcontent.api.tesco.com/v2/media/ghs/c1e0279a-04d2-44f2-828f-b4ac54506041/04eed40e-2467-494a-a643-9d3902779f86_340095864.jpeg?h=225&w=225,
312146621,Tesco Traditional Santa Plate 23Cm 10 Pack,https://www.tesco.com/groceries/en-GB/shop/home-and-ents/all?department=Cooking%20%26%20Dining&viewAll=department&page=,£1.50,£0.15/each,,New,/groceries/en-GB/products/312146621,https://digitalcontent.api.tesco.com/v2/media/ghs/cb126ba1-17d4-4061-8941-595d680e6011/4decb6bd-c7af-4241-8868-3e4de288dc59_96113547.jpeg?h=225&w=225,
312146949,Tesco Flitter Reindeer Napkin 3Ply X20,https://www.tesco.com/groceries/en-GB/shop/home-and-ents/all?department=Cooking%20%26%20Dining&viewAll=department&page=,£1.50,£0.08/each,,New,/groceries/en-GB/products/312146949,https://digitalcontent.api.tesco.com/v2/media/ghs/4f6dc219-f493-4ba1-958c-902ac740dbcf/0ab29428-b894-4bdd-8286-34ad8c73d91f_490396162.jpeg?h=225&w=225,
300432393,Tesco Classic Stainless Steel Forks 4 Pack,https://www.tesco.com/groceries/en-GB/shop/home-and-ents/all?department=Cooking%20%26%20Dining&viewAll=department&page=,£1.30,£0.32/each,,,/groceries/en-GB/products/300432393,https://digitalcontent.api.tesco.com/v2/media/ghs/ba51f73f-af98-40b7-8a30-ca0937440fb3/19a4d54a-2801-4c3b-b59f-1470c79b6151_2034271314.jpeg?h=225&w=225,
253524578,Tesco Napkins Red 33Cm 2Ply 50 Pack,https://www.tesco.com/groceries/en-GB/shop/home-and-ents/all?department=Cooking%20%26%20Dining&viewAll=department&page=,£1.50,£0.03/each,,,/groceries/en-GB/products/253524578,https://digitalcontent.api.tesco.com/v2/media/ghs/cca78f90-486b-4243-acff-074bfe2802f8/262dfa7f-334c-4118-90da-8e2f70f907c9_921685991.jpeg?h=225&w=225,
260281504,Tesco Foodsavers 3 Pack 1L,https://www.tesco.com/groceries/en-GB/shop/home-and-ents/all?department=Cooking%20%26%20Dining&viewAll=department&page=,£1.75,£0.58/each,,,/groceries/en-GB/products/260281504,https://digitalcontent.api.tesco.com/v2/media/ghs/8e08377d-0040-40fc-aa0f-602b0ae9e45c/2723aeec-f453-4ebd-95fe-d0e817a516e3_1818304589.jpeg?h=225&w=225,
312268027,Tesco Santa Gnome Napkin 33Cm 3Ply 20 Pack,https://www.tesco.com/groceries/en-GB/shop/home-and-ents/all?department=Cooking%20%26%20Dining&viewAll=department&page=,£1.50,£0.08/each,,New,/groceries/en-GB/products/312268027,https://digitalcontent.api.tesco.com/v2/media/ghs/b9866821-c51b-467a-ada6-813ff8b11bf6/426c4013-d3d7-4596-a46f-e5cbd38a2615_1688476908.jpeg?h=225&w=225,
312146828,Tesco Penguin Napkin 33Cm 3Ply 20 Pack,https://www.tesco.com/groceries/en-GB/shop/home-and-ents/all?department=Cooking%20%26%20Dining&viewAll=department&page=,£1.50,£0.08/each,,New,/groceries/en-GB/products/312146828,https://digitalcontent.api.tesco.com/v2/media/ghs/3cb9d497-c79a-4c2b-9347-ce3277f56dbf/52c1212a-c5ab-489f-b2af-79c3abb92ef3_2006812308.jpeg?h=225&w=225,
312146840,Tesco Sprouts Napkin 33Cm 3Ply 20 Pack,https://www.tesco.com/groceries/en-GB/shop/home-and-ents/all?department=Cooking%20%26%20Dining&viewAll=department&page=,£1.50,£0.08/each,,New,/groceries/en-GB/products/312146840,https://digitalcontent.api.tesco.com/v2/media/ghs/615a0d18-5bce-4a00-aced-383cf8470ca5/7d771e94-b0bc-4244-8d77-084531e160b3_1944173897.jpeg?h=225&w=225,
312146857,Tesco Christmas Scene Napkin 33Cm 3Ply 20 Pack,https://www.tesco.com/groceries/en-GB/shop/home-and-ents/all?department=Cooking%20%26%20Dining&viewAll=department&page=,£1.50,£0.08/each,,New,/groceries/en-GB/products/312146857,https://digitalcontent.api.tesco.com/v2/media/ghs/525b3b63-ee44-47b1-b5ad-75dd21ab8821/7fb33c6d-0273-4ecb-a908-3ca606d5951b_296681935.jpeg?h=225&w=225,
312146877,Tesco Christmas Santa Ruby Napkin 33Cm 3Ply 20 Pack,https://www.tesco.com/groceries/en-GB/shop/home-and-ents/all?department=Cooking%20%26%20Dining&viewAll=department&page=,£1.50,£0.08/each,,New,/groceries/en-GB/products/312146877,https://digitalcontent.api.tesco.com/v2/media/ghs/fce1048d-f0af-4dd8-b8d0-dde9a7b914e8/7787ac25-3747-4b19-a111-e75ed8478db8_1463200534.jpeg?h=225&w=225,
312146892,Tesco Snowy Pudding Napkin 3Ply 20 Pack,https://www.tesco.com/groceries/en-GB/shop/home-and-ents/all?department=Cooking%20%26%20Dining&viewAll=department&page=,£1.50,£0.08/each,,New,/groceries/en-GB/products/312146892,https://digitalcontent.api.tesco.com/v2/media/ghs/49c3f4dc-5cbb-4d77-a800-0f615ae3ff28/19146185-2e99-4aa7-8ea3-d68899891b5d_1040724509.jpeg?h=225&w=225,
312146609,Tesco 12 Days Of Christmas Plate 23Cm 10 Pack,https://www.tesco.com/groceries/en-GB/shop/home-and-ents/all?department=Cooking%20%26%20Dining&viewAll=department&page=,£1.50,£0.15/each,,New,/groceries/en-GB/products/312146609,https://digitalcontent.api.tesco.com/v2/media/ghs/f1774414-0ae3-402b-bf57-bd44f4441715/4f0c5454-ef3e-4ce8-aa42-b844127d7025_1976282889.jpeg?h=225&w=225,
312147096,Tesco Blue Green Pastel Napkin 33Cm 3Ply X20,https://www.tesco.com/groceries/en-GB/shop/home-and-ents/all?department=Cooking%20%26%20Dining&viewAll=department&page=,£1.50,£0.08/each,,New,/groceries/en-GB/products/312147096,https://digitalcontent.api.tesco.com/v2/media/ghs/2ac4787b-9a8f-4ca7-92f6-c1011d4bbd19/71d2b75a-5127-4336-8ed1-538865dcee31_1791255344.jpeg?h=225&w=225,
312147015,Tesco Butterfly Napkin 33Cm 3Ply 20 Pack,https://www.tesco.com/groceries/en-GB/shop/home-and-ents/all?department=Cooking%20%26%20Dining&viewAll=department&page=,£1.50,£0.08/each,,New,/groceries/en-GB/products/312147015,https://digitalcontent.api.tesco.com/v2/media/ghs/616db88f-24c5-4772-a0e6-8ac5d9ba8ac3/27752ffa-7172-466a-9708-7426653770c9_956564669.jpeg?h=225&w=225,
312147050,Tesco Green Spot Napkin 3Ply 20 Pack,https://www.tesco.com/groceries/en-GB/shop/home-and-ents/all?department=Cooking%20%26%20Dining&viewAll=department&page=,£1.50,£0.08/each,,New,/groceries/en-GB/products/312147050,https://digitalcontent.api.tesco.com/v2/media/ghs/e97d45e2-81ee-4224-9b95-ca2c6e649e0a/d6ce1a3b-5923-4d4d-9f5d-544dd288c3a9_1115999742.jpeg?h=225&w=225,
312147073,Tesco Leaf Napkin 33Cm 3Ply 20 Pack,https://www.tesco.com/groceries/en-GB/shop/home-and-ents/all?department=Cooking%20%26%20Dining&viewAll=department&page=,£1.50,£0.08/each,,New,/groceries/en-GB/products/312147073,https://digitalcontent.api.tesco.com/v2/media/ghs/7c492256-9df9-42d3-ae94-c3b99af7ad79/fa079e73-e9f6-465d-9368-24b9a77ddb1c_1067737301.jpeg?h=225&w=225,
312146955,Tesco Fairisle Napkin 33Cm 3Ply 20 Pack,https://www.tesco.com/groceries/en-GB/shop/home-and-ents/all?department=Cooking%20%26%20Dining&viewAll=department&page=,£1.50,£0.08/each,,New,/groceries/en-GB/products/312146955,https://digitalcontent.api.tesco.com/v2/media/ghs/51086862-2642-4804-89c8-98037803578e/01d06712-b00c-42c7-b666-3a022f833396_1410991382.jpeg?h=225&w=225,
312146581,Tesco Christmas Pudding Plate 23Cm 10 Pack,https://www.tesco.com/groceries/en-GB/shop/home-and-ents/all?department=Cooking%20%26%20Dining&viewAll=department&page=,£1.50,£0.15/each,,New,/groceries/en-GB/products/312146581,https://digitalcontent.api.tesco.com/v2/media/ghs/50e0c55a-4103-4961-9400-ae382fbc3b6b/ca7aaeb5-90d1-476f-96e8-63c311ceedfb_1029871464.jpeg?h=225&w=225,
312146615,Tesco Woodland Plate 23Cm 10 Pack,https://www.tesco.com/groceries/en-GB/shop/home-and-ents/all?department=Cooking%20%26%20Dining&viewAll=department&page=,£1.50,£0.15/each,,New,/groceries/en-GB/products/312146615,https://digitalcontent.api.tesco.com/v2/media/ghs/fa212e4f-1a37-4775-8a7c-522bdbb65244/139acfda-36e8-4b74-86b0-ca5f659bca44_428203169.jpeg?h=225&w=225,
312146650,Tesco Fairisle Heart Plate 23Cm 10 Pack,https://www.tesco.com/groceries/en-GB/shop/home-and-ents/all?department=Cooking%20%26%20Dining&viewAll=department&page=,£1.50,£0.15/each,,New,/groceries/en-GB/products/312146650,https://digitalcontent.api.tesco.com/v2/media/ghs/a77f468b-73bc-435f-baff-4dfa619c58f8/9f799dbb-a340-4d2c-886b-c9d00c7b4cb8_1760079899.jpeg?h=225&w=225,
312146598,Tesco Christmas Santa Rudy Plate 23Cm 10 Pack,https://www.tesco.com/groceries/en-GB/shop/home-and-ents/all?department=Cooking%20%26%20Dining&viewAll=department&page=,£1.50,£0.15/each,,New,/groceries/en-GB/products/312146598,https://digitalcontent.api.tesco.com/v2/media/ghs/57256132-44d4-4b06-825d-908c97a93a15/d7ea0502-5102-47dd-8835-84250c25f4ca_1505608359.jpeg?h=225&w=225,
308121760,Tesco Rainbow Spot Napkin 20 Pack,https://www.tesco.com/groceries/en-GB/shop/home-and-ents/all?department=Cooking%20%26%20Dining&viewAll=department&page=,£1.50,£0.08/each,Any 5 for 4 Clubcard Price - Cheapest Product Free - Selected Tesco Party ,,/groceries/en-GB/products/308121760,https://digitalcontent.api.tesco.com/v2/media/ghs/098069bc-e45f-4d4a-91b2-450b1e06644b/dd879f12-e619-4d6c-84c4-cd06b983711f_15861895.jpeg?h=225&w=225,
312146687,Tesco Meadow Plate 23Cm 10 Pack,https://www.tesco.com/groceries/en-GB/shop/home-and-ents/all?department=Cooking%20%26%20Dining&viewAll=department&page=,£1.50,£0.15/each,,New,/groceries/en-GB/products/312146687,https://digitalcontent.api.tesco.com/v2/media/ghs/57d690d7-626f-4905-a396-99bde6a60813/d9236a8e-fa64-4353-989b-d8812bb1a918_1885038898.jpeg?h=225&w=225,
312146673,Tesco Celebrate Plate 23Cm 10 Pack,https://www.tesco.com/groceries/en-GB/shop/home-and-ents/all?department=Cooking%20%26%20Dining&viewAll=department&page=,£1.50,£0.15/each,,New,/groceries/en-GB/products/312146673,https://digitalcontent.api.tesco.com/v2/media/ghs/34de6d37-6573-4823-b31d-55e2a5f544cf/b748be3b-91a0-4eff-aa65-9a741ca14ec3_817223080.jpeg?h=225&w=225,
312146644,Tesco Flitter Reindeer Plate 23Cm 10 Pack,https://www.tesco.com/groceries/en-GB/shop/home-and-ents/all?department=Cooking%20%26%20Dining&viewAll=department&page=,£1.50,£0.15/each,,New,/groceries/en-GB/products/312146644,https://digitalcontent.api.tesco.com/v2/media/ghs/51751e70-1171-4033-bc7a-e220077c2c4a/30a9d509-e781-410d-8008-2d4cbb06b0cb_787695122.jpeg?h=225&w=225,
312268047,Tesco Green Tree Christmas Napkin 2Ply 50 Pack,https://www.tesco.com/groceries/en-GB/shop/home-and-ents/all?department=Cooking%20%26%20Dining&viewAll=department&page=,£1.75,£0.04/each,,New,/groceries/en-GB/products/312268047,https://digitalcontent.api.tesco.com/v2/media/ghs/8061686f-57fc-4b26-a185-2ebba6e13b12/7eb4e36e-77f3-469d-bff8-63967ffe0d6c_1090828933.jpeg?h=225&w=225,
300432404,Tesco Classic Stainless Steel Teaspoons 4 Pack,https://www.tesco.com/groceries/en-GB/shop/home-and-ents/all?department=Cooking%20%26%20Dining&viewAll=department&page=,£0.85,£0.21/each,,,/groceries/en-GB/products/300432404,https://digitalcontent.api.tesco.com/v2/media/ghs/d42fc01e-73f9-482d-b94c-814f89a914f3/40ddac86-1e43-4a7d-a9f3-d17df84d8518_1818606532.jpeg?h=225&w=225,
257391879,Tesco Napkins White 30Cm 1Ply 100 Pack,https://www.tesco.com/groceries/en-GB/shop/home-and-ents/all?department=Cooking%20%26%20Dining&viewAll=department&page=,£1.00,£0.01/each,,,/groceries/en-GB/products/257391879,https://digitalcontent.api.tesco.com/v2/media/ghs/9497634d-bd03-47b6-aa30-f1ef3e37b423/fcc1770f-4798-47eb-8b57-2bf89ce486ed_1872178096.jpeg?h=225&w=225,
311935737,Keep It Handy Reusable Shopping Bag,https://www.tesco.com/groceries/en-GB/shop/home-and-ents/all?department=Cooking%20%26%20Dining&viewAll=department&page=,£1.00,£1.00/each,,New,/groceries/en-GB/products/311935737,https://digitalcontent.api.tesco.com/v2/media/ghs-mktg/b0b04216-fa73-466d-a9d7-c9fcfa1ce9b3/no-image.jpeg,
306122219,Tesco Classic White Mug,https://www.tesco.com/groceries/en-GB/shop/home-and-ents/all?department=Cooking%20%26%20Dining&viewAll=department&page=,£1.00,£1.00/each,,,/groceries/en-GB/products/306122219,https://digitalcontent.api.tesco.com/v2/media/ghs/939541df-00cc-408c-b621-d2dbe9c099a2/82c91b13-ff08-4b4c-95ac-ee2e846889d2_644153140.jpeg?h=225&w=225,
308664559,Tesco Plastic Measuring Jug 2L,https://www.tesco.com/groceries/en-GB/shop/home-and-ents/all?department=Cooking%20%26%20Dining&viewAll=department&page=,£1.00,£1.00/each,,,/groceries/en-GB/products/308664559,https://digitalcontent.api.tesco.com/v2/media/ghs/1016bb38-92ba-4e98-8583-5527010ffe28/513bc7a4-8d9e-499e-a6ae-77e92dc8107e_1314677806.jpeg?h=225&w=225,
308664572,Tesco Plastic Mixing Bowl 4L,https://www.tesco.com/groceries/en-GB/shop/home-and-ents/all?department=Cooking%20%26%20Dining&viewAll=department&page=,£0.85,£0.85/each,,,/groceries/en-GB/products/308664572,https://digitalcontent.api.tesco.com/v2/media/ghs/37bc184d-de30-4ced-b83e-10eec6afe5f1/cd8933dd-09b1-4455-9a75-216854e60e5e_2093981953.jpeg?h=225&w=225,
308386676,Jena Wooden Cocktail Sticks 300 Pack,https://www.tesco.com/groceries/en-GB/shop/home-and-ents/all?department=Cooking%20%26%20Dining&viewAll=department&page=,£0.60,£0.00/each,,,/groceries/en-GB/products/308386676,https://digitalcontent.api.tesco.com/v2/media/ghs/94cc7dcf-6029-47b8-bf79-5b0fcbb21ac9/02b3f007-b102-409b-b01f-afdcfde06d2a_665636843.jpeg?h=225&w=225,
252534011,Tesco Practic Fsc Wooden Spoon,https://www.tesco.com/groceries/en-GB/shop/home-and-ents/all?department=Cooking%20%26%20Dining&viewAll=department&page=,£0.60,£0.60/each,,,/groceries/en-GB/products/252534011,https://digitalcontent.api.tesco.com/v2/media/ghs/ca114b09-b1fe-4f2f-9fb9-4a95df6ce9aa/c1a4496c-4a79-4b88-a490-702043d7779f_1192405266.jpeg?h=225&w=225,
278312672,Soda Glass Mixer Clear,https://www.tesco.com/groceries/en-GB/shop/home-and-ents/all?department=Cooking%20%26%20Dining&viewAll=department&page=,£0.50,£0.50/each,,,/groceries/en-GB/products/278312672,https://digitalcontent.api.tesco.com/v2/media/ghs/da095a50-2895-4d79-a986-5740bed05f06/b6afa848-a803-4589-8182-54dc1e5da307_1369078409.jpeg?h=225&w=225,
308664566,Tesco Plastic Mixing Bowl 2L,https://www.tesco.com/groceries/en-GB/shop/home-and-ents/all?department=Cooking%20%26%20Dining&viewAll=department&page=,£0.60,£0.60/each,,,/groceries/en-GB/products/308664566,https://digitalcontent.api.tesco.com/v2/media/ghs/be594d2b-4765-4985-b1b2-1a585d3ada65/86a2c745-13f9-41ac-86ec-4c93b1278463_1042656045.jpeg?h=225&w=225,
276171794,Tesco Soda Glass Tumbler Clear,https://www.tesco.com/groceries/en-GB/shop/home-and-ents/all?department=Cooking%20%26%20Dining&viewAll=department&page=,£0.60,£0.60/each,,,/groceries/en-GB/products/276171794,https://digitalcontent.api.tesco.com/v2/media/ghs/303af07b-a160-4605-8e58-76e1e5842596/67e3974c-ad6e-463d-b448-2425e98b812b_1129508466.jpeg?h=225&w=225,
300520162,Tesco Water Glass,https://www.tesco.com/groceries/en-GB/shop/home-and-ents/all?department=Cooking%20%26%20Dining&viewAll=department&page=,£0.35,£0.35/each,,,/groceries/en-GB/products/300520162,https://digitalcontent.api.tesco.com/v2/media/ghs/2a436464-d007-4441-bd0c-f42e27bfaa1d/b5c6f616-2d58-424f-ad2c-b45102f3d0ce_1721835600.jpeg?h=225&w=225,
309376456,Hinch Round Storage Jar With Bamboo Lid 1.6L,https://www.tesco.com/groceries/en-GB/shop/home-and-ents/all?department=Cooking%20%26%20Dining&viewAll=department&page=,£5.50,£5.50/each,,,/groceries/en-GB/products/309376456,https://digitalcontent.api.tesco.com/v2/media/ghs/d4af20f5-8261-432d-ac2e-714a67d441cb/79c288c6-8450-4a3a-b83e-b43adc3c3fc9_2034314984.jpeg?h=225&w=225,
297792380,Brita Maxtra Plus Cartridges Single,https://www.tesco.com/groceries/en-GB/shop/home-and-ents/all?department=Cooking%20%26%20Dining&viewAll=department&page=,£6.50,£6.50/each,,,/groceries/en-GB/products/297792380,https://digitalcontent.api.tesco.com/v2/media/ghs/bfe6bdee-16e4-4598-88ea-d3ee0ec13b00/89fabfcb-0d55-49f5-a887-4b93b6d1080e_899690380.jpeg?h=225&w=225,
311463080,Fox And Ivy Muse Grey Mug Grey,https://www.tesco.com/groceries/en-GB/shop/home-and-ents/all?department=Cooking%20%26%20Dining&viewAll=department&page=,£4.50,£4.50/each,,,/groceries/en-GB/products/311463080,https://digitalcontent.api.tesco.com/v2/media/ghs/d9791996-cab9-4f4f-940f-e99fd6537fda/ba1d0ae9-8d99-4809-a4a6-78264a3cd2e7_476902899.jpeg?h=225&w=225,
311462582,Fox & Ivy Lumina Dinner Plate,https://www.tesco.com/groceries/en-GB/shop/home-and-ents/all?department=Cooking%20%26%20Dining&viewAll=department&page=,£5.00,£5.00/each,£3.75 Clubcard Price,,/groceries/en-GB/products/311462582,https://digitalcontent.api.tesco.com/v2/media/ghs/17d70246-af29-4ff0-b411-0ff27544f8d7/29064de7-0ad1-4189-a48e-0f3d2f71d8fb_1669290875.jpeg?h=225&w=225,
307372187,Fox & Ivy Malmo Dinner Plate,https://www.tesco.com/groceries/en-GB/shop/home-and-ents/all?department=Cooking%20%26%20Dining&viewAll=department&page=,£5.00,£5.00/each,,,/groceries/en-GB/products/307372187,https://digitalcontent.api.tesco.com/v2/media/ghs/3e69a24d-1727-4355-bbd7-f61d697d9e59/4b2aa6ad-777c-4450-a439-1b91daa8027e_163668806.jpeg?h=225&w=225,
311462547,Fox And Ivy Java Dinner Plate Peacock,https://www.tesco.com/groceries/en-GB/shop/home-and-ents/all?department=Cooking%20%26%20Dining&viewAll=department&page=,£5.00,£5.00/each,£3.75 Clubcard Price,,/groceries/en-GB/products/311462547,https://digitalcontent.api.tesco.com/v2/media/ghs/74d898c6-ba7b-4fcc-a1e9-9bc456c228d3/cc5f9993-29c6-4202-9fde-81db66274a15_103260477.jpeg?h=225&w=225,
311825286,Tesco Gonk 3D Mug,https://www.tesco.com/groceries/en-GB/shop/home-and-ents/all?department=Cooking%20%26%20Dining&viewAll=department&page=,£4.50,£4.50/each,,New,/groceries/en-GB/products/311825286,https://digitalcontent.api.tesco.com/v2/media/ghs/d762b408-81a7-4706-90d6-ff1944ffc7da/4679a292-9d19-485c-8de9-83f4f0cce0cc_1801832043.jpeg?h=225&w=225,
306528242,Tesco Reindeer 3D Mug,https://www.tesco.com/groceries/en-GB/shop/home-and-ents/all?department=Cooking%20%26%20Dining&viewAll=department&page=,£4.50,£4.50/each,,New,/groceries/en-GB/products/306528242,https://digitalcontent.api.tesco.com/v2/media/ghs/8a19a72e-9678-48b8-b65c-11f41337d0e6/snapshotimagehandler_2051882634.jpeg?h=225&w=225,
306120620,Fox & Ivy Azzurra Cereal Bowl,https://www.tesco.com/groceries/en-GB/shop/home-and-ents/all?department=Cooking%20%26%20Dining&viewAll=department&page=,£4.50,£4.50/each,,,/groceries/en-GB/products/306120620,https://digitalcontent.api.tesco.com/v2/media/ghs/b4635206-cea4-432e-81ec-972b259a212b/134dfc2b-18fe-41ae-b52d-62f3eb3613b8_622033339.jpeg?h=225&w=225,
310246742,Tesco Green Disney Winnie The Pooh Mug,https://www.tesco.com/groceries/en-GB/shop/home-and-ents/all?department=Cooking%20%26%20Dining&viewAll=department&page=,£4.00,£4.00/each,,New,/groceries/en-GB/products/310246742,https://digitalcontent.api.tesco.com/v2/media/ghs/98eb58f4-e38c-4871-9831-7aa63ff36b23/029b1827-b3c0-4c06-ae19-61c4552303c5_1598014382.jpeg?h=225&w=225,
306120643,Fox & Ivy Azzurra Dinner Plate,https://www.tesco.com/groceries/en-GB/shop/home-and-ents/all?department=Cooking%20%26%20Dining&viewAll=department&page=,£5.00,£5.00/each,,,/groceries/en-GB/products/306120643,https://digitalcontent.api.tesco.com/v2/media/ghs/2b9d06ff-d966-42d3-9fd3-a656c6361da9/069f63a6-b911-46b3-85fc-ec578657c6a1_915435763.jpeg?h=225&w=225,
312146759,Silver Snowflake Table Cover 180Cm X 120Cm,https://www.tesco.com/groceries/en-GB/shop/home-and-ents/all?department=Cooking%20%26%20Dining&viewAll=department&page=,£2.75,£2.75/each,,New,/groceries/en-GB/products/312146759,https://digitalcontent.api.tesco.com/v2/media/ghs/08fa82d8-6f65-43b2-8736-613f4ba8c02f/c371788c-598a-4712-acc8-31ef598c7f98_1729559400.jpeg?h=225&w=225,
309376427,Hinch Round Storage Jar With Bamboo Lid 650Ml,https://www.tesco.com/groceries/en-GB/shop/home-and-ents/all?department=Cooking%20%26%20Dining&viewAll=department&page=,£4.00,£4.00/each,,,/groceries/en-GB/products/309376427,https://digitalcontent.api.tesco.com/v2/media/ghs/fe7ff316-0e06-4d9d-8fe7-993cb76a106c/00bb39c6-af8c-46a3-97c6-4940b8553378_971182762.jpeg?h=225&w=225,
311462567,Fox & Ivy Lumina Side Plate,https://www.tesco.com/groceries/en-GB/shop/home-and-ents/all?department=Cooking%20%26%20Dining&viewAll=department&page=,£4.50,£4.50/each,£3.35 Clubcard Price,,/groceries/en-GB/products/311462567,https://digitalcontent.api.tesco.com/v2/media/ghs/dc95789a-7500-47eb-83d3-dbf17597882a/d0f2fa7a-f377-4dc3-af24-8f8e06cade07_1997453940.jpeg?h=225&w=225,
310330106,Fox & Ivy Slate Reactive Dinner Plate,https://www.tesco.com/groceries/en-GB/shop/home-and-ents/all?department=Cooking%20%26%20Dining&viewAll=department&page=,£4.50,£4.50/each,,,/groceries/en-GB/products/310330106,https://digitalcontent.api.tesco.com/v2/media/ghs/8840f817-e167-4baa-b492-c5892aa9f9f5/6c646164-a115-4604-b5e4-ec0133a435fa_1068678301.jpeg?h=225&w=225,
311462645,Fox & Ivy Muse Grey Side Plate Grey,https://www.tesco.com/groceries/en-GB/shop/home-and-ents/all?department=Cooking%20%26%20Dining&viewAll=department&page=,£4.50,£4.50/each,,,/groceries/en-GB/products/311462645,https://digitalcontent.api.tesco.com/v2/media/ghs/6174f9f1-31ec-4688-b264-f982c9d269b3/89809e9b-a0f2-4ba1-98b8-e5da0cd2ba66_1364613685.jpeg?h=225&w=225,
307372170,Fox & Ivy Malmo Side Plate,https://www.tesco.com/groceries/en-GB/shop/home-and-ents/all?department=Cooking%20%26%20Dining&viewAll=department&page=,£4.50,£4.50/each,,,/groceries/en-GB/products/307372170,https://digitalcontent.api.tesco.com/v2/media/ghs/afff9951-e326-4b61-a81a-cf9fc8f8bc6d/f0e008fd-baf6-48bc-8086-c4b35a9265b0_1301128527.jpeg?h=225&w=225,
309376449,Hinch Round Storage Jar With Bamboo Lid 1.3L,https://www.tesco.com/groceries/en-GB/shop/home-and-ents/all?department=Cooking%20%26%20Dining&viewAll=department&page=,£5.00,£5.00/each,,,/groceries/en-GB/products/309376449,https://digitalcontent.api.tesco.com/v2/media/ghs/c4a607d4-1cdd-4138-ad07-18e621ce768f/5d3f17b0-ecf7-45b8-8f8f-2ca8e52de996_213906374.jpeg?h=225&w=225,
312146707,Christmas Pudding Table Cover 180 X 120Cm,https://www.tesco.com/groceries/en-GB/shop/home-and-ents/all?department=Cooking%20%26%20Dining&viewAll=department&page=,£2.75,£2.75/each,,New,/groceries/en-GB/products/312146707,https://digitalcontent.api.tesco.com/v2/media/ghs/5542968a-8a08-4925-ba32-69531ed81aea/84284ac0-e33b-45b3-9439-d11b020537e1_938474453.jpeg?h=225&w=225,
310254421,Fox & Ivy Arizona Dinner Plate,https://www.tesco.com/groceries/en-GB/shop/home-and-ents/all?department=Cooking%20%26%20Dining&viewAll=department&page=,£4.00,£4.00/each,,,/groceries/en-GB/products/310254421,https://digitalcontent.api.tesco.com/v2/media/ghs/031c558c-8f60-48a9-9267-fc5b933ddbb1/a8e36f3b-25fa-4446-8afe-5a11359ba88a_721959805.jpeg?h=225&w=225,
312146742,Santa Table Cover 180 X 120Cm,https://www.tesco.com/groceries/en-GB/shop/home-and-ents/all?department=Cooking%20%26%20Dining&viewAll=department&page=,£2.75,£2.75/each,,New,/groceries/en-GB/products/312146742,https://digitalcontent.api.tesco.com/v2/media/ghs/60a27a33-fd07-4ed0-8780-3aed4e50e022/dcb585c2-f482-4d1e-813a-c093b4ee5235_113713298.jpeg?h=225&w=225,
312146765,Flitter Reindeer Table Cover 180 X 120Cm,https://www.tesco.com/groceries/en-GB/shop/home-and-ents/all?department=Cooking%20%26%20Dining&viewAll=department&page=,£2.75,£2.75/each,,New,/groceries/en-GB/products/312146765,https://digitalcontent.api.tesco.com/v2/media/ghs/b0079233-e1ef-44ba-aa21-6acf4cece915/9dab15f2-66f4-4bf4-be2d-e7beb3db86c6_2034928449.jpeg?h=225&w=225,
312146713,Christmas Santa Rudy Table Cover 180 X 120Cm,https://www.tesco.com/groceries/en-GB/shop/home-and-ents/all?department=Cooking%20%26%20Dining&viewAll=department&page=,£2.75,£2.75/each,,New,/groceries/en-GB/products/312146713,https://digitalcontent.api.tesco.com/v2/media/ghs/93167576-e2ef-417a-a0be-09013317bab6/1898f5af-cabd-4568-875e-d147447aecd3_2013011743.jpeg?h=225&w=225,
312146727,12 Days Of Christmas Table Cover 180 X 120 Cm,https://www.tesco.com/groceries/en-GB/shop/home-and-ents/all?department=Cooking%20%26%20Dining&viewAll=department&page=,£2.75,£2.75/each,,New,/groceries/en-GB/products/312146727,https://digitalcontent.api.tesco.com/v2/media/ghs/7c2922a5-1166-400b-a198-c0b8d25ee57e/b8f8d0e8-3c90-4c94-896e-3f3a00aed1d0_216156110.jpeg?h=225&w=225,
312146794,Celebrate Table Cover 180 X 120Cm,https://www.tesco.com/groceries/en-GB/shop/home-and-ents/all?department=Cooking%20%26%20Dining&viewAll=department&page=,£2.75,£2.75/each,,New,/groceries/en-GB/products/312146794,https://digitalcontent.api.tesco.com/v2/media/ghs/ab109116-73db-4864-9aa0-e2450a1e2aaa/be2d143d-4a9f-4135-a2c3-d8f22134348b_1940600345.jpeg?h=225&w=225,
312146771,Fairisle Heart Table Cover 180 X 120Cm,https://www.tesco.com/groceries/en-GB/shop/home-and-ents/all?department=Cooking%20%26%20Dining&viewAll=department&page=,£2.75,£2.75/each,,New,/groceries/en-GB/products/312146771,https://digitalcontent.api.tesco.com/v2/media/ghs/4bc710b5-3f78-409a-9e12-8dc6f8f5c782/bf61ce43-ad04-4f9f-b65d-603bec1fb2b9_1402619053.jpeg?h=225&w=225,
312146736,Woodland Table Cover 180 X 120Cm,https://www.tesco.com/groceries/en-GB/shop/home-and-ents/all?department=Cooking%20%26%20Dining&viewAll=department&page=,£2.75,£2.75/each,,New,/groceries/en-GB/products/312146736,https://digitalcontent.api.tesco.com/v2/media/ghs/68c39597-9510-49c0-8958-92195abcbd6c/8121694c-7aec-4d69-abce-8f03f3be7799_1733549919.jpeg?h=225&w=225,
312146788,Constellation Star Table Cover 180 X 120Cm,https://www.tesco.com/groceries/en-GB/shop/home-and-ents/all?department=Cooking%20%26%20Dining&viewAll=department&page=,£2.75,£2.75/each,,New,/groceries/en-GB/products/312146788,https://digitalcontent.api.tesco.com/v2/media/ghs/0910874a-d006-40a5-bdfd-5b1e3c1979c9/b6ece1ff-e38b-4378-8ce0-654c2c1356df_299374184.jpeg?h=225&w=225,
311825277,Tesco Candy Cane Glass Mug,https://www.tesco.com/groceries/en-GB/shop/home-and-ents/all?department=Cooking%20%26%20Dining&viewAll=department&page=,£2.50,£2.50/each,,New,/groceries/en-GB/products/311825277,https://digitalcontent.api.tesco.com/v2/media/ghs/1d175798-b9e5-4d3d-a8cc-ca36e7d591fc/d3597e6b-c53a-4454-a6c6-3aaf62ac2f84_1702636549.jpeg?h=225&w=225,
311961734,Tesco Gonk Melamine Small Bowl,https://www.tesco.com/groceries/en-GB/shop/home-and-ents/all?department=Cooking%20%26%20Dining&viewAll=department&page=,£2.00,£2.00/each,,New,/groceries/en-GB/products/311961734,https://digitalcontent.api.tesco.com/v2/media/ghs/09b15b14-29b7-4ac3-ac5c-36417dcfd80a/95ae8995-2e6e-45a8-91b6-f5b2c1188a11_768702497.jpeg?h=225&w=225,
312146903,Tesco Woodland Napkin 3Ply 20 Pack,https://www.tesco.com/groceries/en-GB/shop/home-and-ents/all?department=Cooking%20%26%20Dining&viewAll=department&page=,£1.50,£0.08/each,,,/groceries/en-GB/products/312146903,https://digitalcontent.api.tesco.com/v2/media/ghs/4a67f447-fd25-4c9a-a4cf-28a2b31c1bfc/9107ab8b-8576-4a96-8c3b-c9a0c1b0c216_1642619785.jpeg?h=225&w=225,
310647642,Tesco Bee Napkin 33Cm 3Ply 20 Pack,https://www.tesco.com/groceries/en-GB/shop/home-and-ents/all?department=Cooking%20%26%20Dining&viewAll=department&page=,£1.50,£0.08/each,,,/groceries/en-GB/products/310647642,https://digitalcontent.api.tesco.com/v2/media/ghs/d86bf1c2-10bd-4d20-8662-998e2d361a9a/9d25def1-8de3-4436-8275-0db5b19e3644_1382503293.jpeg?h=225&w=225,
309629319,Tesco Medium Oven Tray 35Cm X 25Cm,https://www.tesco.com/groceries/en-GB/shop/home-and-ents/all?department=Cooking%20%26%20Dining&viewAll=department&page=,£2.00,£2.00/each,,,/groceries/en-GB/products/309629319,https://digitalcontent.api.tesco.com/v2/media/ghs/98f1a1c4-d6be-48a9-90eb-6547e18ac4c8/ca93cd61-9518-4e87-a1f8-6859b5a4350b_311675496.jpeg?h=225&w=225,
309629360,Tesco Large Oven Tray 38Cm X 30Cm,https://www.tesco.com/groceries/en-GB/shop/home-and-ents/all?department=Cooking%20%26%20Dining&viewAll=department&page=,£2.50,£2.50/each,,,/groceries/en-GB/products/309629360,https://digitalcontent.api.tesco.com/v2/media/ghs/4e26c3a3-9fbe-4b89-a9ad-ed9852fd724c/452f5160-90b9-4de0-9064-da8c0b989f11_1824540521.jpeg?h=225&w=225,
312146863,Tesco Christmas Tree Napkin 3Ply 20 Pack,https://www.tesco.com/groceries/en-GB/shop/home-and-ents/all?department=Cooking%20%26%20Dining&viewAll=department&page=,£1.50,£0.08/each,,,/groceries/en-GB/products/312146863,https://digitalcontent.api.tesco.com/v2/media/ghs/671c61b1-c30a-44b2-96b3-09fefd6a5b4b/7ade7f2c-7aa5-4351-b26c-0b0d035fbcd5_1546538514.jpeg?h=225&w=225,
260281222,Tesco Foodsavers 3 Pack 600Ml,https://www.tesco.com/groceries/en-GB/shop/home-and-ents/all?department=Cooking%20%26%20Dining&viewAll=department&page=,£1.50,£0.50/each,,,/groceries/en-GB/products/260281222,https://digitalcontent.api.tesco.com/v2/media/ghs/0adcc224-24ec-451f-b49b-8e26c7789807/dc5f990d-cef2-4c2b-a416-75f84ddf7d02_673502826.jpeg?h=225&w=225,
311711449,Tesco Charger Plate Bordeaux,https://www.tesco.com/groceries/en-GB/shop/home-and-ents/all?department=Cooking%20%26%20Dining&viewAll=department&page=,£1.75,£1.75/each,,New,/groceries/en-GB/products/311711449,https://digitalcontent.api.tesco.com/v2/media/ghs/e38302d6-3b6e-4fe2-9636-5e959ced030e/5ff720c5-b4cc-4140-9504-e044d64d300d_99399869.jpeg?h=225&w=225,
292167534,Tesco Charger Silver,https://www.tesco.com/groceries/en-GB/shop/home-and-ents/all?department=Cooking%20%26%20Dining&viewAll=department&page=,£1.75,£1.75/each,,New,/groceries/en-GB/products/292167534,https://digitalcontent.api.tesco.com/v2/media/ghs/e4751f95-2b0b-41f8-94cd-c14738e033a8/snapshotimagehandler_366070408.jpeg?h=225&w=225,
308409991,Stealth Smash Navy Bottle 500Ml,https://www.tesco.com/groceries/en-GB/shop/home-and-ents/all?department=Cooking%20%26%20Dining&viewAll=department&page=,£1.50,£1.50/each,,,/groceries/en-GB/products/308409991,https://digitalcontent.api.tesco.com/v2/media/ghs/48c4bf02-9310-44ae-9174-f721338e0bfc/2a2a9760-8405-437e-9fdf-ce837bb16577_794529830.jpeg?h=225&w=225,
302618050,Tesco Glass Sundae Dish,https://www.tesco.com/groceries/en-GB/shop/home-and-ents/all?department=Cooking%20%26%20Dining&viewAll=department&page=,£1.50,£1.50/each,,,/groceries/en-GB/products/302618050,https://digitalcontent.api.tesco.com/v2/media/ghs/f2a81312-73fa-47c1-8aee-0eaba395593d/dfdc1f55-778f-4987-b7ed-a5d9eb6e53d4_214978045.jpeg?h=225&w=225,
312147038,Tesco Meadow Napkin 33Cm 3Ply 20 Pack,https://www.tesco.com/groceries/en-GB/shop/home-and-ents/all?department=Cooking%20%26%20Dining&viewAll=department&page=,£1.50,£0.08/each,,,/groceries/en-GB/products/312147038,https://digitalcontent.api.tesco.com/v2/media/ghs/6cd7c7d1-7feb-412c-a489-9f4dceab24b0/b08bd065-540f-47c0-b071-cab3fd68defd_1135994136.jpeg?h=225&w=225,
306036864,Tesco Diamond Hiball,https://www.tesco.com/groceries/en-GB/shop/home-and-ents/all?department=Cooking%20%26%20Dining&viewAll=department&page=,£1.30,£1.30/each,,,/groceries/en-GB/products/306036864,https://digitalcontent.api.tesco.com/v2/media/ghs/64ed0d2c-b6aa-4a6d-8e4c-f1d4466fe666/f4c02715-17be-42b9-b3ad-e61478566c2b_1929390659.jpeg?h=225&w=225,
300432387,Tesco Classic Stainless Steel Dessert/Soup Spoons 4 Pack,https://www.tesco.com/groceries/en-GB/shop/home-and-ents/all?department=Cooking%20%26%20Dining&viewAll=department&page=,£1.30,£0.32/each,,,/groceries/en-GB/products/300432387,https://digitalcontent.api.tesco.com/v2/media/ghs/807b1c32-8e6c-4c49-8919-fa1781da362a/3d1c695d-cc92-4096-80c3-9dc9812c5b0e_648908837.jpeg?h=225&w=225,
260281090,Tesco Foodsavers 3 Pack 250Ml,https://www.tesco.com/groceries/en-GB/shop/home-and-ents/all?department=Cooking%20%26%20Dining&viewAll=department&page=,£1.00,£0.33/each,,,/groceries/en-GB/products/260281090,https://digitalcontent.api.tesco.com/v2/media/ghs/c4324df5-8501-4b62-8141-11eb6ad426e8/c10f9de6-6131-4247-9669-bd8c65e71213_736190197.jpeg?h=225&w=225,
311961757,Tesco Gonk Melamine Chip & Dip Platter,https://www.tesco.com/groceries/en-GB/shop/home-and-ents/all?department=Cooking%20%26%20Dining&viewAll=department&page=,£7.50,£7.50/each,,New,/groceries/en-GB/products/311961757,https://digitalcontent.api.tesco.com/v2/media/ghs/78dc8d81-8090-4bf1-80d5-763949520b23/a080d183-69bf-4b4c-abe2-12c712e27013_1151978687.jpeg?h=225&w=225,
295080493,Culinaire Magican Can Opener,https://www.tesco.com/groceries/en-GB/shop/home-and-ents/all?department=Cooking%20%26%20Dining&viewAll=department&page=,£6.00,£6.00/each,,,/groceries/en-GB/products/295080493,https://digitalcontent.api.tesco.com/v2/media/ghs/7d8da641-7b66-4fa8-aa12-49cd01acd1c8/86c6ed43-a6f9-482c-9917-3b6c248b883c_1177465686.jpeg?h=225&w=225,
311463022,Fox And Ivy Java Mug Peacock,https://www.tesco.com/groceries/en-GB/shop/home-and-ents/all?department=Cooking%20%26%20Dining&viewAll=department&page=,£5.00,£5.00/each,£3.75 Clubcard Price,,/groceries/en-GB/products/311463022,https://digitalcontent.api.tesco.com/v2/media/ghs/2b9291b5-620f-41dd-ae58-1562393d22c7/dc1b494f-fd65-45f2-8107-ffd04f291e97_441996332.jpeg?h=225&w=225,
311462651,Fox & Ivy Muse Grey Pasta Bowl Grey,https://www.tesco.com/groceries/en-GB/shop/home-and-ents/all?department=Cooking%20%26%20Dining&viewAll=department&page=,£5.50,£5.50/each,,,/groceries/en-GB/products/311462651,https://digitalcontent.api.tesco.com/v2/media/ghs/175e548d-2651-4982-b117-ef80e426fed1/4a9fcfa7-493f-4c7d-a879-81d27cf698a6_943713200.jpeg?h=225&w=225,
311462530,Fox And Ivy Java Pasta Bowl Peacock,https://www.tesco.com/groceries/en-GB/shop/home-and-ents/all?department=Cooking%20%26%20Dining&viewAll=department&page=,£5.50,£5.50/each,£4.10 Clubcard Price,,/groceries/en-GB/products/311462530,https://digitalcontent.api.tesco.com/v2/media/ghs/136e14b6-5fbc-40d6-bf50-15d93ab8b066/4dc0c0fb-c36b-4b7d-be6a-aa9c7b24c659_1514386727.jpeg?h=225&w=225,
309376433,Hinch Round Storage Jar With Bamboo Lid 950Ml,https://www.tesco.com/groceries/en-GB/shop/home-and-ents/all?department=Cooking%20%26%20Dining&viewAll=department&page=,£4.50,£4.50/each,,,/groceries/en-GB/products/309376433,https://digitalcontent.api.tesco.com/v2/media/ghs/a4a1ba6c-e9b6-4b89-a993-eab0c24800d7/1c2a0353-61c9-4d68-875a-cfd35b0a32de_1594053337.jpeg?h=225&w=225,
311462668,Fox & Ivy Muse Grey Dinner Plate Grey,https://www.tesco.com/groceries/en-GB/shop/home-and-ents/all?department=Cooking%20%26%20Dining&viewAll=department&page=,£5.00,£5.00/each,,,/groceries/en-GB/products/311462668,https://digitalcontent.api.tesco.com/v2/media/ghs/3d1369ac-e48e-4660-ba42-30172fdc1efe/ef1b9c0b-92b4-4dc4-886f-61c527956a76_261481361.jpeg?h=225&w=225,
309629354,Tesco 3 Pack Oven Tray 28Cm 35Cm 38Cm,https://www.tesco.com/groceries/en-GB/shop/home-and-ents/all?department=Cooking%20%26%20Dining&viewAll=department&page=,£6.00,£2.00/each,,,/groceries/en-GB/products/309629354,https://digitalcontent.api.tesco.com/v2/media/ghs/d92b6dff-bee5-4a98-a60d-31ca1bde7596/c5902040-b414-4365-b9e5-2343a0a52226_1648898773.jpeg?h=225&w=225,
310254438,Fox & Ivy Arizona Pasta Bowl,https://www.tesco.com/groceries/en-GB/shop/home-and-ents/all?department=Cooking%20%26%20Dining&viewAll=department&page=,£4.50,£4.50/each,,,/groceries/en-GB/products/310254438,https://digitalcontent.api.tesco.com/v2/media/ghs/f2eb58b9-2211-4989-92ed-ccd6667b1b26/d1c3b05c-6fb0-4052-b548-f30c26d46fba_611793153.jpeg?h=225&w=225,
311353924,Fox & Ivy Azzurra Cup & Saucer,https://www.tesco.com/groceries/en-GB/shop/home-and-ents/all?department=Cooking%20%26%20Dining&viewAll=department&page=,£5.00,£5.00/each,,,/groceries/en-GB/products/311353924,https://digitalcontent.api.tesco.com/v2/media/ghs/0eaf318d-3f9e-4cad-9545-8646d6158e92/44363921-012e-4f8a-a8fd-b2d27a8d329b_1805012394.jpeg?h=225&w=225,
311462524,Fox And Ivy Java Side Plate Peacock,https://www.tesco.com/groceries/en-GB/shop/home-and-ents/all?department=Cooking%20%26%20Dining&viewAll=department&page=,£4.50,£4.50/each,£3.35 Clubcard Price,,/groceries/en-GB/products/311462524,https://digitalcontent.api.tesco.com/v2/media/ghs/d2be9797-654b-4d3c-a39d-ecfff94a2888/fde43f14-2bb6-40c5-8732-71067fba0eef_1614402314.jpeg?h=225&w=225,
306120637,Fox & Ivy Azzurra Side Plate,https://www.tesco.com/groceries/en-GB/shop/home-and-ents/all?department=Cooking%20%26%20Dining&viewAll=department&page=,£4.50,£4.50/each,,,/groceries/en-GB/products/306120637,https://digitalcontent.api.tesco.com/v2/media/ghs/1f9c8694-f87b-47c3-9c91-0b457f258b65/709746ac-5a36-4bf7-b0da-5eb823eea964_500444531.jpeg?h=225&w=225,
311462622,Fox & Ivy Oshi Black Dinner Plate,https://www.tesco.com/groceries/en-GB/shop/home-and-ents/all?department=Cooking%20%26%20Dining&viewAll=department&page=,£4.50,£4.50/each,,,/groceries/en-GB/products/311462622,https://digitalcontent.api.tesco.com/v2/media/ghs/ada94d38-29d2-47d6-b39a-fd7a7dca32a2/536a7821-6aa0-4995-ba23-5143b13ac768_50318635.jpeg?h=225&w=225,
306120659,Fox & Ivy Azzurra Pasta Bowl,https://www.tesco.com/groceries/en-GB/shop/home-and-ents/all?department=Cooking%20%26%20Dining&viewAll=department&page=,£5.50,£5.50/each,,,/groceries/en-GB/products/306120659,https://digitalcontent.api.tesco.com/v2/media/ghs/beda4a2c-28db-4eb5-a6c9-38aa9adaf53d/0323ae8a-28be-4a4d-bad6-36d64e8980bd_1335081029.jpeg?h=225&w=225,
311463074,Fox & Ivy Oshi Cereal Bowl Black,https://www.tesco.com/groceries/en-GB/shop/home-and-ents/all?department=Cooking%20%26%20Dining&viewAll=department&page=,£4.00,£4.00/each,,,/groceries/en-GB/products/311463074,https://digitalcontent.api.tesco.com/v2/media/ghs/2f547384-6470-4726-a06a-d108c17e631f/38d3c952-52c1-4b04-8d81-fa050228fa7d_189620394.jpeg?h=225&w=225,
310254260,Hinch Tuscany Mug,https://www.tesco.com/groceries/en-GB/shop/home-and-ents/all?department=Cooking%20%26%20Dining&viewAll=department&page=,£3.50,£3.50/each,,New,/groceries/en-GB/products/310254260,https://digitalcontent.api.tesco.com/v2/media/ghs/53d623c7-dde0-46ee-82e2-22c2eb805863/5ddd98e9-e2d7-4451-b9ad-3c6548643afb_1173467273.jpeg?h=225&w=225,
309110593,Fox & Ivy Highland Dinner Plate,https://www.tesco.com/groceries/en-GB/shop/home-and-ents/all?department=Cooking%20%26%20Dining&viewAll=department&page=,£4.00,£4.00/each,£3.00 Clubcard Price,,/groceries/en-GB/products/309110593,https://digitalcontent.api.tesco.com/v2/media/ghs/15035cc9-1001-401b-9003-31068fb9eae7/0156b22b-0c8a-4225-949a-02c055d42f35_1172269338.jpeg?h=225&w=225,
311462607,Fox & Ivy Oshi Side Plate Black,https://www.tesco.com/groceries/en-GB/shop/home-and-ents/all?department=Cooking%20%26%20Dining&viewAll=department&page=,£4.00,£4.00/each,,,/groceries/en-GB/products/311462607,https://digitalcontent.api.tesco.com/v2/media/ghs/6d486a90-85f3-4b0f-9498-eed73943f8bb/a0f111bf-e5de-4288-80a1-6618585bd4d3_2019337056.jpeg?h=225&w=225,
308434849,Tesco Linear Check Tea Towels 5 Pack Taupe,https://www.tesco.com/groceries/en-GB/shop/home-and-ents/all?department=Cooking%20%26%20Dining&viewAll=department&page=,£4.00,£0.80/each,,,/groceries/en-GB/products/308434849,https://digitalcontent.api.tesco.com/v2/media/ghs/3c100347-2736-49d1-9ba6-02736b234364/c50884cf-e689-407a-89cf-791da36d8406_437647477.jpeg?h=225&w=225,
310254415,Fox & Ivy New Arizona Side Plate,https://www.tesco.com/groceries/en-GB/shop/home-and-ents/all?department=Cooking%20%26%20Dining&viewAll=department&page=,£3.50,£3.50/each,,,/groceries/en-GB/products/310254415,https://digitalcontent.api.tesco.com/v2/media/ghs/b0306f05-975b-4e56-8f8a-26bbc22146a4/eedabbff-3050-4fec-a381-13762d1df886_865212497.jpeg?h=225&w=225,
296663050,Tesco Klipfresh Rectangle 1L,https://www.tesco.com/groceries/en-GB/shop/home-and-ents/all?department=Cooking%20%26%20Dining&viewAll=department&page=,£3.25,£3.25/each,Any 3 for 2 Clubcard Price - Cheapest Product Free - Selected Klipfresh 3  For 2 ,,/groceries/en-GB/products/296663050,https://digitalcontent.api.tesco.com/v2/media/ghs/89bb9db6-8b86-45f4-bab9-ba5a61592fd8/dda93464-bec6-4123-9d13-292f06d1ae39_1967196051.jpeg?h=225&w=225,
310254323,Hinch Natural Placemat,https://www.tesco.com/groceries/en-GB/shop/home-and-ents/all?department=Cooking%20%26%20Dining&viewAll=department&page=,£3.00,£3.00/each,,,/groceries/en-GB/products/310254323,https://digitalcontent.api.tesco.com/v2/media/ghs/c360bd45-37b8-488a-9f6f-9cf000078825/b944aeb5-d6eb-4887-94cb-4981f5beba54_911931832.jpeg?h=225&w=225,
310758522,Sistema Twist & Sip 380Ml Bottle,https://www.tesco.com/groceries/en-GB/shop/home-and-ents/all?department=Cooking%20%26%20Dining&viewAll=department&page=,£2.65,£2.65/each,,,/groceries/en-GB/products/310758522,https://digitalcontent.api.tesco.com/v2/media/ghs/543a3434-b46f-40de-a784-006d9f85d896/807d18ee-ea76-4a88-bd6a-cf68fc443674_1040534548.jpeg?h=225&w=225,
300088919,Tesco Aura Cereal Bowl Grey,https://www.tesco.com/groceries/en-GB/shop/home-and-ents/all?department=Cooking%20%26%20Dining&viewAll=department&page=,£2.25,£2.25/each,,,/groceries/en-GB/products/300088919,https://digitalcontent.api.tesco.com/v2/media/ghs/ce5b7ca7-ced4-4fa3-b1c4-4d81189df065/b3b13d36-e6eb-4b9c-ab30-a847a923fcbd_1557033212.jpeg?h=225&w=225,
309832343,Tesco Sipper Bottle Blue 650Ml,https://www.tesco.com/groceries/en-GB/shop/home-and-ents/all?department=Cooking%20%26%20Dining&viewAll=department&page=,£3.00,£3.00/each,,,/groceries/en-GB/products/309832343,https://digitalcontent.api.tesco.com/v2/media/ghs/a62ab6e4-2213-489a-9401-15de70887f39/5c05660c-050b-4666-9686-9ef7014f2b85_719289964.jpeg?h=225&w=225,
300088828,Tesco Aura Side Plate Grey,https://www.tesco.com/groceries/en-GB/shop/home-and-ents/all?department=Cooking%20%26%20Dining&viewAll=department&page=,£2.25,£2.25/each,,,/groceries/en-GB/products/300088828,https://digitalcontent.api.tesco.com/v2/media/ghs/e0ac734c-8e6d-4745-be0c-9f9e82ca9da1/a790e3ba-046b-4c1d-86d1-68b2e06d3b47_1123354300.jpeg?h=225&w=225,
309110921,Tesco Drinking Bauble Red,https://www.tesco.com/groceries/en-GB/shop/home-and-ents/all?department=Cooking%20%26%20Dining&viewAll=department&page=,£2.50,£2.50/each,,,/groceries/en-GB/products/309110921,https://digitalcontent.api.tesco.com/v2/media/ghs/8877f621-4fd7-44b4-84c5-97adde2886cb/cf67d377-6f02-4e8a-b0d4-27189f4ebb80_567792424.jpeg?h=225&w=225,
296663044,Tesco Klipfresh Rectangle 680Ml,https://www.tesco.com/groceries/en-GB/shop/home-and-ents/all?department=Cooking%20%26%20Dining&viewAll=department&page=,£2.75,£2.75/each,Any 3 for 2 Clubcard Price - Cheapest Product Free - Selected Klipfresh 3  For 2 ,,/groceries/en-GB/products/296663044,https://digitalcontent.api.tesco.com/v2/media/ghs/e07effa0-68c0-4567-ae59-9e56fa9cfde7/a3e08a7b-e47e-49e6-a404-a08d563eafda_853984902.jpeg?h=225&w=225,
305662319,Tesco Aura Side Plate White,https://www.tesco.com/groceries/en-GB/shop/home-and-ents/all?department=Cooking%20%26%20Dining&viewAll=department&page=,£2.25,£2.25/each,,,/groceries/en-GB/products/305662319,https://digitalcontent.api.tesco.com/v2/media/ghs/7a7f0c3d-c16c-4e35-9e86-94cdba446742/5ab0d5af-c7b1-44eb-be53-90372b7201af_1543552235.jpeg?h=225&w=225,
300088742,Tesco Aura Dinner Plate Grey,https://www.tesco.com/groceries/en-GB/shop/home-and-ents/all?department=Cooking%20%26%20Dining&viewAll=department&page=,£2.50,£2.50/each,,,/groceries/en-GB/products/300088742,https://digitalcontent.api.tesco.com/v2/media/ghs/c2939c45-9795-4773-aa68-bde44d4a9273/0082a98b-08ed-448b-a316-9bd1a4924cdc_321361250.jpeg?h=225&w=225,
311825326,Tesco Rudi Mug,https://www.tesco.com/groceries/en-GB/shop/home-and-ents/all?department=Cooking%20%26%20Dining&viewAll=department&page=,£2.50,£2.50/each,,New,/groceries/en-GB/products/311825326,https://digitalcontent.api.tesco.com/v2/media/ghs/8c75cdfc-16df-412f-82d2-90563ba65045/ec8d1476-03c8-4738-a87b-d77dd3db4581_1736294213.jpeg?h=225&w=225,
310246621,Tesco Bee Happy Mug,https://www.tesco.com/groceries/en-GB/shop/home-and-ents/all?department=Cooking%20%26%20Dining&viewAll=department&page=,£2.50,£2.50/each,,New,/groceries/en-GB/products/310246621,https://digitalcontent.api.tesco.com/v2/media/ghs/c43787c6-8311-49b5-ad6d-48a40bd327fb/8dbd28b9-9270-4478-8a28-2082c52a3651_2045200528.jpeg?h=225&w=225,
308122252,Tesco Balloons Napkin 20 Pack,https://www.tesco.com/groceries/en-GB/shop/home-and-ents/all?department=Cooking%20%26%20Dining&viewAll=department&page=,£1.50,£0.08/each,Any 5 for 4 Clubcard Price - Cheapest Product Free - Selected Tesco Party ,,/groceries/en-GB/products/308122252,https://digitalcontent.api.tesco.com/v2/media/ghs/2bf5c0cd-c7e8-457d-892b-a20f4940b03c/2a66777c-ddbc-4042-9d67-81854f712e64_1327861481.jpeg?h=225&w=225,
308429650,Eco Paper Cup With Recyclable Lid 23Cl 6 Pack,https://www.tesco.com/groceries/en-GB/shop/home-and-ents/all?department=Cooking%20%26%20Dining&viewAll=department&page=,£2.00,£0.33/each,,,/groceries/en-GB/products/308429650,https://digitalcontent.api.tesco.com/v2/media/ghs/8424f494-9d78-45cf-8588-06994c066aea/e185bd2b-1cf3-4c10-8b1f-a79f02dcaa4f_978486703.jpeg?h=225&w=225,
310647734,Tesco Bird Napkin 33Cm 3Ply 20 Pack,https://www.tesco.com/groceries/en-GB/shop/home-and-ents/all?department=Cooking%20%26%20Dining&viewAll=department&page=,£1.50,£0.08/each,,,/groceries/en-GB/products/310647734,https://digitalcontent.api.tesco.com/v2/media/ghs/493e2da4-fdeb-4d21-a4c0-826c38001be3/c958e5f7-9b3c-4596-b8c3-f69e8110b938_1098485732.jpeg?h=225&w=225,
308611249,Tesco Microwave Soup Mug Grey,https://www.tesco.com/groceries/en-GB/shop/home-and-ents/all?department=Cooking%20%26%20Dining&viewAll=department&page=,£1.50,£1.50/each,,,/groceries/en-GB/products/308611249,https://digitalcontent.api.tesco.com/v2/media/ghs/e35957ae-d91f-4b14-b803-4383d38370a9/4be4a442-088b-473a-8a1f-770f5431e91c_1677932364.jpeg?h=225&w=225,
308664508,Tesco Sieve,https://www.tesco.com/groceries/en-GB/shop/home-and-ents/all?department=Cooking%20%26%20Dining&viewAll=department&page=,£1.25,£1.25/each,,,/groceries/en-GB/products/308664508,https://digitalcontent.api.tesco.com/v2/media/ghs/52282b1d-f3a4-4d52-868f-cf4215363caf/b4c4d574-c37c-4d18-9b54-dc2dec9cdaf2_368037659.jpeg?h=225&w=225,
296663009,Tesco Klipfresh Round 270Ml,https://www.tesco.com/groceries/en-GB/shop/home-and-ents/all?department=Cooking%20%26%20Dining&viewAll=department&page=,£1.75,£1.75/each,Any 3 for 2 Clubcard Price - Cheapest Product Free - Selected Klipfresh 3  For 2 ,,/groceries/en-GB/products/296663009,https://digitalcontent.api.tesco.com/v2/media/ghs/766f4870-39c4-4ab7-b0eb-4fb954dd3aa4/b784be75-bf1f-45ad-9ec4-809faf7c9ed3_448940081.jpeg?h=225&w=225,
303356392,Tesco Grey Stripe Mug,https://www.tesco.com/groceries/en-GB/shop/home-and-ents/all?department=Cooking%20%26%20Dining&viewAll=department&page=,£1.50,£1.50/each,,,/groceries/en-GB/products/303356392,https://digitalcontent.api.tesco.com/v2/media/ghs/67cd1ac8-c808-4595-af1d-07cef13f49cb/adab2295-7b62-4abe-8263-bf33ed8d90c1_686211426.jpeg?h=225&w=225,
312557837,Keep It Handy Butterfly Can Opener,https://www.tesco.com/groceries/en-GB/shop/home-and-ents/all?department=Cooking%20%26%20Dining&viewAll=department&page=,£1.00,£1.00/each,,New,/groceries/en-GB/products/312557837,https://digitalcontent.api.tesco.com/v2/media/ghs-mktg/b0b04216-fa73-466d-a9d7-c9fcfa1ce9b3/no-image.jpeg,
310704108,Rainbow Star Paper Straws 20 Pack,https://www.tesco.com/groceries/en-GB/shop/home-and-ents/all?department=Cooking%20%26%20Dining&viewAll=department&page=,£1.00,£0.05/each,Any 5 for 4 Clubcard Price - Cheapest Product Free - Selected Tesco Party ,,/groceries/en-GB/products/310704108,https://digitalcontent.api.tesco.com/v2/media/ghs/094a5446-a90a-422d-b68a-21080cc27a71/89b3bde7-6215-447c-a10f-3b238bceaf65_377334828.jpeg?h=225&w=225,
286060398,Tesco Butterfly Can Opener,https://www.tesco.com/groceries/en-GB/shop/home-and-ents/all?department=Cooking%20%26%20Dining&viewAll=department&page=,£0.60,£0.60/each,,,/groceries/en-GB/products/286060398,https://digitalcontent.api.tesco.com/v2/media/ghs/d8bb7ce9-b9e3-4a96-952a-acb16e7be3b0/946f917f-266e-415d-8d0d-7796a4ff89ee_1020042152.jpeg?h=225&w=225,
296705474,Tesco Klipfresh 3 Pack,https://www.tesco.com/groceries/en-GB/shop/home-and-ents/all?department=Cooking%20%26%20Dining&viewAll=department&page=,£7.50,£2.50/each,Any 3 for 2 Clubcard Price - Cheapest Product Free - Selected Klipfresh 3  For 2 ,,/groceries/en-GB/products/296705474,https://digitalcontent.api.tesco.com/v2/media/ghs/3931bb57-b8db-4b5b-a82f-321f6cc0babd/59af5a37-90e7-46bd-acdc-2119e1b3beb0_13059124.jpeg?h=225&w=225,
295953722,Tesco Timeless Square Wine Glass 4 Pack,https://www.tesco.com/groceries/en-GB/shop/home-and-ents/all?department=Cooking%20%26%20Dining&viewAll=department&page=,£6.00,£1.50/each,,,/groceries/en-GB/products/295953722,https://digitalcontent.api.tesco.com/v2/media/ghs/b6900d38-fa21-4e16-ba96-53367fb664ba/c66b4f70-8e46-4555-a7ab-d4ede2b831a8_509150350.jpeg?h=225&w=225,
304596612,Tesco Hiball 4 Pack,https://www.tesco.com/groceries/en-GB/shop/home-and-ents/all?department=Cooking%20%26%20Dining&viewAll=department&page=,£5.00,£1.25/each,,,/groceries/en-GB/products/304596612,https://digitalcontent.api.tesco.com/v2/media/ghs/3104c27f-74a9-4e13-8fc9-852fecb82340/b191e3f1-45c4-4433-a96e-61b37e949829_1071602996.jpeg?h=225&w=225,
307372193,Fox & Ivy Malmo Pasta Bowl,https://www.tesco.com/groceries/en-GB/shop/home-and-ents/all?department=Cooking%20%26%20Dining&viewAll=department&page=,£5.50,£5.50/each,,,/groceries/en-GB/products/307372193,https://digitalcontent.api.tesco.com/v2/media/ghs/fad3fe02-8bb4-4b13-b4ff-ef6e54ae34d9/bcaab437-deb7-4b5e-92b9-706f5757ed9f_1404652015.jpeg?h=225&w=225,
311462576,Fox & Ivy Lumina Pasta Bowl,https://www.tesco.com/groceries/en-GB/shop/home-and-ents/all?department=Cooking%20%26%20Dining&viewAll=department&page=,£5.50,£5.50/each,£4.10 Clubcard Price,,/groceries/en-GB/products/311462576,https://digitalcontent.api.tesco.com/v2/media/ghs/e0a87b64-bc53-409c-a1ac-9c043e96deac/a331b25d-781c-442a-b496-d2da235add8c_690496552.jpeg?h=225&w=225,
311462616,Fox And Ivy Oshi Pasta Bowl Black,https://www.tesco.com/groceries/en-GB/shop/home-and-ents/all?department=Cooking%20%26%20Dining&viewAll=department&page=,£5.00,£5.00/each,,,/groceries/en-GB/products/311462616,https://digitalcontent.api.tesco.com/v2/media/ghs/6c472e72-f840-4dca-b9b4-7a07cd8a86b8/e15b8426-6d84-4189-8980-d17617857826_653472253.jpeg?h=225&w=225,
311463051,Fox & Ivy Lumina Cereal Bowl,https://www.tesco.com/groceries/en-GB/shop/home-and-ents/all?department=Cooking%20%26%20Dining&viewAll=department&page=,£4.50,£4.50/each,£3.35 Clubcard Price,,/groceries/en-GB/products/311463051,https://digitalcontent.api.tesco.com/v2/media/ghs/78f54924-7c66-4bdc-9403-ee74543af57f/58089c47-093c-47b1-a1b7-a6c0b6531e53_499501487.jpeg?h=225&w=225,
311463097,Fox & Ivy Muse Grey Cereal Bowl Grey,https://www.tesco.com/groceries/en-GB/shop/home-and-ents/all?department=Cooking%20%26%20Dining&viewAll=department&page=,£4.50,£4.50/each,,,/groceries/en-GB/products/311463097,https://digitalcontent.api.tesco.com/v2/media/ghs/b2103d89-ef51-4f95-9261-95383ac6f5ed/65cd2d03-5c5f-4d7d-9324-7821abb78ecd_215777781.jpeg?h=225&w=225,
307372164,Fox & Ivy Malmo Cereal Bowl,https://www.tesco.com/groceries/en-GB/shop/home-and-ents/all?department=Cooking%20%26%20Dining&viewAll=department&page=,£4.50,£4.50/each,,,/groceries/en-GB/products/307372164,https://digitalcontent.api.tesco.com/v2/media/ghs/43113173-2d87-47d9-9238-4923a0e38b21/3273b4b3-2944-4f84-89fe-2aca072dc042_2090331564.jpeg?h=225&w=225,
255512257,Pyrex 0.5L Measuring Jug,https://www.tesco.com/groceries/en-GB/shop/home-and-ents/all?department=Cooking%20%26%20Dining&viewAll=department&page=,£5.00,£5.00/each,,,/groceries/en-GB/products/255512257,https://digitalcontent.api.tesco.com/v2/media/ghs/ede685f1-6d36-4ca8-bdfa-01220cbae45a/79e9ce65-b022-47b7-992b-29266469ec41_1956402437.jpeg?h=225&w=225,
309629400,Tesco Sandwich Tin 20Cm,https://www.tesco.com/groceries/en-GB/shop/home-and-ents/all?department=Cooking%20%26%20Dining&viewAll=department&page=,£3.00,£3.00/each,,,/groceries/en-GB/products/309629400,https://digitalcontent.api.tesco.com/v2/media/ghs/074ac10d-39be-44ec-8c7b-ae34f6ed7b0c/8882cd31-40d6-4f73-9e78-ee1ebb116836_634703787.jpeg?h=225&w=225,
309110604,Fox & Ivy Highland Pasta Bowl,https://www.tesco.com/groceries/en-GB/shop/home-and-ents/all?department=Cooking%20%26%20Dining&viewAll=department&page=,£4.50,£4.50/each,£3.35 Clubcard Price,,/groceries/en-GB/products/309110604,https://digitalcontent.api.tesco.com/v2/media/ghs/fd42ecb0-75e6-4d84-ba0a-dc7377b67156/09ce1254-3a8e-409b-aeec-7c7165fb8a49_143843734.jpeg?h=225&w=225,
303612878,Tesco 30 Day Water Filter Oval Plus Compatible,https://www.tesco.com/groceries/en-GB/shop/home-and-ents/all?department=Cooking%20%26%20Dining&viewAll=department&page=,£3.50,£3.50/each,,,/groceries/en-GB/products/303612878,https://digitalcontent.api.tesco.com/v2/media/ghs/337f013a-f1ee-4a6b-a941-eb69dc7d6140/65ea11e1-8500-4d05-b73e-7a27a0429019_1142258212.jpeg?h=225&w=225,
309629475,Tesco 12 Cup Muffin Tray,https://www.tesco.com/groceries/en-GB/shop/home-and-ents/all?department=Cooking%20%26%20Dining&viewAll=department&page=,£5.50,£5.50/each,,,/groceries/en-GB/products/309629475,https://digitalcontent.api.tesco.com/v2/media/ghs/2ac52341-9ac9-45e9-97e2-f1859f5d77af/cfd995d1-c494-4796-95ea-5c049622eea8_94542631.jpeg?h=225&w=225,
309629383,Tesco Loaf Tin 2Lb,https://www.tesco.com/groceries/en-GB/shop/home-and-ents/all?department=Cooking%20%26%20Dining&viewAll=department&page=,£2.50,£2.50/each,,,/groceries/en-GB/products/309629383,https://digitalcontent.api.tesco.com/v2/media/ghs/da6d8f7c-6240-40b7-ab85-6833d69fc9dd/9dd817cd-3579-4235-982f-84e1dabfe823_2137044076.jpeg?h=225&w=225,
310254409,Fox & Ivy Arizona Cereal Bowl,https://www.tesco.com/groceries/en-GB/shop/home-and-ents/all?department=Cooking%20%26%20Dining&viewAll=department&page=,£3.50,£3.50/each,,,/groceries/en-GB/products/310254409,https://digitalcontent.api.tesco.com/v2/media/ghs/91a1e670-9e7c-4e0a-80b8-bcc8f664b614/b8d7debe-38ba-44aa-983f-9d7effd348f7_926145359.jpeg?h=225&w=225,
310019390,Tesco Kitchen Roll Holder,https://www.tesco.com/groceries/en-GB/shop/home-and-ents/all?department=Cooking%20%26%20Dining&viewAll=department&page=,£3.50,£3.50/each,£2.50 Clubcard Price,,/groceries/en-GB/products/310019390,https://digitalcontent.api.tesco.com/v2/media/ghs/ea04fe4c-5b9f-4ad4-ad65-31fe5a4f31a6/6e2c2dfc-641c-4263-918f-295c39fd21f7_1467065998.jpeg?h=225&w=225,
303687224,Tesco Stainless Steel Garlic Press,https://www.tesco.com/groceries/en-GB/shop/home-and-ents/all?department=Cooking%20%26%20Dining&viewAll=department&page=,£2.75,£2.75/each,,,/groceries/en-GB/products/303687224,https://digitalcontent.api.tesco.com/v2/media/ghs/8d86d0fb-8c66-4db6-a0b6-407fe0b47712/b024a908-d54b-417c-b6f8-f08ecf9d9fa0_1419789456.jpeg?h=225&w=225,
271771582,Tesco Porcelain Dinner Plate,https://www.tesco.com/groceries/en-GB/shop/home-and-ents/all?department=Cooking%20%26%20Dining&viewAll=department&page=,£2.75,£2.75/each,,,/groceries/en-GB/products/271771582,https://digitalcontent.api.tesco.com/v2/media/ghs/fb5b7400-2b32-4a76-aa28-366efcc1338e/05116b91-dcec-4ed0-956f-6cfa00b5ae44_1665746015.jpeg?h=225&w=225,
308433667,Tesco Aura Mug Midnight,https://www.tesco.com/groceries/en-GB/shop/home-and-ents/all?department=Cooking%20%26%20Dining&viewAll=department&page=,£2.00,£2.00/each,,,/groceries/en-GB/products/308433667,https://digitalcontent.api.tesco.com/v2/media/ghs/f9570b74-8588-4dd7-ae84-090297f0434a/7609b8b2-1129-4cbf-9de7-5417870d3f3a_633384001.jpeg?h=225&w=225,
270309124,Tesco Nova Porcelain Pasta Bowl,https://www.tesco.com/groceries/en-GB/shop/home-and-ents/all?department=Cooking%20%26%20Dining&viewAll=department&page=,£3.00,£3.00/each,,,/groceries/en-GB/products/270309124,https://digitalcontent.api.tesco.com/v2/media/ghs/b1cbf88f-6926-417f-b698-9f42aacdf71f/snapshotimagehandler_1767575026.jpeg?h=225&w=225,
308433673,Tesco Aura Cereal Bowl Midnight,https://www.tesco.com/groceries/en-GB/shop/home-and-ents/all?department=Cooking%20%26%20Dining&viewAll=department&page=,£2.25,£2.25/each,,,/groceries/en-GB/products/308433673,https://digitalcontent.api.tesco.com/v2/media/ghs/12371c39-7c25-4c5e-b842-62b5e44485f8/014a085f-5340-4d66-b92f-535e227ccce0_451066475.jpeg?h=225&w=225,
309832359,Tesco Sipper Bottle Purple 650Ml,https://www.tesco.com/groceries/en-GB/shop/home-and-ents/all?department=Cooking%20%26%20Dining&viewAll=department&page=,£3.00,£3.00/each,,,/groceries/en-GB/products/309832359,https://digitalcontent.api.tesco.com/v2/media/ghs/7dfab0e3-4ac8-4cd2-9e87-78b65b3cd96f/081db484-fcf8-4c6c-a67f-c26dcfebe462_291032338.jpeg?h=225&w=225,
308433689,Tesco Aura Side Plate Midnight,https://www.tesco.com/groceries/en-GB/shop/home-and-ents/all?department=Cooking%20%26%20Dining&viewAll=department&page=,£2.25,£2.25/each,,,/groceries/en-GB/products/308433689,https://digitalcontent.api.tesco.com/v2/media/ghs/985d1949-c9c8-4c79-a39f-8bec849b21cb/9f9b4f06-6e34-4c48-a214-54e725faea8d_1146650394.jpeg?h=225&w=225,
270309142,Tesco Nova Porcelain Cereal Bowl,https://www.tesco.com/groceries/en-GB/shop/home-and-ents/all?department=Cooking%20%26%20Dining&viewAll=department&page=,£2.50,£2.50/each,,,/groceries/en-GB/products/270309142,https://digitalcontent.api.tesco.com/v2/media/ghs/2845f5c9-420c-4a57-8938-3671fddb2c89/snapshotimagehandler_1222486668.jpeg?h=225&w=225,
307648645,San Miquel Recycled Glass Tumbler,https://www.tesco.com/groceries/en-GB/shop/home-and-ents/all?department=Cooking%20%26%20Dining&viewAll=department&page=,£2.50,£2.50/each,,,/groceries/en-GB/products/307648645,https://digitalcontent.api.tesco.com/v2/media/ghs/b9b052ff-ca51-4879-bec8-6d63b8433917/3da305c1-3b23-4f6b-a017-13a7ef886fc9_468492230.jpeg?h=225&w=225,
296663015,Tesco Klipfresh Beaker 400Ml,https://www.tesco.com/groceries/en-GB/shop/home-and-ents/all?department=Cooking%20%26%20Dining&viewAll=department&page=,£2.75,£2.75/each,Any 3 for 2 Clubcard Price - Cheapest Product Free - Selected Klipfresh 3  For 2 ,,/groceries/en-GB/products/296663015,https://digitalcontent.api.tesco.com/v2/media/ghs/1844ab1a-787b-4a2a-9a9e-1e44237ad04d/bcc46442-aee4-4f70-9667-7038e9c5587a_2114540334.jpeg?h=225&w=225,
303659477,Tesco Glass Latte Mug,https://www.tesco.com/groceries/en-GB/shop/home-and-ents/all?department=Cooking%20%26%20Dining&viewAll=department&page=,£2.00,£2.00/each,,,/groceries/en-GB/products/303659477,https://digitalcontent.api.tesco.com/v2/media/ghs/873514a3-7e18-468a-8442-148a1afe7a88/31efe088-b6eb-4ce4-9d88-46fca9d8035d_1933139216.jpeg?h=225&w=225,
305662291,Tesco Aura Cereal Bowl White,https://www.tesco.com/groceries/en-GB/shop/home-and-ents/all?department=Cooking%20%26%20Dining&viewAll=department&page=,£2.25,£2.25/each,,,/groceries/en-GB/products/305662291,https://digitalcontent.api.tesco.com/v2/media/ghs/c32b3b6f-6555-43f8-90f0-bd7fdfaae920/2510856c-c84d-4885-9745-1c4ead71355c_672957064.jpeg?h=225&w=225,
292375466,Tesco All Purpose Chopping Board,https://www.tesco.com/groceries/en-GB/shop/home-and-ents/all?department=Cooking%20%26%20Dining&viewAll=department&page=,£2.50,£2.50/each,,,/groceries/en-GB/products/292375466,https://digitalcontent.api.tesco.com/v2/media/ghs/23bcd26e-0c10-4e91-b804-d0ac4a1b55bb/09d13006-beb8-4b98-97d1-4946fa7273b1_997514454.jpeg?h=225&w=225,
308433926,Hinch Placemat Grey,https://www.tesco.com/groceries/en-GB/shop/home-and-ents/all?department=Cooking%20%26%20Dining&viewAll=department&page=,£3.00,£3.00/each,,,/groceries/en-GB/products/308433926,https://digitalcontent.api.tesco.com/v2/media/ghs/925f158d-4673-4bc8-b30f-d7ec0975deb5/954c2ecf-b28a-4ac9-a15e-be4f3704e384_2143519710.jpeg?h=225&w=225,
287778052,Tesco Y Peeler,https://www.tesco.com/groceries/en-GB/shop/home-and-ents/all?department=Cooking%20%26%20Dining&viewAll=department&page=,£1.75,£1.75/each,,,/groceries/en-GB/products/287778052,https://digitalcontent.api.tesco.com/v2/media/ghs/701d2bcf-e51a-438c-bed6-ac7878ca95fb/05aa5557-9c2b-4c33-8216-52fc648b1515_514873576.jpeg?h=225&w=225,
311463108,Tesco Aura Side Plate Matte Black,https://www.tesco.com/groceries/en-GB/shop/home-and-ents/all?department=Cooking%20%26%20Dining&viewAll=department&page=,£2.25,£2.25/each,,,/groceries/en-GB/products/311463108,https://digitalcontent.api.tesco.com/v2/media/ghs/4665fb1e-6137-4cc0-a617-0c9e53b61106/3389bc8e-71a4-45e2-ad55-70bd1f4699c5_2100971988.jpeg?h=225&w=225,
302115218,Tesco Turin Mug Grey,https://www.tesco.com/groceries/en-GB/shop/home-and-ents/all?department=Cooking%20%26%20Dining&viewAll=department&page=,£1.75,£1.75/each,,,/groceries/en-GB/products/302115218,https://digitalcontent.api.tesco.com/v2/media/ghs/8c8cdfe3-c804-4e44-9d3d-a420d650c792/f133371d-c3f4-4426-acf1-d02ba6012146_886402769.jpeg?h=225&w=225,
252898340,"Tesco Practic Wood Spoon, Corner Spoon & Spatula",https://www.tesco.com/groceries/en-GB/shop/home-and-ents/all?department=Cooking%20%26%20Dining&viewAll=department&page=,£1.80,£1.80/each,,,/groceries/en-GB/products/252898340,https://digitalcontent.api.tesco.com/v2/media/ghs/9f3ccd38-08ed-422c-854d-ebe69e6beddb/eaf8845a-eae1-4ad5-aa6d-6f29186da5f3_769668369.jpeg?h=225&w=225,
308122091,Tesco Red Stars Napkin 20 Pack,https://www.tesco.com/groceries/en-GB/shop/home-and-ents/all?department=Cooking%20%26%20Dining&viewAll=department&page=,£1.50,£0.08/each,Any 5 for 4 Clubcard Price - Cheapest Product Free - Selected Tesco Party ,,/groceries/en-GB/products/308122091,https://digitalcontent.api.tesco.com/v2/media/ghs/bc5e22eb-1830-4b56-b8db-e660642aba49/9ee0330c-bef8-4aa9-87fb-992fb1439259_706813347.jpeg?h=225&w=225,
308121996,Tesco Blue Ombre Napkin 20 Pack,https://www.tesco.com/groceries/en-GB/shop/home-and-ents/all?department=Cooking%20%26%20Dining&viewAll=department&page=,£1.50,£0.08/each,Any 5 for 4 Clubcard Price - Cheapest Product Free - Selected Tesco Party ,,/groceries/en-GB/products/308121996,https://digitalcontent.api.tesco.com/v2/media/ghs/6e04bd8e-2be4-4ba5-a94b-c32c73d19098/40155b07-2547-4f4c-9a45-6aaf2968f38b_1926360886.jpeg?h=225&w=225,
311353734,Tesco Grey Spot Mug,https://www.tesco.com/groceries/en-GB/shop/home-and-ents/all?department=Cooking%20%26%20Dining&viewAll=department&page=,£1.50,£1.50/each,,,/groceries/en-GB/products/311353734,https://digitalcontent.api.tesco.com/v2/media/ghs/b01de1e5-ca54-442c-acb0-9fc68cc313e7/25c3f81a-07c8-464c-9b44-447e0db706a5_1951796205.jpeg?h=225&w=225,
310647607,Tesco Mono Spotty Napkin 3Ply 20 Pack,https://www.tesco.com/groceries/en-GB/shop/home-and-ents/all?department=Cooking%20%26%20Dining&viewAll=department&page=,£1.50,£0.08/each,,,/groceries/en-GB/products/310647607,https://digitalcontent.api.tesco.com/v2/media/ghs/402cd2bd-3e6a-4dbb-a147-2fb65ca21b4b/d2f1a846-1d56-4c3d-80b7-0ae3c16eb412_936207270.jpeg?h=225&w=225,
308121691,Tesco Pink Ombre Napkin 20 Pack,https://www.tesco.com/groceries/en-GB/shop/home-and-ents/all?department=Cooking%20%26%20Dining&viewAll=department&page=,£1.50,£0.08/each,Any 5 for 4 Clubcard Price - Cheapest Product Free - Selected Tesco Party ,,/groceries/en-GB/products/308121691,https://digitalcontent.api.tesco.com/v2/media/ghs/c0c153e0-2fc5-4259-84ea-996aa0464dbb/4b71cc0c-26fa-4ee5-aaf4-a4a263ddc338_1213688404.jpeg?h=225&w=225,
309081349,Hinch Heart Dipping Bowl,https://www.tesco.com/groceries/en-GB/shop/home-and-ents/all?department=Cooking%20%26%20Dining&viewAll=department&page=,£1.50,£1.50/each,,,/groceries/en-GB/products/309081349,https://digitalcontent.api.tesco.com/v2/media/ghs/4d9beb3c-dfbd-4b59-9efc-0db3c4af38f0/386453a5-0538-48a0-b68a-82d9c9066cb2_1738189732.jpeg?h=225&w=225,
305662302,Tesco Aura Dinner Plate White,https://www.tesco.com/groceries/en-GB/shop/home-and-ents/all?department=Cooking%20%26%20Dining&viewAll=department&page=,£2.50,£2.50/each,,,/groceries/en-GB/products/305662302,https://digitalcontent.api.tesco.com/v2/media/ghs/2eb0232e-9743-4fe2-963e-85bb26f13d6b/04eda104-d245-4118-b861-ebbc3896c8ec_815934621.jpeg?h=225&w=225,
306350860,Keep It Handy Cocktail Sticks 400Pk,https://www.tesco.com/groceries/en-GB/shop/home-and-ents/all?department=Cooking%20%26%20Dining&viewAll=department&page=,£1.00,£0.00/each,,,/groceries/en-GB/products/306350860,https://digitalcontent.api.tesco.com/v2/media/ghs/8a1c0c5f-8c69-4241-90cc-40156832cea7/4e939fc4-adae-4eb4-a281-c39a946352d6_367985703.jpeg?h=225&w=225,
310246569,Tesco Pastel Stripe Mug,https://www.tesco.com/groceries/en-GB/shop/home-and-ents/all?department=Cooking%20%26%20Dining&viewAll=department&page=,£1.25,£1.25/each,,,/groceries/en-GB/products/310246569,https://digitalcontent.api.tesco.com/v2/media/ghs/472b95dc-bba5-4134-9a7a-8049fcb1f0e3/879ab533-6760-4147-8628-df238a4df1a3_410726104.jpeg?h=225&w=225,
310256799,Hinch Tuscany Serving Bowl,https://www.tesco.com/groceries/en-GB/shop/home-and-ents/all?department=Cooking%20%26%20Dining&viewAll=department&page=,£15.00,£15.00/each,,,/groceries/en-GB/products/310256799,https://digitalcontent.api.tesco.com/v2/media/ghs/b0c869eb-c6c0-4371-a048-86d1ec21a6dc/671ec4fb-8e5f-4122-b9c8-daf7b8644a2a_904668132.jpeg?h=225&w=225,
295953716,Tesco Timeless Classic Wine Glass 4 Pack,https://www.tesco.com/groceries/en-GB/shop/home-and-ents/all?department=Cooking%20%26%20Dining&viewAll=department&page=,£6.00,£1.50/each,,,/groceries/en-GB/products/295953716,https://digitalcontent.api.tesco.com/v2/media/ghs/977639fa-2a11-4731-9d50-a06a38c953d1/f15225d9-5516-4f5f-816e-525073d4b986_2119828032.jpeg?h=225&w=225,
309629423,Tesco Baking Sheet,https://www.tesco.com/groceries/en-GB/shop/home-and-ents/all?department=Cooking%20%26%20Dining&viewAll=department&page=,£4.50,£4.50/each,,,/groceries/en-GB/products/309629423,https://digitalcontent.api.tesco.com/v2/media/ghs/0773b47a-bbeb-4251-b5ba-e85915b36608/9644735b-7b0f-49f5-9ecb-c66e32db4a81_301912608.jpeg?h=225&w=225,
296663107,Tesco Klipfresh 5L Square,https://www.tesco.com/groceries/en-GB/shop/home-and-ents/all?department=Cooking%20%26%20Dining&viewAll=department&page=,£6.75,£6.75/each,Any 3 for 2 Clubcard Price - Cheapest Product Free - Selected Klipfresh 3  For 2 ,,/groceries/en-GB/products/296663107,https://digitalcontent.api.tesco.com/v2/media/ghs/09ad83bc-dec7-47f1-90ea-9ad972120940/66f5ca90-2ee2-4dd3-b83e-b831559890dd_1954837631.jpeg?h=225&w=225,
303612884,Tesco 30 Day Water Filter 3 Pack Oval Plus Compatible,https://www.tesco.com/groceries/en-GB/shop/home-and-ents/all?department=Cooking%20%26%20Dining&viewAll=department&page=,£7.50,£2.50/each,,,/groceries/en-GB/products/303612884,https://digitalcontent.api.tesco.com/v2/media/ghs/647be801-a0fa-4c0b-bd23-150e6102bde1/7d32aa19-dbf9-4151-b91d-e376a7b423fb_750748935.jpeg?h=225&w=225,
309629302,Tesco Pizza Platter 33Cm,https://www.tesco.com/groceries/en-GB/shop/home-and-ents/all?department=Cooking%20%26%20Dining&viewAll=department&page=,£4.00,£4.00/each,,,/groceries/en-GB/products/309629302,https://digitalcontent.api.tesco.com/v2/media/ghs/0d053cf8-68e8-4393-9413-fd147e664453/434dbe56-0320-42e5-bd98-224f4a67fab6_652106811.jpeg?h=225&w=225,
311463045,Fox & Ivy Lumina Mug,https://www.tesco.com/groceries/en-GB/shop/home-and-ents/all?department=Cooking%20%26%20Dining&viewAll=department&page=,£5.00,£5.00/each,£3.75 Clubcard Price,,/groceries/en-GB/products/311463045,https://digitalcontent.api.tesco.com/v2/media/ghs/b3fa44a3-8627-4ccf-afda-9d1fa0db15d0/b4393043-e321-4dd3-9f82-4fa892782028_1164514677.jpeg?h=225&w=225,
304852701,Fox & Ivy Savannah Mug Midnight,https://www.tesco.com/groceries/en-GB/shop/home-and-ents/all?department=Cooking%20%26%20Dining&viewAll=department&page=,£5.00,£5.00/each,,,/groceries/en-GB/products/304852701,https://digitalcontent.api.tesco.com/v2/media/ghs/3d273034-f019-45d6-b903-55d17b39bd5a/0f86b8ba-50f2-4a8b-9f19-184bd4f52b7a_410292103.jpeg?h=225&w=225,
308499519,Fox & Ivy Black Gold Cup & Saucer,https://www.tesco.com/groceries/en-GB/shop/home-and-ents/all?department=Cooking%20%26%20Dining&viewAll=department&page=,£5.00,£5.00/each,,,/groceries/en-GB/products/308499519,https://digitalcontent.api.tesco.com/v2/media/ghs/eeb0c325-6457-4dea-8f19-2e533fa733d4/1c1feff8-8d61-4125-9a77-8aaff3214b55_526096985.jpeg?h=225&w=225,
280769013,Sistema Soup To Go,https://www.tesco.com/groceries/en-GB/shop/home-and-ents/all?department=Cooking%20%26%20Dining&viewAll=department&page=,£5.00,£5.00/each,,,/groceries/en-GB/products/280769013,https://digitalcontent.api.tesco.com/v2/media/ghs/b806bb2e-b905-47e5-b286-668af83e9751/39aa9cd4-1bd3-4f23-8ff2-269a3fc4234c_660368490.jpeg?h=225&w=225,
310254369,Fox & Ivy Dinner Plate,https://www.tesco.com/groceries/en-GB/shop/home-and-ents/all?department=Cooking%20%26%20Dining&viewAll=department&page=,£4.50,£4.50/each,£3.35 Clubcard Price,,/groceries/en-GB/products/310254369,https://digitalcontent.api.tesco.com/v2/media/ghs/88e9e4bc-aad6-49c6-b929-7290aeab563a/7c3b32cc-6e5a-4295-ad9f-56eca8b0fb0d_675673789.jpeg?h=225&w=225,
308433707,Tesco Aura Pasta Bowl Midnight,https://www.tesco.com/groceries/en-GB/shop/home-and-ents/all?department=Cooking%20%26%20Dining&viewAll=department&page=,£3.50,£3.50/each,,,/groceries/en-GB/products/308433707,https://digitalcontent.api.tesco.com/v2/media/ghs/df4abf64-2aa2-426a-b87b-72d424a88f6a/9c4c1af7-2df9-46d1-8c68-4ddc48390287_435647658.jpeg?h=225&w=225,
307394800,Hinch Heart Mug Grey,https://www.tesco.com/groceries/en-GB/shop/home-and-ents/all?department=Cooking%20%26%20Dining&viewAll=department&page=,£3.00,£3.00/each,,,/groceries/en-GB/products/307394800,https://digitalcontent.api.tesco.com/v2/media/ghs/be0fbf4d-7549-419a-829f-faed8edd7294/1014437f-ecea-4281-a22d-93a37e8da291_1718423207.jpeg?h=225&w=225,
296663067,Tesco Klipfresh Rectangle 1.9L,https://www.tesco.com/groceries/en-GB/shop/home-and-ents/all?department=Cooking%20%26%20Dining&viewAll=department&page=,£4.25,£4.25/each,Any 3 for 2 Clubcard Price - Cheapest Product Free - Selected Klipfresh 3  For 2 ,,/groceries/en-GB/products/296663067,https://digitalcontent.api.tesco.com/v2/media/ghs/a2fded00-9eaa-4afd-960a-a051519b6891/a65b146d-5efe-4edc-ad76-06453e876d37_1787986778.jpeg?h=225&w=225,
311463068,Fox And Ivy Oshi Mug Black,https://www.tesco.com/groceries/en-GB/shop/home-and-ents/all?department=Cooking%20%26%20Dining&viewAll=department&page=,£3.50,£3.50/each,,,/groceries/en-GB/products/311463068,https://digitalcontent.api.tesco.com/v2/media/ghs/4d1e678f-fb2c-427e-b332-50e28a5d9fc0/4b3190c9-b497-439a-ab92-d2a1c4fb8b03_456946262.jpeg?h=225&w=225,
309731819,Zenker Enamel Small Pie Dish 19.5Cm X 14.5Cm,https://www.tesco.com/groceries/en-GB/shop/home-and-ents/all?department=Cooking%20%26%20Dining&viewAll=department&page=,£3.50,£3.50/each,,,/groceries/en-GB/products/309731819,https://digitalcontent.api.tesco.com/v2/media/ghs/f2ea3cb0-5616-4ec7-a77b-f100b9e1944d/e80dfbfc-c7a8-411a-9dd9-a4f958d7061b_1539593151.jpeg?h=225&w=225,
300088903,Tesco Aura Pasta Bowl Grey,https://www.tesco.com/groceries/en-GB/shop/home-and-ents/all?department=Cooking%20%26%20Dining&viewAll=department&page=,£3.50,£3.50/each,,,/groceries/en-GB/products/300088903,https://digitalcontent.api.tesco.com/v2/media/ghs/6422153a-9e6f-45ce-8dec-ae1a6b7f35d7/763167e1-0716-49b3-b11c-485ccbe05b49_1386814671.jpeg?h=225&w=225,
305662285,Tesco Aura Pasta Bowl White,https://www.tesco.com/groceries/en-GB/shop/home-and-ents/all?department=Cooking%20%26%20Dining&viewAll=department&page=,£3.50,£3.50/each,,,/groceries/en-GB/products/305662285,https://digitalcontent.api.tesco.com/v2/media/ghs/75a54c5e-d2f6-486b-8dc7-ee86399aaddc/573fe9f9-8c15-497c-9e42-b390403e5d10_228612328.jpeg?h=225&w=225,
309629331,Tesco Medium Roaster 38Cm X 30Cm,https://www.tesco.com/groceries/en-GB/shop/home-and-ents/all?department=Cooking%20%26%20Dining&viewAll=department&page=,£3.50,£3.50/each,,,/groceries/en-GB/products/309629331,https://digitalcontent.api.tesco.com/v2/media/ghs/69572b27-c826-43df-a16f-8343d888fac7/5e134a9d-16f6-401a-a384-b138456a434a_1026381363.jpeg?h=225&w=225,
308308465,Chunky Gin Glass,https://www.tesco.com/groceries/en-GB/shop/home-and-ents/all?department=Cooking%20%26%20Dining&viewAll=department&page=,£4.00,£4.00/each,,,/groceries/en-GB/products/308308465,https://digitalcontent.api.tesco.com/v2/media/ghs/2c7b1c99-fb86-4fec-b884-1d0c9a2f03dc/398617af-2923-4793-988b-974bb02b2664_2030921621.jpeg?h=225&w=225,
270309136,Tesco Nova Porcelain Side Plate,https://www.tesco.com/groceries/en-GB/shop/home-and-ents/all?department=Cooking%20%26%20Dining&viewAll=department&page=,£2.50,£2.50/each,,,/groceries/en-GB/products/270309136,https://digitalcontent.api.tesco.com/v2/media/ghs/7efdd34b-ba98-4bd8-b774-41c54037dd70/dd46dd3f-76c1-4deb-8cc1-5c6181d39b79_1505544605.jpeg?h=225&w=225,
310254283,Hinch Tuscany Side Plate,https://www.tesco.com/groceries/en-GB/shop/home-and-ents/all?department=Cooking%20%26%20Dining&viewAll=department&page=,£3.50,£3.50/each,,,/groceries/en-GB/products/310254283,https://digitalcontent.api.tesco.com/v2/media/ghs/57539390-aeb5-460b-8842-703cd3359b6e/b7af1994-598e-4c9f-8930-cb8c6149b9c2_2027417862.jpeg?h=225&w=225,
300408745,Tesco Salt & Pepper Shakers,https://www.tesco.com/groceries/en-GB/shop/home-and-ents/all?department=Cooking%20%26%20Dining&viewAll=department&page=,£2.50,£2.50/each,,,/groceries/en-GB/products/300408745,https://digitalcontent.api.tesco.com/v2/media/ghs/7ea24a6c-e11a-4d66-9d7a-b1393587f351/200cdafa-245a-4b74-9944-cc0c6edac48b_4192482.jpeg?h=225&w=225,
310254248,Tesco Bee Pasta Bowl,https://www.tesco.com/groceries/en-GB/shop/home-and-ents/all?department=Cooking%20%26%20Dining&viewAll=department&page=,£3.00,£3.00/each,,,/groceries/en-GB/products/310254248,https://digitalcontent.api.tesco.com/v2/media/ghs/0b753180-cc04-4a21-a051-9bce3c824872/79d684d1-d4b4-4160-9d57-830a8a9f800f_583054100.jpeg?h=225&w=225,
308435106,Tesco Robin Mug,https://www.tesco.com/groceries/en-GB/shop/home-and-ents/all?department=Cooking%20%26%20Dining&viewAll=department&page=,£2.50,£2.50/each,,,/groceries/en-GB/products/308435106,https://digitalcontent.api.tesco.com/v2/media/ghs/f87035a5-12b5-4071-992e-51a96610b6c2/7a141ba8-93b5-421b-a741-03e9f193a489_738829632.jpeg?h=225&w=225,
303622526,Tesco Clip Glass Storage Small,https://www.tesco.com/groceries/en-GB/shop/home-and-ents/all?department=Cooking%20%26%20Dining&viewAll=department&page=,£2.50,£2.50/each,,,/groceries/en-GB/products/303622526,https://digitalcontent.api.tesco.com/v2/media/ghs/9d22f3e6-9c85-42c2-a273-49da9d166e64/b900c577-a3df-40f8-9307-f80c7ff78089_195056216.jpeg?h=225&w=225,
306120424,Tesco Aura Mug Sea Green,https://www.tesco.com/groceries/en-GB/shop/home-and-ents/all?department=Cooking%20%26%20Dining&viewAll=department&page=,£2.00,£2.00/each,,,/groceries/en-GB/products/306120424,https://digitalcontent.api.tesco.com/v2/media/ghs/590b8b4b-7ddc-43b3-8f96-cac427648331/ac6efa2b-e4e7-498c-a47a-e3d7db26261a_1536489008.jpeg?h=225&w=225,
300115164,Tesco Aura Mug Grey,https://www.tesco.com/groceries/en-GB/shop/home-and-ents/all?department=Cooking%20%26%20Dining&viewAll=department&page=,£2.00,£2.00/each,,,/groceries/en-GB/products/300115164,https://digitalcontent.api.tesco.com/v2/media/ghs/8daa0cae-ab33-408f-88e3-875a253479f0/e73770a8-562d-41f1-9d98-2e506fbc47bc_703225131.jpeg?h=225&w=225,
296348880,Tesco Stainless Steel Box Grater,https://www.tesco.com/groceries/en-GB/shop/home-and-ents/all?department=Cooking%20%26%20Dining&viewAll=department&page=,£2.50,£2.50/each,,,/groceries/en-GB/products/296348880,https://digitalcontent.api.tesco.com/v2/media/ghs/3a15f493-8f41-4684-9970-dce936c44367/cb07ca32-b9ff-4a2a-b0b4-6468497c04bf_662299557.jpeg?h=225&w=225,
311825257,Tesco Belonging Robin Mug,https://www.tesco.com/groceries/en-GB/shop/home-and-ents/all?department=Cooking%20%26%20Dining&viewAll=department&page=,£2.50,£2.50/each,,,/groceries/en-GB/products/311825257,https://digitalcontent.api.tesco.com/v2/media/ghs/3df12c78-292d-4277-ac14-a1a86953a684/2ce9f1c9-b12e-4a56-af4e-ce729b44e217_329661216.jpeg?h=225&w=225,
302115224,Tesco Turin Pasta Bowl Grey,https://www.tesco.com/groceries/en-GB/shop/home-and-ents/all?department=Cooking%20%26%20Dining&viewAll=department&page=,£2.50,£2.50/each,,,/groceries/en-GB/products/302115224,https://digitalcontent.api.tesco.com/v2/media/ghs/dc0951c6-7a92-4c6b-a964-5fff9c431647/ee7a606f-5162-4b4a-a798-90b4c420fe96_300534430.jpeg?h=225&w=225,
305662325,Tesco Aura Mug White,https://www.tesco.com/groceries/en-GB/shop/home-and-ents/all?department=Cooking%20%26%20Dining&viewAll=department&page=,£2.00,£2.00/each,,,/groceries/en-GB/products/305662325,https://digitalcontent.api.tesco.com/v2/media/ghs/72f5fab4-8d42-45c6-a2a5-a5d900ff726c/cc4eeed9-ee2b-4fd6-a061-01d91cc483f4_943999804.jpeg?h=225&w=225,
308664514,Tesco Stainless Steel Sieve,https://www.tesco.com/groceries/en-GB/shop/home-and-ents/all?department=Cooking%20%26%20Dining&viewAll=department&page=,£3.25,£3.25/each,,,/groceries/en-GB/products/308664514,https://digitalcontent.api.tesco.com/v2/media/ghs/70d27c8f-71b8-4f6d-8c46-d2f13f4a2d28/e1d8c2e2-586c-41be-abd5-7044a2f1004e_1478795344.jpeg?h=225&w=225,
310855712,Swantex Reusable Clear Wine Glass,https://www.tesco.com/groceries/en-GB/shop/home-and-ents/all?department=Cooking%20%26%20Dining&viewAll=department&page=,£2.00,£2.00/each,,,/groceries/en-GB/products/310855712,https://digitalcontent.api.tesco.com/v2/media/ghs/d6ab74c0-89f0-4fcb-bcd2-56a4054eb271/8e8855ff-54ee-4fdf-8b5c-6426ab9fe265_440978857.jpeg?h=225&w=225,
310855735,Swantex Reusable Clear Champagne Flute,https://www.tesco.com/groceries/en-GB/shop/home-and-ents/all?department=Cooking%20%26%20Dining&viewAll=department&page=,£2.00,£2.00/each,,,/groceries/en-GB/products/310855735,https://digitalcontent.api.tesco.com/v2/media/ghs/042394ef-acc3-4a87-b4a4-3377f4568d6c/95ebeec2-e4b7-4f52-b273-58ebfe96af3d_546481232.jpeg?h=225&w=225,
311463143,Tesco Aura Cereal Bowl Matte Black,https://www.tesco.com/groceries/en-GB/shop/home-and-ents/all?department=Cooking%20%26%20Dining&viewAll=department&page=,£2.25,£2.25/each,,,/groceries/en-GB/products/311463143,https://digitalcontent.api.tesco.com/v2/media/ghs/896e1b40-847a-4548-8381-f2723d6b4c3e/52362eec-dc86-42cb-abbb-d07e4a792a49_1844666018.jpeg?h=225&w=225,
270472782,Tesco Practic Fsc Wooden Rolling Pin,https://www.tesco.com/groceries/en-GB/shop/home-and-ents/all?department=Cooking%20%26%20Dining&viewAll=department&page=,£1.75,£1.75/each,,,/groceries/en-GB/products/270472782,https://digitalcontent.api.tesco.com/v2/media/ghs/c3da4e00-7b82-4f5e-97b4-a6f309047a2c/8673d5b1-ca08-40a7-9475-6ae167af1737_1140021932.jpeg?h=225&w=225,
312146961,Tesco Constellation Star Napkin X20,https://www.tesco.com/groceries/en-GB/shop/home-and-ents/all?department=Cooking%20%26%20Dining&viewAll=department&page=,£1.50,£0.08/each,,,/groceries/en-GB/products/312146961,https://digitalcontent.api.tesco.com/v2/media/ghs/72909ce9-d731-4d66-9333-aaff1f0732bd/f4a15189-d92e-4476-bbb0-a56f871bcba7_1484274678.jpeg?h=225&w=225,
310256943,Tesco Oxford Stainless Steel Forks 4 Pack,https://www.tesco.com/groceries/en-GB/shop/home-and-ents/all?department=Cooking%20%26%20Dining&viewAll=department&page=,£2.50,£0.62/each,,,/groceries/en-GB/products/310256943,https://digitalcontent.api.tesco.com/v2/media/ghs/393792c0-3810-466d-9693-79c4c6cb672a/4730dc65-2997-4667-94c8-2e487d45b745_521006820.jpeg?h=225&w=225,
287778037,Tesco Can Opener,https://www.tesco.com/groceries/en-GB/shop/home-and-ents/all?department=Cooking%20%26%20Dining&viewAll=department&page=,£1.75,£1.75/each,,,/groceries/en-GB/products/287778037,https://digitalcontent.api.tesco.com/v2/media/ghs/66ef24bf-82df-4b47-9133-0c59b0720a90/c2fbcba6-bea2-43fa-9150-a1a34c1cca36_1736579376.jpeg?h=225&w=225,
255404092,Tesco Practic Wooden Pastry Brush,https://www.tesco.com/groceries/en-GB/shop/home-and-ents/all?department=Cooking%20%26%20Dining&viewAll=department&page=,£1.25,£1.25/each,,,/groceries/en-GB/products/255404092,https://digitalcontent.api.tesco.com/v2/media/ghs/7b0ff659-da30-41dd-aa33-d68fd2c4a28a/acee8201-5341-45ac-a010-c07fe92d2504_1267939722.jpeg?h=225&w=225,
308122217,Tesco Bright Rainbow Napkin 20 Pack,https://www.tesco.com/groceries/en-GB/shop/home-and-ents/all?department=Cooking%20%26%20Dining&viewAll=department&page=,£1.50,£0.08/each,Any 5 for 4 Clubcard Price - Cheapest Product Free - Selected Tesco Party ,,/groceries/en-GB/products/308122217,https://digitalcontent.api.tesco.com/v2/media/ghs/3a02b4be-d9da-4a5d-bbc1-a6d4234514e7/2ec448a0-ae20-4d33-90c8-168104367717_653368879.jpeg?h=225&w=225,
312268033,Tesco Red Stripe Napkin 33Cm 3Ply 20 Pack,https://www.tesco.com/groceries/en-GB/shop/home-and-ents/all?department=Cooking%20%26%20Dining&viewAll=department&page=,£1.50,£0.08/each,,,/groceries/en-GB/products/312268033,https://digitalcontent.api.tesco.com/v2/media/ghs/08a76834-acf0-471b-a758-511e5f2ad41e/dcc54b96-df98-4e45-a1d2-47a5e2442552_1968552064.jpeg?h=225&w=225,
293017890,Russell Hobbs Colours 2 Slice Toaster Black,https://www.tesco.com/groceries/en-GB/shop/home-and-ents/all?department=Cooking%20%26%20Dining&viewAll=department&page=,£33.00,£33.00/each,,,/groceries/en-GB/products/293017890,https://digitalcontent.api.tesco.com/v2/media/ghs/fe9ee7e8-0e18-47c8-a721-46b74df1a69f/ebcbc3a6-69c7-4fcb-9287-7b51b6fd1f97_1944077542.jpeg?h=225&w=225,
303612890,Tesco 30 Day Water Filter 6 Pack Oval Plus Compatible,https://www.tesco.com/groceries/en-GB/shop/home-and-ents/all?department=Cooking%20%26%20Dining&viewAll=department&page=,£12.00,£2.00/each,,,/groceries/en-GB/products/303612890,https://digitalcontent.api.tesco.com/v2/media/ghs/0d5cce1f-376b-45d2-a7be-09014cf27dd3/1d064fb1-c00b-4fde-a6b4-fe28d5b80cec_1408016998.jpeg?h=225&w=225,
295953745,Tesco Timeless Classic Champagne 4 Pack,https://www.tesco.com/groceries/en-GB/shop/home-and-ents/all?department=Cooking%20%26%20Dining&viewAll=department&page=,£6.00,£1.50/each,,,/groceries/en-GB/products/295953745,https://digitalcontent.api.tesco.com/v2/media/ghs/22c4a0d0-c02e-4a3b-8e6d-e34e72192e4b/526820dc-71ee-4802-9ba8-7c32b6300ef7_1312837196.jpeg?h=225&w=225,
306796689,Joie Large Peva Bags 6 Pack,https://www.tesco.com/groceries/en-GB/shop/home-and-ents/all?department=Cooking%20%26%20Dining&viewAll=department&page=,£6.00,£1.00/each,,,/groceries/en-GB/products/306796689,https://digitalcontent.api.tesco.com/v2/media/ghs/06434706-416a-4ee7-af71-2cd3f4ee2b37/6770af06-7c1c-4d75-a360-c369d5dcddea_1897076306.jpeg?h=225&w=225,
304852966,Tesco Large Stemless Wine Glass 4 Pack,https://www.tesco.com/groceries/en-GB/shop/home-and-ents/all?department=Cooking%20%26%20Dining&viewAll=department&page=,£6.00,£1.50/each,,,/groceries/en-GB/products/304852966,https://digitalcontent.api.tesco.com/v2/media/ghs/4bddd2aa-a1ff-47f2-87a5-95873775fa66/d7eabb9c-5e6f-4d72-9956-446ec4cac0a3_832185407.jpeg?h=225&w=225,
311520709,Tesco Happy Home Double Oven Glove,https://www.tesco.com/groceries/en-GB/shop/home-and-ents/all?department=Cooking%20%26%20Dining&viewAll=department&page=,£5.00,£5.00/each,,New,/groceries/en-GB/products/311520709,https://digitalcontent.api.tesco.com/v2/media/ghs/cab7016b-a9f2-4945-b197-b65bb326b9ad/05edf18b-4221-4c04-89a9-77c0a9440556_1117742652.jpeg?h=225&w=225,
307372158,Fox & Ivy Malmo Mug,https://www.tesco.com/groceries/en-GB/shop/home-and-ents/all?department=Cooking%20%26%20Dining&viewAll=department&page=,£5.00,£5.00/each,,,/groceries/en-GB/products/307372158,https://digitalcontent.api.tesco.com/v2/media/ghs/bd68de5d-759a-4602-b56f-8334f9ab7c8f/58c35ee2-58c7-4b9f-a98d-7e1e1322d31b_1626712982.jpeg?h=225&w=225,
311462720,Fox & Ivy Alchemy Floral Mug,https://www.tesco.com/groceries/en-GB/shop/home-and-ents/all?department=Cooking%20%26%20Dining&viewAll=department&page=,£5.00,£5.00/each,£3.75 Clubcard Price,,/groceries/en-GB/products/311462720,https://digitalcontent.api.tesco.com/v2/media/ghs/81ead4bb-b3c5-4099-afa5-7e3e408d9ad9/0315c8e3-bc10-4f38-a49e-4f2341d5cba7_747002087.jpeg?h=225&w=225,
309629439,Tesco Round Loose Base Cake Tin 20Cm,https://www.tesco.com/groceries/en-GB/shop/home-and-ents/all?department=Cooking%20%26%20Dining&viewAll=department&page=,£4.50,£4.50/each,,,/groceries/en-GB/products/309629439,https://digitalcontent.api.tesco.com/v2/media/ghs/c68337ef-1194-45ea-8dc7-376fdadf8534/09def8e8-42f5-4e8d-8024-84e27e75e8bb_1081759495.jpeg?h=225&w=225,
297800342,Brita Marella Cool Jug White 2.4L,https://www.tesco.com/groceries/en-GB/shop/home-and-ents/all?department=Cooking%20%26%20Dining&viewAll=department&page=,£18.00,£18.00/each,£12.00 Clubcard Price,,/groceries/en-GB/products/297800342,https://digitalcontent.api.tesco.com/v2/media/ghs/0d4e7f05-16ab-4ab0-9701-dfe6d99de362/cdd53cf4-49cd-4379-ad7e-401fdb084430_721189559.jpeg?h=225&w=225,
311520744,Tesco Christmas Belonging Double Oven Glove,https://www.tesco.com/groceries/en-GB/shop/home-and-ents/all?department=Cooking%20%26%20Dining&viewAll=department&page=,£5.00,£5.00/each,,New,/groceries/en-GB/products/311520744,https://digitalcontent.api.tesco.com/v2/media/ghs/579f26c3-dabf-44a5-9bd8-93490da64900/b5be31f7-fc90-4b41-b7a5-34ff263ed261_42027527.jpeg?h=225&w=225,
310254375,Fox & Ivy Fern Pasta Bowl,https://www.tesco.com/groceries/en-GB/shop/home-and-ents/all?department=Cooking%20%26%20Dining&viewAll=department&page=,£5.00,£5.00/each,£3.75 Clubcard Price,,/groceries/en-GB/products/310254375,https://digitalcontent.api.tesco.com/v2/media/ghs/597807d9-bcec-4088-b9b3-cc731b11a1a7/51983160-4178-450e-bb46-684267d391ef_1916725296.jpeg?h=225&w=225,
310330112,Fox & Ivy Slate Reactive Pasta Bowl,https://www.tesco.com/groceries/en-GB/shop/home-and-ents/all?department=Cooking%20%26%20Dining&viewAll=department&page=,£5.00,£5.00/each,,,/groceries/en-GB/products/310330112,https://digitalcontent.api.tesco.com/v2/media/ghs/71627bc0-0b13-478c-ae03-445ed727a1e1/be105923-d432-436c-b415-25ffe9bfbecd_1592086387.jpeg?h=225&w=225,
310246385,Tesco Recycled Cotton Terry Tea Towel 5 Pack Blue,https://www.tesco.com/groceries/en-GB/shop/home-and-ents/all?department=Cooking%20%26%20Dining&viewAll=department&page=,£5.00,£1.00/each,,,/groceries/en-GB/products/310246385,https://digitalcontent.api.tesco.com/v2/media/ghs/27b36198-8c5d-4450-ae0c-46fad413cbb3/0fc7b0dc-a281-443c-99ff-90898f0ce813_478165231.jpeg?h=225&w=225,
304853084,Tesco Bondi Side Plate,https://www.tesco.com/groceries/en-GB/shop/home-and-ents/all?department=Cooking%20%26%20Dining&viewAll=department&page=,£3.50,£3.50/each,,,/groceries/en-GB/products/304853084,https://digitalcontent.api.tesco.com/v2/media/ghs/a88c59a1-6ab1-4fee-b984-497ccd8bd7c4/507363e6-f1bf-422b-97ff-e7006baf1847_1583111190.jpeg?h=225&w=225,
304853101,Tesco Bondi Pasta Bowl,https://www.tesco.com/groceries/en-GB/shop/home-and-ents/all?department=Cooking%20%26%20Dining&viewAll=department&page=,£4.50,£4.50/each,,,/groceries/en-GB/products/304853101,https://digitalcontent.api.tesco.com/v2/media/ghs/30c5096a-1254-4fb4-8197-872b1b9b66f8/8be60148-39a4-4e8b-81ea-e683b02b2e66_120373614.jpeg?h=225&w=225,
304853078,Tesco Bondi Dinner Plate,https://www.tesco.com/groceries/en-GB/shop/home-and-ents/all?department=Cooking%20%26%20Dining&viewAll=department&page=,£4.00,£4.00/each,,,/groceries/en-GB/products/304853078,https://digitalcontent.api.tesco.com/v2/media/ghs/524f2013-50a9-469e-ae10-ae3f7e007191/ea3b24b4-0a82-44c5-8159-1426849d933a_141095329.jpeg?h=225&w=225,
309629399,Tesco Square Sandwich Tin 20Cm,https://www.tesco.com/groceries/en-GB/shop/home-and-ents/all?department=Cooking%20%26%20Dining&viewAll=department&page=,£3.00,£3.00/each,,,/groceries/en-GB/products/309629399,https://digitalcontent.api.tesco.com/v2/media/ghs/92f722ad-72cb-40a1-86ea-53a9c5657dbd/77dcf7f4-8ced-4a99-a5fd-416ed8b53dc3_1994665169.jpeg?h=225&w=225,
310254346,Fox & Ivy Fern Cereal Bowl,https://www.tesco.com/groceries/en-GB/shop/home-and-ents/all?department=Cooking%20%26%20Dining&viewAll=department&page=,£4.00,£4.00/each,£3.00 Clubcard Price,,/groceries/en-GB/products/310254346,https://digitalcontent.api.tesco.com/v2/media/ghs/79edc424-101f-4cac-970b-9e4b3a4d5279/620869be-1ccc-465f-9336-2acef582d9fd_2053805668.jpeg?h=225&w=225,
306120401,Tesco Nova Porcelain Butter Dish,https://www.tesco.com/groceries/en-GB/shop/home-and-ents/all?department=Cooking%20%26%20Dining&viewAll=department&page=,£4.00,£4.00/each,,,/groceries/en-GB/products/306120401,https://digitalcontent.api.tesco.com/v2/media/ghs/0c9f7057-e48e-4f18-a86b-44f8e422adf2/e74b8102-6de5-45b7-a82a-ca96b6566f62_454613447.jpeg?h=225&w=225,
310254300,Hinch Tuscany Pasta Bowl,https://www.tesco.com/groceries/en-GB/shop/home-and-ents/all?department=Cooking%20%26%20Dining&viewAll=department&page=,£4.50,£4.50/each,,,/groceries/en-GB/products/310254300,https://digitalcontent.api.tesco.com/v2/media/ghs/3125bcdd-6371-463f-a855-0142b8b69ba5/63723c4e-0bb9-4d84-affd-3564e2fa2e94_886906866.jpeg?h=225&w=225,
310254398,Fox & Ivy Arizona Mug,https://www.tesco.com/groceries/en-GB/shop/home-and-ents/all?department=Cooking%20%26%20Dining&viewAll=department&page=,£3.50,£3.50/each,,,/groceries/en-GB/products/310254398,https://digitalcontent.api.tesco.com/v2/media/ghs/15b676a2-93a1-4524-9dd1-b08f81a0a086/ab7a7643-c5b3-4d2f-a8dc-979d58308441_845317407.jpeg?h=225&w=225,
304853090,Tesco Bondi Cereal Bowl,https://www.tesco.com/groceries/en-GB/shop/home-and-ents/all?department=Cooking%20%26%20Dining&viewAll=department&page=,£3.50,£3.50/each,,,/groceries/en-GB/products/304853090,https://digitalcontent.api.tesco.com/v2/media/ghs/f9dc0f89-cc20-4083-a8ac-a5c4359e7e38/962823d7-d085-467e-b647-03ec893016f2_196817927.jpeg?h=225&w=225,
255895845,Tesco Foodsaver 4.5L,https://www.tesco.com/groceries/en-GB/shop/home-and-ents/all?department=Cooking%20%26%20Dining&viewAll=department&page=,£2.50,£2.50/each,,,/groceries/en-GB/products/255895845,https://digitalcontent.api.tesco.com/v2/media/ghs/fd9956da-e29c-4e9e-8776-498935d7d282/0aa3e6af-878a-419b-97be-48a190d7deed_2095194344.jpeg?h=225&w=225,
309081418,Tesco Floral 5 Pack Microfibre Cloths Rs,https://www.tesco.com/groceries/en-GB/shop/home-and-ents/all?department=Cooking%20%26%20Dining&viewAll=department&page=,£3.50,£0.70/each,,,/groceries/en-GB/products/309081418,https://digitalcontent.api.tesco.com/v2/media/ghs/970bab93-e645-48c0-871f-48c8d6c14dac/d917dc42-b1cc-4928-8e40-867faba7c66e_1838465341.jpeg?h=225&w=225,
303622492,Tesco Clip Glass Storage Large,https://www.tesco.com/groceries/en-GB/shop/home-and-ents/all?department=Cooking%20%26%20Dining&viewAll=department&page=,£3.50,£3.50/each,,,/groceries/en-GB/products/303622492,https://digitalcontent.api.tesco.com/v2/media/ghs/3b917a98-eb0d-4291-898d-498e536e585e/a24fdb72-51f5-4f34-89f2-2ee0bc5c23b5_1474637084.jpeg?h=225&w=225,
303622503,Tesco Clip Glass Storage Medium,https://www.tesco.com/groceries/en-GB/shop/home-and-ents/all?department=Cooking%20%26%20Dining&viewAll=department&page=,£3.00,£3.00/each,,,/groceries/en-GB/products/303622503,https://digitalcontent.api.tesco.com/v2/media/ghs/c19fafe3-36c8-461e-a1ba-d2deee1de1ad/7787f8a7-6560-43c3-9ba5-b77e72b09424_119119093.jpeg?h=225&w=225,
310246713,Tesco Bone China Mug,https://www.tesco.com/groceries/en-GB/shop/home-and-ents/all?department=Cooking%20%26%20Dining&viewAll=department&page=,£3.00,£3.00/each,,,/groceries/en-GB/products/310246713,https://digitalcontent.api.tesco.com/v2/media/ghs/822f29e8-33d3-490d-8a64-219b7dbd05c2/c36fd0f5-8e0d-41d2-b098-7bed22729f20_1662354352.jpeg?h=225&w=225,
296663096,Tesco Klipfresh Square 1.1L,https://www.tesco.com/groceries/en-GB/shop/home-and-ents/all?department=Cooking%20%26%20Dining&viewAll=department&page=,£3.25,£3.25/each,Any 3 for 2 Clubcard Price - Cheapest Product Free - Selected Klipfresh 3  For 2 ,,/groceries/en-GB/products/296663096,https://digitalcontent.api.tesco.com/v2/media/ghs/94172bfa-08cb-496b-b4eb-6006632bae31/039f0770-f790-480e-8a49-d230ee602ea1_1378207811.jpeg?h=225&w=225,
310246581,Tesco Biscuit Mug,https://www.tesco.com/groceries/en-GB/shop/home-and-ents/all?department=Cooking%20%26%20Dining&viewAll=department&page=,£2.50,£2.50/each,£1.85 Clubcard Price,,/groceries/en-GB/products/310246581,https://digitalcontent.api.tesco.com/v2/media/ghs/ffa266f4-f072-4adc-9ccc-cf6cc5d9893e/643c95c0-721e-4e5e-9656-7bd26b715fc1_630128753.jpeg?h=225&w=225,
308664520,Tesco Stainless Steel Whisk,https://www.tesco.com/groceries/en-GB/shop/home-and-ents/all?department=Cooking%20%26%20Dining&viewAll=department&page=,£2.50,£2.50/each,,,/groceries/en-GB/products/308664520,https://digitalcontent.api.tesco.com/v2/media/ghs/9ec4b343-f39a-4bcb-b52e-e22e11b5884b/29a60fc7-f1b8-47ff-8e3d-45dd78208cad_670043322.jpeg?h=225&w=225,
310254297,Hinch Tuscany Dinner Plate,https://www.tesco.com/groceries/en-GB/shop/home-and-ents/all?department=Cooking%20%26%20Dining&viewAll=department&page=,£4.00,£4.00/each,,,/groceries/en-GB/products/310254297,https://digitalcontent.api.tesco.com/v2/media/ghs/7a8cf875-efdb-4972-af99-6b40c8e567ee/3d98a05c-0004-41e2-873b-8621c946ecd3_1796550118.jpeg?h=225&w=225,
311463137,Tesco Aura Dinner Plate Matte Black,https://www.tesco.com/groceries/en-GB/shop/home-and-ents/all?department=Cooking%20%26%20Dining&viewAll=department&page=,£2.50,£2.50/each,,,/groceries/en-GB/products/311463137,https://digitalcontent.api.tesco.com/v2/media/ghs/54459424-e6a7-4c4d-9c39-b4734f7067cc/32a6930e-7ff3-4d06-b04f-1b94eb13a7d5_1027127062.jpeg?h=225&w=225,
306120453,Tesco Aura Dinner Plate Sea Green,https://www.tesco.com/groceries/en-GB/shop/home-and-ents/all?department=Cooking%20%26%20Dining&viewAll=department&page=,£2.50,£2.50/each,,,/groceries/en-GB/products/306120453,https://digitalcontent.api.tesco.com/v2/media/ghs/4cad3d59-39f2-4b73-b6d2-d4352b7a2979/d40bd2e3-c8fb-450e-ba75-419e5401e2ed_1036814521.jpeg?h=225&w=225,
310256937,Tesco Oxford Stainless Steel Teaspoons 4 Pack,https://www.tesco.com/groceries/en-GB/shop/home-and-ents/all?department=Cooking%20%26%20Dining&viewAll=department&page=,£2.50,£0.62/each,,,/groceries/en-GB/products/310256937,https://digitalcontent.api.tesco.com/v2/media/ghs/2cb431f6-2fd0-4da2-bebc-b83311c9bfb3/6a515b7e-eef8-43d9-869f-2672976c749d_1272927016.jpeg?h=225&w=225,
308611261,Tesco Microwave 1.3L Rectangle Grey,https://www.tesco.com/groceries/en-GB/shop/home-and-ents/all?department=Cooking%20%26%20Dining&viewAll=department&page=,£2.00,£2.00/each,,,/groceries/en-GB/products/308611261,https://digitalcontent.api.tesco.com/v2/media/ghs/6f8eab22-0704-49be-8048-1eda3f183d74/cd0f193a-c898-462f-88c8-0ae31a99a8c7_409587111.jpeg?h=225&w=225,
296663038,Tesco Klipfresh Rectangle 380Ml,https://www.tesco.com/groceries/en-GB/shop/home-and-ents/all?department=Cooking%20%26%20Dining&viewAll=department&page=,£2.25,£2.25/each,Any 3 for 2 Clubcard Price - Cheapest Product Free - Selected Klipfresh 3  For 2 ,,/groceries/en-GB/products/296663038,https://digitalcontent.api.tesco.com/v2/media/ghs/10dc6dba-3ffd-4db6-bd92-1c511dc8d2f8/56b87742-7824-4660-8cd9-c85de531ee6a_524934795.jpeg?h=225&w=225,
295157242,Tesco Ramekin Ceramic White 2 Pack,https://www.tesco.com/groceries/en-GB/shop/home-and-ents/all?department=Cooking%20%26%20Dining&viewAll=department&page=,£2.50,£1.25/each,,,/groceries/en-GB/products/295157242,https://digitalcontent.api.tesco.com/v2/media/ghs/7824d019-ec25-4732-8fd9-9104986819bf/da65a0b2-0c30-4f18-ae5a-fcc0b77d3891_1893526247.jpeg?h=225&w=225,
312103661,Keep It Handy Bottle Opener And Corkscrew,https://www.tesco.com/groceries/en-GB/shop/home-and-ents/all?department=Cooking%20%26%20Dining&viewAll=department&page=,£1.00,£1.00/each,,New,/groceries/en-GB/products/312103661,https://digitalcontent.api.tesco.com/v2/media/ghs-mktg/b0b04216-fa73-466d-a9d7-c9fcfa1ce9b3/no-image.jpeg,
310855729,Medium Square Bowls 2 Pack Coloured Assorted,https://www.tesco.com/groceries/en-GB/shop/home-and-ents/all?department=Cooking%20%26%20Dining&viewAll=department&page=,£2.00,£1.00/each,,,/groceries/en-GB/products/310855729,https://digitalcontent.api.tesco.com/v2/media/ghs/e5e97a95-ed61-4aae-a3ea-9ee8a67fc0db/b92e6f5b-f658-490a-9b26-2f6b8e1060ef_1953540098.jpeg?h=225&w=225,
310254507,Tesco Bamboo Pizza Platter,https://www.tesco.com/groceries/en-GB/shop/home-and-ents/all?department=Cooking%20%26%20Dining&viewAll=department&page=,£8.00,£8.00/each,,,/groceries/en-GB/products/310254507,https://digitalcontent.api.tesco.com/v2/media/ghs/0ef8e360-8b16-41b2-8f3c-2c7f7c8e552c/27fe868c-1c10-41bc-af71-90da9d858d1e_100835310.jpeg?h=225&w=225,
304596635,Tesco Pint Glass 4 Pack,https://www.tesco.com/groceries/en-GB/shop/home-and-ents/all?department=Cooking%20%26%20Dining&viewAll=department&page=,£6.00,£1.50/each,,,/groceries/en-GB/products/304596635,https://digitalcontent.api.tesco.com/v2/media/ghs/4f5fe52f-5fd9-4781-af77-aac94df372bc/1b7863ea-cbea-485f-9258-930f96bb19bb_929637078.jpeg?h=225&w=225,
308499462,Joie Reusable Piping Bag Set,https://www.tesco.com/groceries/en-GB/shop/home-and-ents/all?department=Cooking%20%26%20Dining&viewAll=department&page=,£5.00,£5.00/each,,,/groceries/en-GB/products/308499462,https://digitalcontent.api.tesco.com/v2/media/ghs/b333f499-856a-4106-bb63-39adda1bcefd/36ad6202-9519-4649-8166-e8f80a211f94_709361063.jpeg?h=225&w=225,
309629452,Tesco Rectangular Cake Mould 32Cm X 22Cm,https://www.tesco.com/groceries/en-GB/shop/home-and-ents/all?department=Cooking%20%26%20Dining&viewAll=department&page=,£4.00,£4.00/each,,,/groceries/en-GB/products/309629452,https://digitalcontent.api.tesco.com/v2/media/ghs/24fe94c8-13ed-4667-a4e1-b1ccdd0c6785/95c8ddb4-fc5c-421f-a251-7530283c8655_962277397.jpeg?h=225&w=225,
310246448,Tesco Black Prism Double Oven Glove,https://www.tesco.com/groceries/en-GB/shop/home-and-ents/all?department=Cooking%20%26%20Dining&viewAll=department&page=,£5.00,£5.00/each,,,/groceries/en-GB/products/310246448,https://digitalcontent.api.tesco.com/v2/media/ghs/e1b7ae5c-cd55-494a-9090-60e4406ff949/ec6d741d-d74d-45a1-a4df-2ad6c284c4e1_663865415.jpeg?h=225&w=225,
309081361,Tesco Grey Dobby Tea Towel 4 Pack Rs,https://www.tesco.com/groceries/en-GB/shop/home-and-ents/all?department=Cooking%20%26%20Dining&viewAll=department&page=,£6.00,£1.50/each,,,/groceries/en-GB/products/309081361,https://digitalcontent.api.tesco.com/v2/media/ghs/e75ba2ce-10f5-42e5-8da8-4862c3b22e58/e6f23ab6-44a0-433e-b3fa-05242457fd0e_1327271022.jpeg?h=225&w=225,
301214932,Sistema Take Alongs Deep Square 1.2L 3 Pack,https://www.tesco.com/groceries/en-GB/shop/home-and-ents/all?department=Cooking%20%26%20Dining&viewAll=department&page=,£4.50,£1.50/each,,,/groceries/en-GB/products/301214932,https://digitalcontent.api.tesco.com/v2/media/ghs/e1022c7e-4e9a-42f2-8989-8dac245edfb2/4cec69c7-bde6-4f22-b9e1-aeb290c8dc9a_1498622214.jpeg?h=225&w=225,
310254337,Fox & Ivy Fern Mug,https://www.tesco.com/groceries/en-GB/shop/home-and-ents/all?department=Cooking%20%26%20Dining&viewAll=department&page=,£5.00,£5.00/each,£3.75 Clubcard Price,,/groceries/en-GB/products/310254337,https://digitalcontent.api.tesco.com/v2/media/ghs/9225de74-4104-4e23-9f41-8446d57cc9f9/be9bcff9-c889-4939-ae77-d586124356af_1575880145.jpeg?h=225&w=225,
296663073,Tesco Klipfresh Rectangle 3.1L,https://www.tesco.com/groceries/en-GB/shop/home-and-ents/all?department=Cooking%20%26%20Dining&viewAll=department&page=,£5.25,£5.25/each,Any 3 for 2 Clubcard Price - Cheapest Product Free - Selected Klipfresh 3  For 2 ,,/groceries/en-GB/products/296663073,https://digitalcontent.api.tesco.com/v2/media/ghs/371bc81c-79b0-40dd-9897-7d83a01e63d9/f0193118-1bcf-4ec1-80d3-1aff98673738_1870897748.jpeg?h=225&w=225,
306245576,Tesco Glass Food Storage 1.5L,https://www.tesco.com/groceries/en-GB/shop/home-and-ents/all?department=Cooking%20%26%20Dining&viewAll=department&page=,£5.00,£5.00/each,,,/groceries/en-GB/products/306245576,https://digitalcontent.api.tesco.com/v2/media/ghs/414e8460-8cc0-4f89-8a76-c4a997b85fb7/cbc4809e-fb91-4d6e-8d5d-4f29bf872c68_1032535707.jpeg?h=225&w=225,
311354140,Tesco Panda Shaped 3D Mug,https://www.tesco.com/groceries/en-GB/shop/home-and-ents/all?department=Cooking%20%26%20Dining&viewAll=department&page=,£4.50,£4.50/each,,,/groceries/en-GB/products/311354140,https://digitalcontent.api.tesco.com/v2/media/ghs/f43e12d1-6f2d-444c-b8ea-7843a46aba06/c2ef7153-bc7c-434b-bd7f-194df06bd07c_2132017111.jpeg?h=225&w=225,
307788605,Tesco Push Top Food Storage White 0.5L,https://www.tesco.com/groceries/en-GB/shop/home-and-ents/all?department=Cooking%20%26%20Dining&viewAll=department&page=,£3.50,£3.50/each,,,/groceries/en-GB/products/307788605,https://digitalcontent.api.tesco.com/v2/media/ghs/ec4c836b-af62-43a5-960e-9896df5fbc8b/53ea481a-efa8-4e3e-ac12-4273030c593f_1107202129.jpeg?h=225&w=225,
306122128,Fox & Ivy Green Terracotta Mug,https://www.tesco.com/groceries/en-GB/shop/home-and-ents/all?department=Cooking%20%26%20Dining&viewAll=department&page=,£5.00,£5.00/each,,,/groceries/en-GB/products/306122128,https://digitalcontent.api.tesco.com/v2/media/ghs/115bb849-1405-49ba-b98c-c11132a8da54/78afe722-0d19-439f-a9fc-cffcdf02d94b_1057053868.jpeg?h=225&w=225,
311463039,Fox And Ivy Java Cereal Bowl Peacock,https://www.tesco.com/groceries/en-GB/shop/home-and-ents/all?department=Cooking%20%26%20Dining&viewAll=department&page=,£4.50,£4.50/each,£3.35 Clubcard Price,,/groceries/en-GB/products/311463039,https://digitalcontent.api.tesco.com/v2/media/ghs/617830dc-9141-4634-8e07-38266afa8523/8e30c255-80ba-492d-8e27-df78aa5cb334_1231940929.jpeg?h=225&w=225,
308433356,Fox & Ivy Scarlett Latte Mug,https://www.tesco.com/groceries/en-GB/shop/home-and-ents/all?department=Cooking%20%26%20Dining&viewAll=department&page=,£5.00,£5.00/each,,,/groceries/en-GB/products/308433356,https://digitalcontent.api.tesco.com/v2/media/ghs/f46a4160-1c4a-45a6-baee-c2b50d144d56/27bcc65e-2313-4913-8ef0-5906191f9ac3_801502204.jpeg?h=225&w=225,
311354128,Fox & Ivy Black Silver Leaf Print Cup & Saucer,https://www.tesco.com/groceries/en-GB/shop/home-and-ents/all?department=Cooking%20%26%20Dining&viewAll=department&page=,£5.00,£5.00/each,,,/groceries/en-GB/products/311354128,https://digitalcontent.api.tesco.com/v2/media/ghs/f10aaeea-fbc8-4735-91e4-60dbb0fea077/afc03416-d0a3-400e-8f98-4f8e7e812be0_106676458.jpeg?h=225&w=225,
309629325,Tesco Small Roaster 28Cm X 21Cm,https://www.tesco.com/groceries/en-GB/shop/home-and-ents/all?department=Cooking%20%26%20Dining&viewAll=department&page=,£3.00,£3.00/each,,,/groceries/en-GB/products/309629325,https://digitalcontent.api.tesco.com/v2/media/ghs/241cfffc-e10b-4eea-97a2-d64a8b42ac27/224932c9-2fe7-49b1-9268-160ac09b108b_1110669388.jpeg?h=225&w=225,
296663120,Tesco Klipfresh Juice Jug 2L,https://www.tesco.com/groceries/en-GB/shop/home-and-ents/all?department=Cooking%20%26%20Dining&viewAll=department&page=,£5.00,£5.00/each,Any 3 for 2 Clubcard Price - Cheapest Product Free - Selected Klipfresh 3  For 2 ,,/groceries/en-GB/products/296663120,https://digitalcontent.api.tesco.com/v2/media/ghs/c811a614-39e5-4ef2-97e1-c1005c0e2656/42dc3a92-6561-457a-aa02-2d80443b7975_1906907534.jpeg?h=225&w=225,
310254277,Hinch Tuscany Cereal Bowl,https://www.tesco.com/groceries/en-GB/shop/home-and-ents/all?department=Cooking%20%26%20Dining&viewAll=department&page=,£3.50,£3.50/each,,,/groceries/en-GB/products/310254277,https://digitalcontent.api.tesco.com/v2/media/ghs/21228b4e-0791-48a0-9a08-3e8b5a21d691/75c3aedf-0080-4e72-b954-573f04012f82_391889373.jpeg?h=225&w=225,
306120469,Tesco Aura Pasta Bowl Sea Green,https://www.tesco.com/groceries/en-GB/shop/home-and-ents/all?department=Cooking%20%26%20Dining&viewAll=department&page=,£3.50,£3.50/each,,,/groceries/en-GB/products/306120469,https://digitalcontent.api.tesco.com/v2/media/ghs/ba140797-1e7a-480f-91d3-a64737ebc331/c2e83b19-6dce-4616-82d4-0523c85c43d2_342711291.jpeg?h=225&w=225,
310246687,Tesco Watercolour Floral Mug,https://www.tesco.com/groceries/en-GB/shop/home-and-ents/all?department=Cooking%20%26%20Dining&viewAll=department&page=,£3.00,£3.00/each,,,/groceries/en-GB/products/310246687,https://digitalcontent.api.tesco.com/v2/media/ghs/1311a33f-9009-48ee-b59f-3adad82371f0/d1ac745f-f6da-479f-a464-e8d4438899ba_1267578344.jpeg?h=225&w=225,
311521187,Tesco Autumnal Vegetable Tea Towel 2 Pack,https://www.tesco.com/groceries/en-GB/shop/home-and-ents/all?department=Cooking%20%26%20Dining&viewAll=department&page=,£3.50,£1.75/each,,New,/groceries/en-GB/products/311521187,https://digitalcontent.api.tesco.com/v2/media/ghs/f9b270ee-59b4-4cae-afdf-d62e2af08fb7/5f085460-de15-4d23-b85b-99f65ced3722_286890023.jpeg?h=225&w=225,
310254473,Tesco Nylon Tongs 9 Inch,https://www.tesco.com/groceries/en-GB/shop/home-and-ents/all?department=Cooking%20%26%20Dining&viewAll=department&page=,£3.00,£3.00/each,,,/groceries/en-GB/products/310254473,https://digitalcontent.api.tesco.com/v2/media/ghs/fa307908-74c9-43b2-b5c5-ecd4bffec2eb/1e6c7056-a787-430a-bf7d-a0b75c4f6171_1835274236.jpeg?h=225&w=225,
306245553,Tesco Glass Food Storage 630Ml,https://www.tesco.com/groceries/en-GB/shop/home-and-ents/all?department=Cooking%20%26%20Dining&viewAll=department&page=,£3.00,£3.00/each,,,/groceries/en-GB/products/306245553,https://digitalcontent.api.tesco.com/v2/media/ghs/f436bdbc-96f0-4fee-bb36-8f6c887c65ac/e4c36976-3547-4557-be63-40861b698e35_1891324777.jpeg?h=225&w=225,
299932096,Tesco Frying Pan 24Cm,https://www.tesco.com/groceries/en-GB/shop/home-and-ents/all?department=Cooking%20%26%20Dining&viewAll=department&page=,£3.50,£3.50/each,,,/groceries/en-GB/products/299932096,https://digitalcontent.api.tesco.com/v2/media/ghs/6ba7abb3-033f-411f-b0e2-c85063b0526c/60cbd90c-e2e5-4cd5-b967-8bfb9488ac40_740310280.jpeg?h=225&w=225,
296663113,Tesco Klipfresh 190Ml 4 Pack,https://www.tesco.com/groceries/en-GB/shop/home-and-ents/all?department=Cooking%20%26%20Dining&viewAll=department&page=,£4.50,£1.13/each,Any 3 for 2 Clubcard Price - Cheapest Product Free - Selected Klipfresh 3  For 2 ,,/groceries/en-GB/products/296663113,https://digitalcontent.api.tesco.com/v2/media/ghs/0618931e-3652-450f-bd5d-e846c71bf4a7/3dcabe37-3713-474b-83b8-1b7a986ebdce_489534106.jpeg?h=225&w=225,
303687218,Tesco Stainless Steel Can Opener,https://www.tesco.com/groceries/en-GB/shop/home-and-ents/all?department=Cooking%20%26%20Dining&viewAll=department&page=,£3.00,£3.00/each,,,/groceries/en-GB/products/303687218,https://digitalcontent.api.tesco.com/v2/media/ghs/5b6570bd-dc06-471d-a4f7-24a132bd1c13/7b0a4706-37c9-48a2-afc2-8d67649190d9_1093859100.jpeg?h=225&w=225,
308880079,Tesco Bee Coffee Cup 350Ml,https://www.tesco.com/groceries/en-GB/shop/home-and-ents/all?department=Cooking%20%26%20Dining&viewAll=department&page=,£2.50,£2.50/each,,,/groceries/en-GB/products/308880079,https://digitalcontent.api.tesco.com/v2/media/ghs/c29713a8-b01c-4ecb-867f-001c4766a6e2/c566bf08-aaff-4a88-9836-5463506c1b00_1548367255.jpeg?h=225&w=225,
296875064,Tesco Cooling Rack 37 X 26Cm,https://www.tesco.com/groceries/en-GB/shop/home-and-ents/all?department=Cooking%20%26%20Dining&viewAll=department&page=,£2.00,£2.00/each,,,/groceries/en-GB/products/296875064,https://digitalcontent.api.tesco.com/v2/media/ghs/2316de96-f90e-4422-bf51-9b37ef21fde8/d425219f-baf3-4b99-811c-55755a57b7c2_417611486.jpeg?h=225&w=225,
306120447,Tesco Aura Side Plate Sea Green,https://www.tesco.com/groceries/en-GB/shop/home-and-ents/all?department=Cooking%20%26%20Dining&viewAll=department&page=,£2.25,£2.25/each,,,/groceries/en-GB/products/306120447,https://digitalcontent.api.tesco.com/v2/media/ghs/4f134aac-8ded-4b4f-bbf7-44c773799975/b40fb86d-8203-47f2-bc6a-889b5efb2fbf_572795019.jpeg?h=225&w=225,
303250856,Joie Silicone Egg Ring,https://www.tesco.com/groceries/en-GB/shop/home-and-ents/all?department=Cooking%20%26%20Dining&viewAll=department&page=,£2.00,£2.00/each,,,/groceries/en-GB/products/303250856,https://digitalcontent.api.tesco.com/v2/media/ghs/742e990a-ea8e-47ed-8ca1-f550bc0ba094/5da1beaa-acb6-49bc-943a-afac019fa762_1017297501.jpeg?h=225&w=225,
311353930,Tesco Wax Resist Mug Teal,https://www.tesco.com/groceries/en-GB/shop/home-and-ents/all?department=Cooking%20%26%20Dining&viewAll=department&page=,£3.00,£3.00/each,,,/groceries/en-GB/products/311353930,https://digitalcontent.api.tesco.com/v2/media/ghs/c5994e2c-2d39-4be2-9a71-4801e1644920/eea3ee3b-2a05-4186-943f-490bd2a249dc_1037717712.jpeg?h=225&w=225,
310855758,Reusable Cups,https://www.tesco.com/groceries/en-GB/shop/home-and-ents/all?department=Cooking%20%26%20Dining&viewAll=department&page=,£2.00,£2.00/each,,,/groceries/en-GB/products/310855758,https://digitalcontent.api.tesco.com/v2/media/ghs/11b68178-de19-4fda-b7fe-ad3a3b406ec1/adde88f7-ad7a-4649-b750-7c6b44ebe9ff_1782918214.jpeg?h=225&w=225,
311463120,Tesco Matte Black Aura Mug,https://www.tesco.com/groceries/en-GB/shop/home-and-ents/all?department=Cooking%20%26%20Dining&viewAll=department&page=,£2.00,£2.00/each,,,/groceries/en-GB/products/311463120,https://digitalcontent.api.tesco.com/v2/media/ghs/a2f7c256-8859-45e9-b46a-0eded244ce01/11d595d1-c1a8-459e-a188-46b9fa794f69_235121502.jpeg?h=225&w=225,
310254231,Tesco Bee Mug,https://www.tesco.com/groceries/en-GB/shop/home-and-ents/all?department=Cooking%20%26%20Dining&viewAll=department&page=,£2.00,£2.00/each,,,/groceries/en-GB/products/310254231,https://digitalcontent.api.tesco.com/v2/media/ghs/2064fa16-693f-4d6a-af2b-457b4d8af4a5/8bf91061-e22b-46b4-b087-90489d89988c_1811965197.jpeg?h=225&w=225,
311463007,Hinch Grey Heart Dipping Bowl,https://www.tesco.com/groceries/en-GB/shop/home-and-ents/all?department=Cooking%20%26%20Dining&viewAll=department&page=,£1.75,£1.75/each,,,/groceries/en-GB/products/311463007,https://digitalcontent.api.tesco.com/v2/media/ghs/81e2fb4c-d8bd-4d09-bab0-bec68a294800/e48b476f-3db9-4ea4-aac4-c96cca173f63_62230459.jpeg?h=225&w=225,
312146990,Tesco Floral Die Cut Napkin 3Ply 20 Pack,https://www.tesco.com/groceries/en-GB/shop/home-and-ents/all?department=Cooking%20%26%20Dining&viewAll=department&page=,£1.50,£0.08/each,,,/groceries/en-GB/products/312146990,https://digitalcontent.api.tesco.com/v2/media/ghs/87b39f9c-83c7-45ec-8260-a0001ae29fd9/2b4ef9e5-68b1-40d2-904b-5a4fac383075_1249369477.jpeg?h=225&w=225,
310647849,Tesco Space Napkin 20 Pack,https://www.tesco.com/groceries/en-GB/shop/home-and-ents/all?department=Cooking%20%26%20Dining&viewAll=department&page=,£1.50,£0.08/each,Any 5 for 4 Clubcard Price - Cheapest Product Free - Selected Tesco Party ,,/groceries/en-GB/products/310647849,https://digitalcontent.api.tesco.com/v2/media/ghs/361d962d-45c3-4c68-b88f-6cc2f5ce127e/9c877986-7375-456d-bba7-35612c6b40b4_1754189450.jpeg?h=225&w=225,
310256957,Tesco Oxford Stainless Steel Spoons 4 Pack,https://www.tesco.com/groceries/en-GB/shop/home-and-ents/all?department=Cooking%20%26%20Dining&viewAll=department&page=,£2.50,£0.62/each,,,/groceries/en-GB/products/310256957,https://digitalcontent.api.tesco.com/v2/media/ghs/a481c49c-d2cd-425c-b90f-131404685cb7/dee69091-5d6b-45c8-9074-2322fa5261d0_1129905429.jpeg?h=225&w=225,
308122062,Tesco Superhero Napkin 20 Pack,https://www.tesco.com/groceries/en-GB/shop/home-and-ents/all?department=Cooking%20%26%20Dining&viewAll=department&page=,£1.50,£0.08/each,Any 5 for 4 Clubcard Price - Cheapest Product Free - Selected Tesco Party ,,/groceries/en-GB/products/308122062,https://digitalcontent.api.tesco.com/v2/media/ghs/2a2026f0-4bf2-4ff6-91f4-e347f2e16d38/f76b5f90-8605-4d66-96b4-e2e9aabd163c_553049670.jpeg?h=225&w=225,
310256972,Tesco Oxford Stainless Steel Latte Spoons 2 Pack,https://www.tesco.com/groceries/en-GB/shop/home-and-ents/all?department=Cooking%20%26%20Dining&viewAll=department&page=,£1.50,£0.75/each,,,/groceries/en-GB/products/310256972,https://digitalcontent.api.tesco.com/v2/media/ghs/a213795a-0a68-47d1-9aaf-6abad1ae6135/9b4b7013-69e1-42bd-9559-7c7d9b24b192_1845114094.jpeg?h=225&w=225,
309222040,Tesco Napkins Kraft 33Cm 2Ply 25Pk,https://www.tesco.com/groceries/en-GB/shop/home-and-ents/all?department=Cooking%20%26%20Dining&viewAll=department&page=,£1.00,£0.04/each,,,/groceries/en-GB/products/309222040,https://digitalcontent.api.tesco.com/v2/media/ghs/edf39b92-c43b-4ade-9f25-90e1b0b2ef23/3374e834-cac2-4042-8d61-b218b45068b5_888865360.jpeg?h=225&w=225,
310835189,Pastel Rainbow Plate 10 Pack 23Cm,https://www.tesco.com/groceries/en-GB/shop/home-and-ents/all?department=Cooking%20%26%20Dining&viewAll=department&page=,£1.50,£0.15/each,Any 5 for 4 Clubcard Price - Cheapest Product Free - Selected Tesco Party ,,/groceries/en-GB/products/310835189,https://digitalcontent.api.tesco.com/v2/media/ghs/d8539c33-3a58-43ab-98e3-c341989b1a0f/eea725ae-a7e1-4792-8eb6-464f92a7d726_884854630.jpeg?h=225&w=225,
297792373,Brita Maxtra Plus Cartridges 6 Pack,https://www.tesco.com/groceries/en-GB/shop/home-and-ents/all?department=Cooking%20%26%20Dining&viewAll=department&page=,£33.00,£5.50/each,,,/groceries/en-GB/products/297792373,https://digitalcontent.api.tesco.com/v2/media/ghs/6d20661e-01b9-41af-beda-075ec25dbd95/5d4590e8-f15d-4c29-820c-d20b3704a466.jpeg?h=225&w=225,
311462714,Fox & Ivy Alchemy Floral Tea For One,https://www.tesco.com/groceries/en-GB/shop/home-and-ents/all?department=Cooking%20%26%20Dining&viewAll=department&page=,£15.00,£15.00/each,£11.00 Clubcard Price,,/groceries/en-GB/products/311462714,https://digitalcontent.api.tesco.com/v2/media/ghs/99b2238c-83b4-4fea-a306-75753d793318/04856219-7926-4c8b-83f9-3bec6a9b2765_982031880.jpeg?h=225&w=225,
311257278,Tesco Silver Glitter 4 Pmats & Coasters,https://www.tesco.com/groceries/en-GB/shop/home-and-ents/all?department=Cooking%20%26%20Dining&viewAll=department&page=,£12.00,£1.50/each,£9.00 Clubcard Price,,/groceries/en-GB/products/311257278,https://digitalcontent.api.tesco.com/v2/media/ghs/705a1abf-6a8a-464a-b267-d6e1e37526c6/e0c94578-8581-4fef-8bbe-2b141b109e22_1808115034.jpeg?h=225&w=225,
311804766,Thermos Canteen Bottle 950Ml,https://www.tesco.com/groceries/en-GB/shop/home-and-ents/all?department=Cooking%20%26%20Dining&viewAll=department&page=,£12.00,£12.00/each,£8.00 Clubcard Price,,/groceries/en-GB/products/311804766,https://digitalcontent.api.tesco.com/v2/media/ghs/547eafad-36bf-416a-a669-253619803da7/3389a50e-4478-468a-b9ce-ec191cbd2152_1184098035.jpeg?h=225&w=225,
296534094,Tesco Insulated Travel Flask Black,https://www.tesco.com/groceries/en-GB/shop/home-and-ents/all?department=Cooking%20%26%20Dining&viewAll=department&page=,£8.00,£8.00/each,,,/groceries/en-GB/products/296534094,https://digitalcontent.api.tesco.com/v2/media/ghs/da95e7a2-922f-4534-b387-7d6e9a1abe0d/798ef516-1727-4b5d-9a31-e29a067e62ce_134254704.jpeg?h=225&w=225,
307396464,Tesco Stainless Steel Food Flask 500Ml,https://www.tesco.com/groceries/en-GB/shop/home-and-ents/all?department=Cooking%20%26%20Dining&viewAll=department&page=,£8.00,£8.00/each,,,/groceries/en-GB/products/307396464,https://digitalcontent.api.tesco.com/v2/media/ghs/b883a88f-f58c-4068-9325-d10d44d21fa1/8d7a163e-fd80-45cb-82cb-adc82fd1a101_989653732.jpeg?h=225&w=225,
296822300,Tesco Jkrbp13 Rapid Boil Black Plastic Kettle New,https://www.tesco.com/groceries/en-GB/shop/home-and-ents/all?department=Cooking%20%26%20Dining&viewAll=department&page=,£13.50,£13.50/each,,,/groceries/en-GB/products/296822300,https://digitalcontent.api.tesco.com/v2/media/ghs/558924d4-b7d8-4ade-a472-8ed189cd791b/970bbc18-77b4-4ddc-b51a-ae45d62fe6f6_2086632994.jpeg?h=225&w=225,
311520404,Tesco Wwf Stainless Steel Bottle 500Ml,https://www.tesco.com/groceries/en-GB/shop/home-and-ents/all?department=Cooking%20%26%20Dining&viewAll=department&page=,£8.00,£8.00/each,,New,/groceries/en-GB/products/311520404,https://digitalcontent.api.tesco.com/v2/media/ghs/444ea86d-541d-4009-9b11-982753f2b699/6a898e92-9378-4667-a015-8482b02ae60a_2135901208.jpeg?h=225&w=225,
308433736,Tesco Faux Leather Midnight/Taupe Placemat 4 Pack,https://www.tesco.com/groceries/en-GB/shop/home-and-ents/all?department=Cooking%20%26%20Dining&viewAll=department&page=,£8.50,£2.13/each,,,/groceries/en-GB/products/308433736,https://digitalcontent.api.tesco.com/v2/media/ghs/b24d38ae-1fc3-4b66-a429-bd38828c5827/e5b918ed-1007-4279-8f06-e4bcf585ab78_75227356.jpeg?h=225&w=225,
294650984,Salter 1063 Kitchen Scale,https://www.tesco.com/groceries/en-GB/shop/home-and-ents/all?department=Cooking%20%26%20Dining&viewAll=department&page=,£10.00,£10.00/each,,,/groceries/en-GB/products/294650984,https://digitalcontent.api.tesco.com/v2/media/ghs/1a9c0a03-6fa5-4fed-8aac-ec11e21b536d/54c5e950-00a6-4141-8454-aa6b053c515c_2111648706.jpeg?h=225&w=225,
304596629,Tesco Mixer 4 Pack,https://www.tesco.com/groceries/en-GB/shop/home-and-ents/all?department=Cooking%20%26%20Dining&viewAll=department&page=,£5.00,£1.25/each,,,/groceries/en-GB/products/304596629,https://digitalcontent.api.tesco.com/v2/media/ghs/ca82dc38-4c20-43f1-8df4-a71284f94ca4/6144cdae-a001-49b3-a3d3-2e25722afd14_151010130.jpeg?h=225&w=225,
308434672,Tesco Stemless Prosecco 4 Pack,https://www.tesco.com/groceries/en-GB/shop/home-and-ents/all?department=Cooking%20%26%20Dining&viewAll=department&page=,£6.00,£1.50/each,,,/groceries/en-GB/products/308434672,https://digitalcontent.api.tesco.com/v2/media/ghs/c49b3ffe-9185-40e0-a1e7-0f2a5d794e51/69786b8f-ea88-4b3c-8101-9d09a1451c72_1703154223.jpeg?h=225&w=225,
307788611,Tesco Push Top Food Storage White 1L,https://www.tesco.com/groceries/en-GB/shop/home-and-ents/all?department=Cooking%20%26%20Dining&viewAll=department&page=,£4.00,£4.00/each,,,/groceries/en-GB/products/307788611,https://digitalcontent.api.tesco.com/v2/media/ghs/7f16d6ca-912d-49fd-8b50-fbe16ed85e7a/d0989863-5e52-4cf8-940f-dab9ad62685b_1663038393.jpeg?h=225&w=225,
255512384,Pyrex 1.0L Bowl,https://www.tesco.com/groceries/en-GB/shop/home-and-ents/all?department=Cooking%20%26%20Dining&viewAll=department&page=,£4.50,£4.50/each,,,/groceries/en-GB/products/255512384,https://digitalcontent.api.tesco.com/v2/media/ghs/2d9ed8c4-2692-49ae-8b98-d904714002b6/ab5bf95f-cc07-4137-abae-54af9f275c89_966442459.jpeg?h=225&w=225,
303276394,Fox & Ivy Nero Large Mug,https://www.tesco.com/groceries/en-GB/shop/home-and-ents/all?department=Cooking%20%26%20Dining&viewAll=department&page=,£5.00,£5.00/each,,,/groceries/en-GB/products/303276394,https://digitalcontent.api.tesco.com/v2/media/ghs/63d1a4da-0227-417d-909a-be86346d6bed/c4261993-e790-4f44-aa48-78fdc813fd96_1632768184.jpeg?h=225&w=225,
308435302,Fox & Ivy Scarlett Mug,https://www.tesco.com/groceries/en-GB/shop/home-and-ents/all?department=Cooking%20%26%20Dining&viewAll=department&page=,£5.00,£5.00/each,,,/groceries/en-GB/products/308435302,https://digitalcontent.api.tesco.com/v2/media/ghs/abf62d86-6147-4ae2-bf05-d4c934104bd0/270637fb-a65f-4c40-b1b4-be7450bc3618_1322039492.jpeg?h=225&w=225,
296663080,Tesco Klipfresh Rectangle 4.8L,https://www.tesco.com/groceries/en-GB/shop/home-and-ents/all?department=Cooking%20%26%20Dining&viewAll=department&page=,£6.75,£6.75/each,Any 3 for 2 Clubcard Price - Cheapest Product Free - Selected Klipfresh 3  For 2 ,,/groceries/en-GB/products/296663080,https://digitalcontent.api.tesco.com/v2/media/ghs/43d7e137-82ae-428f-a093-664a91a44e93/edce6293-996a-44da-97b5-765979f177f3_1191229325.jpeg?h=225&w=225,
309629469,Tesco Spring Form Cake Tin 23Cm,https://www.tesco.com/groceries/en-GB/shop/home-and-ents/all?department=Cooking%20%26%20Dining&viewAll=department&page=,£5.00,£5.00/each,,,/groceries/en-GB/products/309629469,https://digitalcontent.api.tesco.com/v2/media/ghs/b8f20015-c697-4aa4-a25c-c702be5a5862/7e367564-27dc-4ad9-9bc9-4d76fed5e20e_1316996926.jpeg?h=225&w=225,
295752741,Tesco Chopping Board 3 Pack,https://www.tesco.com/groceries/en-GB/shop/home-and-ents/all?department=Cooking%20%26%20Dining&viewAll=department&page=,£4.50,£1.50/each,,,/groceries/en-GB/products/295752741,https://digitalcontent.api.tesco.com/v2/media/ghs/6a7e72bf-e91f-4249-9a91-51a89b7f3a92/9eca091a-cfe4-44da-b21d-686fe56975b9_62980690.jpeg?h=225&w=225,
310703835,Tesco Water Filter Jug 2.4L 30 Day,https://www.tesco.com/groceries/en-GB/shop/home-and-ents/all?department=Cooking%20%26%20Dining&viewAll=department&page=,£7.50,£7.50/each,,,/groceries/en-GB/products/310703835,https://digitalcontent.api.tesco.com/v2/media/ghs/9235b60f-17fc-4148-b0c1-cad9296ebe53/1a9fad80-1f00-4074-8411-750e013701ff_867479488.jpeg?h=225&w=225,
310246771,Fox & Ivy Blue And White Stoneware Mug,https://www.tesco.com/groceries/en-GB/shop/home-and-ents/all?department=Cooking%20%26%20Dining&viewAll=department&page=,£4.50,£4.50/each,,,/groceries/en-GB/products/310246771,https://digitalcontent.api.tesco.com/v2/media/ghs/55da1600-87e0-4882-b6ec-8673e63b3f25/22602e6d-ad75-4ec6-9d1a-73b3052ce514_675968131.jpeg?h=225&w=225,
296138570,Tesco Black Cafetiere 3 Cup,https://www.tesco.com/groceries/en-GB/shop/home-and-ents/all?department=Cooking%20%26%20Dining&viewAll=department&page=,£5.00,£5.00/each,,,/groceries/en-GB/products/296138570,https://digitalcontent.api.tesco.com/v2/media/ghs/f4b7c21a-06dd-4972-bf01-e105430f123e/f53ca0e3-82a0-4a10-8bb4-2dd1a42de3dd_1896659578.jpeg?h=225&w=225,
301214949,Sistema Take Alongs Rectangle 950Ml 3 Pack,https://www.tesco.com/groceries/en-GB/shop/home-and-ents/all?department=Cooking%20%26%20Dining&viewAll=department&page=,£5.00,£1.67/each,,,/groceries/en-GB/products/301214949,https://digitalcontent.api.tesco.com/v2/media/ghs/a2fe6b18-a0ef-4a48-ad07-4035915bc8c9/fb7827ab-69a1-4e9a-a97c-b1f89a07ea26_268335777.jpeg?h=225&w=225,
309795403,Tesco Grey Tracker Bottle 550Ml,https://www.tesco.com/groceries/en-GB/shop/home-and-ents/all?department=Cooking%20%26%20Dining&viewAll=department&page=,£4.00,£4.00/each,,,/groceries/en-GB/products/309795403,https://digitalcontent.api.tesco.com/v2/media/ghs/3f9e6fb8-cb46-4eae-b295-158204e40c19/3816e43f-e1c4-43da-86bd-1ef69384942e_854452690.jpeg?h=225&w=225,
306245569,Tesco Glass Food Storage 1L,https://www.tesco.com/groceries/en-GB/shop/home-and-ents/all?department=Cooking%20%26%20Dining&viewAll=department&page=,£4.00,£4.00/each,,,/groceries/en-GB/products/306245569,https://digitalcontent.api.tesco.com/v2/media/ghs/bb1d0582-93f8-4d29-964c-c437c018d875/70394dbe-2ee2-43eb-8c41-1126a7e1755c_1549045546.jpeg?h=225&w=225,
311683988,Minecraft Bottle,https://www.tesco.com/groceries/en-GB/shop/home-and-ents/all?department=Cooking%20%26%20Dining&viewAll=department&page=,£4.00,£4.00/each,,,/groceries/en-GB/products/311683988,https://digitalcontent.api.tesco.com/v2/media/ghs/f40a5a9d-e136-47e8-a198-b164981f6857/af14846d-52af-445b-9f54-6d5b5a28767f_983768992.jpeg?h=225&w=225,
303687190,Tesco Stainless Steel Masher,https://www.tesco.com/groceries/en-GB/shop/home-and-ents/all?department=Cooking%20%26%20Dining&viewAll=department&page=,£3.50,£3.50/each,,,/groceries/en-GB/products/303687190,https://digitalcontent.api.tesco.com/v2/media/ghs/fb0440ce-d353-4784-8fa7-e160fb705ab4/d850ef81-43ba-4dbc-89eb-6656f465d2eb_821805475.jpeg?h=225&w=225,
310330072,Fox & Ivy Slate Reactive Mug,https://www.tesco.com/groceries/en-GB/shop/home-and-ents/all?department=Cooking%20%26%20Dining&viewAll=department&page=,£3.50,£3.50/each,,,/groceries/en-GB/products/310330072,https://digitalcontent.api.tesco.com/v2/media/ghs/aa330734-cea2-4d7e-a62d-6cf2bc155744/9730288d-6f11-4bdc-9d91-e60c526c84b0_1458395976.jpeg?h=225&w=225,
303687247,Tesco Stainless Steel Ice Cream Scoop,https://www.tesco.com/groceries/en-GB/shop/home-and-ents/all?department=Cooking%20%26%20Dining&viewAll=department&page=,£3.50,£3.50/each,,,/groceries/en-GB/products/303687247,https://digitalcontent.api.tesco.com/v2/media/ghs/d55ef311-8a40-4691-9bff-7d1c4502c52a/c0165fcc-1043-487a-ade4-74aa781afb3f_542401959.jpeg?h=225&w=225,
302131613,Tesco Faux Leather Black/Cream Coaster 4 Pack,https://www.tesco.com/groceries/en-GB/shop/home-and-ents/all?department=Cooking%20%26%20Dining&viewAll=department&page=,£3.50,£0.88/each,,,/groceries/en-GB/products/302131613,https://digitalcontent.api.tesco.com/v2/media/ghs/de63a5d7-5ce2-4237-8399-c264adbf45b6/b3159397-c92b-4cbb-b6e6-ae9a2ac22f1b_1527730734.jpeg?h=225&w=225,
309629417,Tesco Loose Base Cake Tin 12Cm,https://www.tesco.com/groceries/en-GB/shop/home-and-ents/all?department=Cooking%20%26%20Dining&viewAll=department&page=,£3.00,£3.00/each,,,/groceries/en-GB/products/309629417,https://digitalcontent.api.tesco.com/v2/media/ghs/6b8bce56-f982-459c-aeef-6b8d536db503/e6c2d40e-20da-466f-83e2-8ad3dcbdc494_1392455868.jpeg?h=225&w=225,
311463114,Tesco Aura Pasta Bowl Matte Black,https://www.tesco.com/groceries/en-GB/shop/home-and-ents/all?department=Cooking%20%26%20Dining&viewAll=department&page=,£3.50,£3.50/each,,,/groceries/en-GB/products/311463114,https://digitalcontent.api.tesco.com/v2/media/ghs/a81a4dd4-dfce-4f8f-87c6-cced689d5861/ef2ab1ac-6fc8-4626-8f98-54fcf32dfde2_1043108312.jpeg?h=225&w=225,
304596641,Tesco Shot Glass 4 Pack,https://www.tesco.com/groceries/en-GB/shop/home-and-ents/all?department=Cooking%20%26%20Dining&viewAll=department&page=,£2.50,£0.62/each,,,/groceries/en-GB/products/304596641,https://digitalcontent.api.tesco.com/v2/media/ghs/1e760634-9af5-46b7-ba5a-95cff26ef95a/2b0e4d78-952e-4c05-a560-9e0944056e64_1634458717.jpeg?h=225&w=225,
310597003,Tesco Bone China Floral Mug,https://www.tesco.com/groceries/en-GB/shop/home-and-ents/all?department=Cooking%20%26%20Dining&viewAll=department&page=,£3.00,£3.00/each,,,/groceries/en-GB/products/310597003,https://digitalcontent.api.tesco.com/v2/media/ghs/fc64bae8-6d68-43c8-b37b-bc8b1241ba7e/2f57e1ea-8764-466f-b47a-2e2ab3f187b6_1478485890.jpeg?h=225&w=225,
310246727,Tesco Red Wide Stripe Mug,https://www.tesco.com/groceries/en-GB/shop/home-and-ents/all?department=Cooking%20%26%20Dining&viewAll=department&page=,£3.00,£3.00/each,£2.25 Clubcard Price,,/groceries/en-GB/products/310246727,https://digitalcontent.api.tesco.com/v2/media/ghs/ab65a376-cf50-4052-8c2f-af25a1071b15/4a9d2b0e-e0c3-4a2c-8cb3-92f798b77760_320771845.jpeg?h=225&w=225,
311353763,Tesco Grey Marble Mug,https://www.tesco.com/groceries/en-GB/shop/home-and-ents/all?department=Cooking%20%26%20Dining&viewAll=department&page=,£3.00,£3.00/each,,,/groceries/en-GB/products/311353763,https://digitalcontent.api.tesco.com/v2/media/ghs/edae0a04-be67-4a61-b021-aff7c1e014bd/0e59d4aa-3643-44de-9de7-ca8d0f1c92d0_1219694150.jpeg?h=225&w=225,
311521109,Tesco Bright Hearts Tea Toewl 2 Pack,https://www.tesco.com/groceries/en-GB/shop/home-and-ents/all?department=Cooking%20%26%20Dining&viewAll=department&page=,£3.50,£1.75/each,,,/groceries/en-GB/products/311521109,https://digitalcontent.api.tesco.com/v2/media/ghs/aa75bbf8-799c-43bb-bc5d-144389fd3d54/99e66056-853c-4fcc-8b34-fe2c1982a68b_1511536032.jpeg?h=225&w=225,
306120948,Tesco Sahara Round Placemat Black,https://www.tesco.com/groceries/en-GB/shop/home-and-ents/all?department=Cooking%20%26%20Dining&viewAll=department&page=,£3.50,£3.50/each,,,/groceries/en-GB/products/306120948,https://digitalcontent.api.tesco.com/v2/media/ghs/46474e13-f0dd-4e09-9311-672153e19df4/3c364839-59b6-4b80-a0d3-4aba8b54d85d_2146287233.jpeg?h=225&w=225,
308435043,Tesco Hearts Mug,https://www.tesco.com/groceries/en-GB/shop/home-and-ents/all?department=Cooking%20%26%20Dining&viewAll=department&page=,£2.50,£2.50/each,,,/groceries/en-GB/products/308435043,https://digitalcontent.api.tesco.com/v2/media/ghs/395c1d58-505c-4606-adb7-872919d2c18a/6a5264b5-b835-4941-b6c9-06f865341eb5_1954232982.jpeg?h=225&w=225,
295752990,Tesco Stainless Steel Tongs,https://www.tesco.com/groceries/en-GB/shop/home-and-ents/all?department=Cooking%20%26%20Dining&viewAll=department&page=,£2.25,£2.25/each,,,/groceries/en-GB/products/295752990,https://digitalcontent.api.tesco.com/v2/media/ghs/41be81ad-19b1-41a2-bb72-c10a3bd7a59b/224b0f18-aa11-4f31-ad97-45f1e30bc60d_1423214890.jpeg?h=225&w=225,
306120430,Tesco Aura Cereal Sea Green,https://www.tesco.com/groceries/en-GB/shop/home-and-ents/all?department=Cooking%20%26%20Dining&viewAll=department&page=,£2.25,£2.25/each,,,/groceries/en-GB/products/306120430,https://digitalcontent.api.tesco.com/v2/media/ghs/1efa13b9-843f-4ce6-837c-57f8f9a05401/22cccff6-60d8-4d83-8c0d-1b854b86d6a7_1501399921.jpeg?h=225&w=225,
303687184,Tesco Nylon Turner,https://www.tesco.com/groceries/en-GB/shop/home-and-ents/all?department=Cooking%20%26%20Dining&viewAll=department&page=,£2.00,£2.00/each,,,/groceries/en-GB/products/303687184,https://digitalcontent.api.tesco.com/v2/media/ghs/ffda6bd4-f3d6-4a97-9a60-778ec1f97918/56ae4f82-721c-49c5-9653-11b192075336_482338270.jpeg?h=225&w=225,
308664537,Tesco Plastic Colander,https://www.tesco.com/groceries/en-GB/shop/home-and-ents/all?department=Cooking%20%26%20Dining&viewAll=department&page=,£1.50,£1.50/each,,,/groceries/en-GB/products/308664537,https://digitalcontent.api.tesco.com/v2/media/ghs/b865f5bb-f747-49c0-ab1f-54abe380663b/41d5aae1-e619-4a61-8613-472de4044a3d_1774519468.jpeg?h=225&w=225,
310246598,Tesco Fun Dogs Mug,https://www.tesco.com/groceries/en-GB/shop/home-and-ents/all?department=Cooking%20%26%20Dining&viewAll=department&page=,£2.50,£2.50/each,£1.85 Clubcard Price,,/groceries/en-GB/products/310246598,https://digitalcontent.api.tesco.com/v2/media/ghs/a8883470-e576-464c-ad19-0376a0fa890c/ad483a62-1408-426e-b6f3-42796817c5a1_1083911950.jpeg?h=225&w=225,
253336250,Tesco Handheld Flat Grater,https://www.tesco.com/groceries/en-GB/shop/home-and-ents/all?department=Cooking%20%26%20Dining&viewAll=department&page=,£1.00,£1.00/each,,,/groceries/en-GB/products/253336250,https://digitalcontent.api.tesco.com/v2/media/ghs/90f9c653-533c-4ff6-8ad6-9c68a6277de2/005d4fe5-6e0d-4445-a793-ad6668f3ae90_717260342.jpeg?h=225&w=225,
312574298,Joseph Joseph Gry Duo Chopping Board Set 3Pce,https://www.tesco.com/groceries/en-GB/shop/home-and-ents/all?department=Cooking%20%26%20Dining&viewAll=department&page=,£30.00,£30.00/each,,,/groceries/en-GB/products/312574298,https://digitalcontent.api.tesco.com/v2/media/ghs/949e5e3d-45cf-4e12-8cf7-ea15528ebc50/54386b40-a528-49d9-b84d-b2219a29088e_664885259.jpeg?h=225&w=225,
308274872,Tefal Titanium Excellence Aluminium 28Cm Frying Pan,https://www.tesco.com/groceries/en-GB/shop/home-and-ents/all?department=Cooking%20%26%20Dining&viewAll=department&page=,£24.00,£24.00/each,£16.00 Clubcard Price,,/groceries/en-GB/products/308274872,https://digitalcontent.api.tesco.com/v2/media/ghs/1e861f9d-2bea-4b6b-b838-926bf8aa7593/10e0d5c8-19b8-4006-8825-0c8a9f353bb3_1714823672.jpeg?h=225&w=225,
308232489,Tefal Titanium Excellence Aluminium 24Cm Frying Pan,https://www.tesco.com/groceries/en-GB/shop/home-and-ents/all?department=Cooking%20%26%20Dining&viewAll=department&page=,£22.00,£22.00/each,£14.50 Clubcard Price,,/groceries/en-GB/products/308232489,https://digitalcontent.api.tesco.com/v2/media/ghs/8077e007-aed0-4fcc-a7f9-8afc4ad87bec/f93a498f-1d75-4e52-9241-62514de50d12_2044993065.jpeg?h=225&w=225,
306845690,Sistema Klip It Plus 7.5L,https://www.tesco.com/groceries/en-GB/shop/home-and-ents/all?department=Cooking%20%26%20Dining&viewAll=department&page=,£10.00,£10.00/each,,,/groceries/en-GB/products/306845690,https://digitalcontent.api.tesco.com/v2/media/ghs/65bd398a-e8b1-42b8-9c0f-34806a3663f9/5b5a0b1e-7674-4c1e-88da-0f29e27ad9cd_1263394198.jpeg?h=225&w=225,
311757809,Tesco Jk22 1.7L Stainless Steel Kettle,https://www.tesco.com/groceries/en-GB/shop/home-and-ents/all?department=Cooking%20%26%20Dining&viewAll=department&page=,£15.00,£15.00/each,,New,/groceries/en-GB/products/311757809,https://digitalcontent.api.tesco.com/v2/media/ghs/fd6e6425-e634-4c36-b734-0d894aa10ed2/c4c4e04d-8ba3-47d2-86bc-c44a0a335689_872526405.jpeg?h=225&w=225,
311870191,Tesco Belonging Robin Serving Bowl,https://www.tesco.com/groceries/en-GB/shop/home-and-ents/all?department=Cooking%20%26%20Dining&viewAll=department&page=,£10.00,£10.00/each,,,/groceries/en-GB/products/311870191,https://digitalcontent.api.tesco.com/v2/media/ghs/2eb40604-06f6-494a-8ac6-b3539a4db76e/65226805-589e-401a-8d17-8e0480b58111_76155891.jpeg?h=225&w=225,
303676888,Tesco Bamboo Chopping Board Large,https://www.tesco.com/groceries/en-GB/shop/home-and-ents/all?department=Cooking%20%26%20Dining&viewAll=department&page=,£6.50,£6.50/each,,,/groceries/en-GB/products/303676888,https://digitalcontent.api.tesco.com/v2/media/ghs/2778d26b-36ec-4e28-bd47-3e316b110c99/8f2074e9-daa7-41a8-babf-810589db91ff_25091190.jpeg?h=225&w=225,
295155768,Tesco Aluminium Saucepan 16Cm,https://www.tesco.com/groceries/en-GB/shop/home-and-ents/all?department=Cooking%20%26%20Dining&viewAll=department&page=,£11.00,£11.00/each,£8.25 Clubcard Price,,/groceries/en-GB/products/295155768,https://digitalcontent.api.tesco.com/v2/media/ghs-mktg/b0b04216-fa73-466d-a9d7-c9fcfa1ce9b3/no-image.jpeg,
299940397,Tesco 3 Piece Pan Set,https://www.tesco.com/groceries/en-GB/shop/home-and-ents/all?department=Cooking%20%26%20Dining&viewAll=department&page=,£11.00,£11.00/each,,,/groceries/en-GB/products/299940397,https://digitalcontent.api.tesco.com/v2/media/ghs/f2cd824b-983d-4362-a63d-634f897b958b/9d5508a4-772d-4a5d-9266-2527c85716f0_112263060.jpeg?h=225&w=225,
295751195,Go Cook Easy Release Can Opener,https://www.tesco.com/groceries/en-GB/shop/home-and-ents/all?department=Cooking%20%26%20Dining&viewAll=department&page=,£6.50,£6.50/each,,,/groceries/en-GB/products/295751195,https://digitalcontent.api.tesco.com/v2/media/ghs/eb81e753-0e45-462b-9a0d-67800262ac29/e014aa05-9ca4-4034-91e6-ed385a2c5fb5_923209566.jpeg?h=225&w=225,
311353777,Fox & Ivy Relaxed Stacking Mugs,https://www.tesco.com/groceries/en-GB/shop/home-and-ents/all?department=Cooking%20%26%20Dining&viewAll=department&page=,£7.00,£7.00/each,,,/groceries/en-GB/products/311353777,https://digitalcontent.api.tesco.com/v2/media/ghs/0cb77dd0-9589-4d78-9a7a-8b04a84511e1/e6d534d5-9b54-41e1-b87c-20c157f204b1_1000549123.jpeg?h=225&w=225,
309795432,Tesco Grey Sipper Bottle 750Ml,https://www.tesco.com/groceries/en-GB/shop/home-and-ents/all?department=Cooking%20%26%20Dining&viewAll=department&page=,£6.00,£6.00/each,,,/groceries/en-GB/products/309795432,https://digitalcontent.api.tesco.com/v2/media/ghs/f1b04500-8cc0-43c2-8aac-0d2f2de5110a/41dd1ed8-bdb4-4591-82ff-bb556357fd5d_631040287.jpeg?h=225&w=225,
305154944,Joie Silicon Straw 6 Pack,https://www.tesco.com/groceries/en-GB/shop/home-and-ents/all?department=Cooking%20%26%20Dining&viewAll=department&page=,£4.25,£0.71/each,,,/groceries/en-GB/products/305154944,https://digitalcontent.api.tesco.com/v2/media/ghs/a6e76da4-0ad1-4f8d-975b-1feb286d6b00/9bb5eaf5-d720-4c98-a475-493a7a3e58b1_1884333564.jpeg?h=225&w=225,
310254542,Go Cook Pizza Platter,https://www.tesco.com/groceries/en-GB/shop/home-and-ents/all?department=Cooking%20%26%20Dining&viewAll=department&page=,£6.00,£6.00/each,,,/groceries/en-GB/products/310254542,https://digitalcontent.api.tesco.com/v2/media/ghs/965b1f8e-90a3-4112-9cec-1bc2b8304583/86c31433-9b1d-4c52-b15b-b532179b996c_1439289810.jpeg?h=225&w=225,
296348850,Tesco Trivet,https://www.tesco.com/groceries/en-GB/shop/home-and-ents/all?department=Cooking%20%26%20Dining&viewAll=department&page=,£6.00,£6.00/each,,,/groceries/en-GB/products/296348850,https://digitalcontent.api.tesco.com/v2/media/ghs/223ac66e-0d58-460d-b307-6bac587fee78/7520beb8-a46a-48fc-b998-f6e9444b6c9a_1505533197.jpeg?h=225&w=225,
308434856,Tesco Black Dobby Tea Towel 4 Pack,https://www.tesco.com/groceries/en-GB/shop/home-and-ents/all?department=Cooking%20%26%20Dining&viewAll=department&page=,£6.00,£1.50/each,,,/groceries/en-GB/products/308434856,https://digitalcontent.api.tesco.com/v2/media/ghs/b5b7f2ea-ebee-4105-8c8d-88a7e11c62b8/94de7d55-2ff4-4804-9239-89c22b7637c7_2073172073.jpeg?h=225&w=225,
311353740,Fox & Ivy Black Silver Leaf Print Mug,https://www.tesco.com/groceries/en-GB/shop/home-and-ents/all?department=Cooking%20%26%20Dining&viewAll=department&page=,£5.00,£5.00/each,,,/groceries/en-GB/products/311353740,https://digitalcontent.api.tesco.com/v2/media/ghs/76019249-edb5-423a-97c4-a184ebcc732a/ab6f55d9-92af-4421-9497-6aba3e843d97_1380937626.jpeg?h=225&w=225,
309795455,Tesco Navy 750Ml Chugger Bottle,https://www.tesco.com/groceries/en-GB/shop/home-and-ents/all?department=Cooking%20%26%20Dining&viewAll=department&page=,£6.00,£6.00/each,,,/groceries/en-GB/products/309795455,https://digitalcontent.api.tesco.com/v2/media/ghs/9d885919-bd86-4191-a77d-8189203f37f7/334112ee-e21a-48bc-b5c2-ad59368cb8d2_2099050561.jpeg?h=225&w=225,
304852049,Tesco Bondi Mug,https://www.tesco.com/groceries/en-GB/shop/home-and-ents/all?department=Cooking%20%26%20Dining&viewAll=department&page=,£3.50,£3.50/each,,,/groceries/en-GB/products/304852049,https://digitalcontent.api.tesco.com/v2/media/ghs/c114b213-409b-4839-a67d-2a5797210d84/1f750fc3-c263-4415-8c36-b506570524ed_515683401.jpeg?h=225&w=225,
303676894,Tesco Bamboo Chopping Board Small,https://www.tesco.com/groceries/en-GB/shop/home-and-ents/all?department=Cooking%20%26%20Dining&viewAll=department&page=,£4.00,£4.00/each,,,/groceries/en-GB/products/303676894,https://digitalcontent.api.tesco.com/v2/media/ghs/6baff7ba-ce26-4ec8-98be-71439cbe30d6/72e4e837-a265-431b-9b99-2b4f2e311571_1003070771.jpeg?h=225&w=225,
307241832,Tesco Timeless Cocktail Glass 2 Pack,https://www.tesco.com/groceries/en-GB/shop/home-and-ents/all?department=Cooking%20%26%20Dining&viewAll=department&page=,£5.00,£2.50/each,,,/groceries/en-GB/products/307241832,https://digitalcontent.api.tesco.com/v2/media/ghs/a4c5d7e9-d033-4f54-b766-ab0567490125/19aedcc0-8f27-44bc-ad82-c8c1d07efde1_1378022946.jpeg?h=225&w=225,
255512418,Pyrex 1.0L Measuring Jug,https://www.tesco.com/groceries/en-GB/shop/home-and-ents/all?department=Cooking%20%26%20Dining&viewAll=department&page=,£6.00,£6.00/each,,,/groceries/en-GB/products/255512418,https://digitalcontent.api.tesco.com/v2/media/ghs/cd237045-ff1d-4e05-8c43-39cbbb4dd728/1d441f14-c2be-4915-9de6-70302c28ca01_1829601134.jpeg?h=225&w=225,
295157288,Tesco Glass Square Roaster 21 Cm,https://www.tesco.com/groceries/en-GB/shop/home-and-ents/all?department=Cooking%20%26%20Dining&viewAll=department&page=,£4.50,£4.50/each,,,/groceries/en-GB/products/295157288,https://digitalcontent.api.tesco.com/v2/media/ghs/42f17d1c-31b3-4125-99cc-c36adb08952b/ca001842-88fc-4ef6-97d9-39d2a65e2a54_1407121020.jpeg?h=225&w=225,
295752983,Go Cook Stainless Steel Tongs,https://www.tesco.com/groceries/en-GB/shop/home-and-ents/all?department=Cooking%20%26%20Dining&viewAll=department&page=,£5.00,£5.00/each,,,/groceries/en-GB/products/295752983,https://digitalcontent.api.tesco.com/v2/media/ghs/d461f9aa-1cbe-452a-b748-d7bba9d2fab4/73704abc-bd57-4060-af56-d7892c8d16db_1926554202.jpeg?h=225&w=225,
311432353,Core Supply Ceramic Dog Bowl,https://www.tesco.com/groceries/en-GB/shop/home-and-ents/all?department=Cooking%20%26%20Dining&viewAll=department&page=,£4.00,£4.00/each,,,/groceries/en-GB/products/311432353,https://digitalcontent.api.tesco.com/v2/media/ghs/b6c5e05b-f037-4376-9eb7-10f250bd3f8e/6c201993-d5ce-445f-b1ec-4251329bd787_493498642.jpeg?h=225&w=225,
300408820,Go Cook Silicone Spatula,https://www.tesco.com/groceries/en-GB/shop/home-and-ents/all?department=Cooking%20%26%20Dining&viewAll=department&page=,£4.00,£4.00/each,,,/groceries/en-GB/products/300408820,https://digitalcontent.api.tesco.com/v2/media/ghs/9fb9fb61-6e13-4136-bf8b-5a14c1922b4b/53196d4d-2f58-4128-8594-fc603630cbd6_450576231.jpeg?h=225&w=225,
258077156,Tesco Store And Pour 2 Pack,https://www.tesco.com/groceries/en-GB/shop/home-and-ents/all?department=Cooking%20%26%20Dining&viewAll=department&page=,£4.00,£2.00/each,,,/groceries/en-GB/products/258077156,https://digitalcontent.api.tesco.com/v2/media/ghs/eab94198-89cc-44ee-97fd-5a84d243da4d/a17ce1ce-990c-4602-9886-f3c5b6db18db_1962754738.jpeg?h=225&w=225,
309121044,Hinch Heart Medium Bowl,https://www.tesco.com/groceries/en-GB/shop/home-and-ents/all?department=Cooking%20%26%20Dining&viewAll=department&page=,£4.00,£4.00/each,,,/groceries/en-GB/products/309121044,https://digitalcontent.api.tesco.com/v2/media/ghs/af258308-e327-4dde-9166-35230365a22a/6c05b64f-b39b-486b-8f81-36e227887ab1_1774638156.jpeg?h=225&w=225,
306120390,Tesco Nova Porcelain Egg Cup 4 Pack,https://www.tesco.com/groceries/en-GB/shop/home-and-ents/all?department=Cooking%20%26%20Dining&viewAll=department&page=,£3.00,£0.75/each,,,/groceries/en-GB/products/306120390,https://digitalcontent.api.tesco.com/v2/media/ghs/89a23b62-5f51-456b-ad86-2a85a916f4ca/d0b5e634-9854-46c4-8b1d-24274e463a57_207938217.jpeg?h=225&w=225,
308611232,Tesco Lunchbox With Cutlery,https://www.tesco.com/groceries/en-GB/shop/home-and-ents/all?department=Cooking%20%26%20Dining&viewAll=department&page=,£4.00,£4.00/each,,,/groceries/en-GB/products/308611232,https://digitalcontent.api.tesco.com/v2/media/ghs/65db5a0e-7293-45d4-8844-ae95ea3c54be/b72945ae-184e-425b-8fa2-8b214296dcd9_2030415242.jpeg?h=225&w=225,
282245322,Sistema Sandwich Box To Go,https://www.tesco.com/groceries/en-GB/shop/home-and-ents/all?department=Cooking%20%26%20Dining&viewAll=department&page=,£3.50,£3.50/each,,,/groceries/en-GB/products/282245322,https://digitalcontent.api.tesco.com/v2/media/ghs/2426a74d-9b20-400a-a9c2-c72001fc8b8c/6577312d-17c4-4fd2-a522-a6a075335f64_1902038084.jpeg?h=225&w=225,
296663021,Tesco Klipfresh Round 1L,https://www.tesco.com/groceries/en-GB/shop/home-and-ents/all?department=Cooking%20%26%20Dining&viewAll=department&page=,£3.25,£3.25/each,Any 3 for 2 Clubcard Price - Cheapest Product Free - Selected Klipfresh 3  For 2 ,,/groceries/en-GB/products/296663021,https://digitalcontent.api.tesco.com/v2/media/ghs/0101a4d3-dc36-4838-95ea-ecd2247cee35/9cba00d0-f39b-484e-a646-61c0b93434a6_1448429067.jpeg?h=225&w=225,
295751477,Tesco Grater & Storer,https://www.tesco.com/groceries/en-GB/shop/home-and-ents/all?department=Cooking%20%26%20Dining&viewAll=department&page=,£2.75,£2.75/each,,,/groceries/en-GB/products/295751477,https://digitalcontent.api.tesco.com/v2/media/ghs/a3e0cbc3-d75e-46cb-878b-887d2cf49e04/46f05d2c-eed8-428d-9db6-59bf0251ab68_1811912592.jpeg?h=225&w=225,
295751713,Tesco Stainless Steel Reversible Cookie Cutter,https://www.tesco.com/groceries/en-GB/shop/home-and-ents/all?department=Cooking%20%26%20Dining&viewAll=department&page=,£3.25,£3.25/each,,,/groceries/en-GB/products/295751713,https://digitalcontent.api.tesco.com/v2/media/ghs/9a6e5515-d366-42ba-9614-448ae5d26f27/72fbbae2-c51d-4f81-8603-eb8841de9803_1174537985.jpeg?h=225&w=225,
275520476,Tesco Stainless Steel Travel Mug 450Ml,https://www.tesco.com/groceries/en-GB/shop/home-and-ents/all?department=Cooking%20%26%20Dining&viewAll=department&page=,£3.00,£3.00/each,,,/groceries/en-GB/products/275520476,https://digitalcontent.api.tesco.com/v2/media/ghs/f6d6157e-7f75-426f-bacb-7d5c818dbb3a/6c17f3c9-a4ad-4072-9768-de0de1b076b4_1798576607.jpeg?h=225&w=225,
308972397,Tesco Coffee Cup 350Ml,https://www.tesco.com/groceries/en-GB/shop/home-and-ents/all?department=Cooking%20%26%20Dining&viewAll=department&page=,£2.50,£2.50/each,,,/groceries/en-GB/products/308972397,https://digitalcontent.api.tesco.com/v2/media/ghs/9b4a7da1-2182-4073-9d8a-c5c69b27fec1/2cc51888-b01b-4882-84b4-e66f45c74770_1585505171.jpeg?h=225&w=225,
303687178,Tesco Nylon Solid Spoon,https://www.tesco.com/groceries/en-GB/shop/home-and-ents/all?department=Cooking%20%26%20Dining&viewAll=department&page=,£2.00,£2.00/each,,,/groceries/en-GB/products/303687178,https://digitalcontent.api.tesco.com/v2/media/ghs/2c9adf1a-d675-44e6-b964-07e6c518840f/07707749-2092-4671-81d3-97e4f90dbd7a_51468953.jpeg?h=225&w=225,
303687155,Tesco Nylon Ladle,https://www.tesco.com/groceries/en-GB/shop/home-and-ents/all?department=Cooking%20%26%20Dining&viewAll=department&page=,£2.00,£2.00/each,,,/groceries/en-GB/products/303687155,https://digitalcontent.api.tesco.com/v2/media/ghs/d4d7c256-bb77-427b-9289-d226a28ebceb/bb0aa3e2-da4c-4f86-823c-97e09c93572d_1090820504.jpeg?h=225&w=225,
312146984,Tesco Art Deco Napkin 33Cm 3Ply 20 Pack,https://www.tesco.com/groceries/en-GB/shop/home-and-ents/all?department=Cooking%20%26%20Dining&viewAll=department&page=,£1.50,£0.08/each,,,/groceries/en-GB/products/312146984,https://digitalcontent.api.tesco.com/v2/media/ghs/38aae49d-4225-4a72-8b2c-e3a090c4a3cd/084dfbb9-63ca-4e0b-b49b-5fc9580dd8a5_769937962.jpeg?h=225&w=225,
310835195,Pastel Rainbow Napkin 20 Pack,https://www.tesco.com/groceries/en-GB/shop/home-and-ents/all?department=Cooking%20%26%20Dining&viewAll=department&page=,£1.50,£0.08/each,Any 5 for 4 Clubcard Price - Cheapest Product Free - Selected Tesco Party ,,/groceries/en-GB/products/310835195,https://digitalcontent.api.tesco.com/v2/media/ghs/2d5928ec-cec0-4f3d-b9ee-b4e8d80c0fce/dd46e399-a5f6-4628-956f-5134eb38ec61_1946876323.jpeg?h=225&w=225,
308121852,Tesco Unicorn Napkin 20 Pack,https://www.tesco.com/groceries/en-GB/shop/home-and-ents/all?department=Cooking%20%26%20Dining&viewAll=department&page=,£1.50,£0.08/each,Any 5 for 4 Clubcard Price - Cheapest Product Free - Selected Tesco Party ,,/groceries/en-GB/products/308121852,https://digitalcontent.api.tesco.com/v2/media/ghs/87e0f932-ef6c-42db-b264-5f9c62dc834a/b44d40bf-5857-4fdb-80fd-0b7da570fc04_1793056390.jpeg?h=225&w=225,
312146667,Tesco Constellation Star Plate 10 Pack,https://www.tesco.com/groceries/en-GB/shop/home-and-ents/all?department=Cooking%20%26%20Dining&viewAll=department&page=,£1.50,£0.15/each,,,/groceries/en-GB/products/312146667,https://digitalcontent.api.tesco.com/v2/media/ghs/6997d7a6-888c-4b20-9026-3d7d944da2a8/64740033-341d-4d0f-9924-4f666224a1ee_321547171.jpeg?h=225&w=225,
308122119,Tesco Dinosaur Napkin 20 Pack,https://www.tesco.com/groceries/en-GB/shop/home-and-ents/all?department=Cooking%20%26%20Dining&viewAll=department&page=,£1.50,£0.08/each,Any 5 for 4 Clubcard Price - Cheapest Product Free - Selected Tesco Party ,,/groceries/en-GB/products/308122119,https://digitalcontent.api.tesco.com/v2/media/ghs/5fc7b4fb-06b3-4201-8ab0-0300322470eb/aa783689-296c-4dcb-b23f-816fdb931638_1932936628.jpeg?h=225&w=225,
310647890,Woodland Napkin 20 Pack,https://www.tesco.com/groceries/en-GB/shop/home-and-ents/all?department=Cooking%20%26%20Dining&viewAll=department&page=,£1.50,£0.08/each,Any 5 for 4 Clubcard Price - Cheapest Product Free - Selected Tesco Party ,,/groceries/en-GB/products/310647890,https://digitalcontent.api.tesco.com/v2/media/ghs/0d4cb69b-b0d4-4607-a104-fb86995c767c/d6adc4d8-5a42-478c-9a00-d37bf14f50aa_2076375769.jpeg?h=225&w=225,
310704727,Tesco Wwf Oceans 3 Piece Tableware Set,https://www.tesco.com/groceries/en-GB/shop/home-and-ents/all?department=Cooking%20%26%20Dining&viewAll=department&page=,£4.00,£1.34/each,Any 5 for 4 Clubcard Price - Cheapest Product Free - Selected Tesco Party ,,/groceries/en-GB/products/310704727,https://digitalcontent.api.tesco.com/v2/media/ghs/06316b4c-f9cc-4849-91b9-374106c1f1ad/e4b6cab0-c706-4455-ac5f-9973cdc72ccc_1683847260.jpeg?h=225&w=225,
295953470,Fox & Ivy Champagne Flute Crystal Glass4pk,https://www.tesco.com/groceries/en-GB/shop/home-and-ents/all?department=Cooking%20%26%20Dining&viewAll=department&page=,£15.00,£3.75/each,,,/groceries/en-GB/products/295953470,https://digitalcontent.api.tesco.com/v2/media/ghs/481e9014-ee39-41ee-93fa-918848da506c/d03795cf-009e-4e47-96e0-fad0470a71d1_203154732.jpeg?h=225&w=225,
309262366,Tefal Ingenio Can Opener,https://www.tesco.com/groceries/en-GB/shop/home-and-ents/all?department=Cooking%20%26%20Dining&viewAll=department&page=,£9.50,£9.50/each,,,/groceries/en-GB/products/309262366,https://digitalcontent.api.tesco.com/v2/media/ghs/61929a6e-b2a1-45e5-a24b-f5a40b815ef9/54ab07c3-d058-4e21-8efc-ac295189ea13_1094469121.jpeg?h=225&w=225,
297729058,Tesco Black Toaster 2 Slice,https://www.tesco.com/groceries/en-GB/shop/home-and-ents/all?department=Cooking%20%26%20Dining&viewAll=department&page=,£13.50,£13.50/each,,,/groceries/en-GB/products/297729058,https://digitalcontent.api.tesco.com/v2/media/ghs/47f6e116-3938-425b-810b-25ea50f98e63/cf41659b-7860-418d-af38-295af6041b13_600066842.jpeg?h=225&w=225,
296822317,Tesco White Rapid Boil Kettle,https://www.tesco.com/groceries/en-GB/shop/home-and-ents/all?department=Cooking%20%26%20Dining&viewAll=department&page=,£13.50,£13.50/each,,,/groceries/en-GB/products/296822317,https://digitalcontent.api.tesco.com/v2/media/ghs/51cdb3e5-cf1f-44db-b2c8-142d9be7a87f/61de33e4-9289-4f5b-966f-b9f39600f6fb_1267551820.jpeg?h=225&w=225,
306120482,Tesco Faux Leather Sea Green Placemat 4 Pack,https://www.tesco.com/groceries/en-GB/shop/home-and-ents/all?department=Cooking%20%26%20Dining&viewAll=department&page=,£8.50,£2.13/each,,,/groceries/en-GB/products/306120482,https://digitalcontent.api.tesco.com/v2/media/ghs/12c9e6e2-dc8c-4724-9254-962e8394f581/1fcdb370-c384-4781-9fe2-10c6ea07671c_1896005990.jpeg?h=225&w=225,
309795449,Tesco Mint Sipper Bottle 750Ml,https://www.tesco.com/groceries/en-GB/shop/home-and-ents/all?department=Cooking%20%26%20Dining&viewAll=department&page=,£6.00,£6.00/each,,,/groceries/en-GB/products/309795449,https://digitalcontent.api.tesco.com/v2/media/ghs/94ab606f-b834-4e2d-a687-1a110d9dfbcf/cdad26ef-c48c-494f-b188-149e8b3a0b1a_1446850992.jpeg?h=225&w=225,
296534105,Tesco Stainless Steel Flask 1L,https://www.tesco.com/groceries/en-GB/shop/home-and-ents/all?department=Cooking%20%26%20Dining&viewAll=department&page=,£7.50,£7.50/each,,,/groceries/en-GB/products/296534105,https://digitalcontent.api.tesco.com/v2/media/ghs/5330739b-9e29-4680-965b-92fc0d98fc51/14f8f1b4-dac3-474f-b621-e70cfd58c4b2_615491689.jpeg?h=225&w=225,
306140999,Tesco 16Cm Saucepan,https://www.tesco.com/groceries/en-GB/shop/home-and-ents/all?department=Cooking%20%26%20Dining&viewAll=department&page=,£8.00,£8.00/each,,,/groceries/en-GB/products/306140999,https://digitalcontent.api.tesco.com/v2/media/ghs/0aa313b2-2fcc-488a-9899-f1b267ede29e/b43cbc9c-4a36-4560-bee3-59a1247e730d_283177118.jpeg?h=225&w=225,
309629348,Tesco 3 Pack Roaster Set 28Cm 33Cm 38Cm,https://www.tesco.com/groceries/en-GB/shop/home-and-ents/all?department=Cooking%20%26%20Dining&viewAll=department&page=,£7.50,£2.50/each,,,/groceries/en-GB/products/309629348,https://digitalcontent.api.tesco.com/v2/media/ghs/9b42da8e-1aab-4d41-a289-0a9436dac205/04b31ec2-3dc1-4d0d-9f90-cc3acca01a45_170770932.jpeg?h=225&w=225,
307788628,Tesco Push Top Food Storage White 1.5L,https://www.tesco.com/groceries/en-GB/shop/home-and-ents/all?department=Cooking%20%26%20Dining&viewAll=department&page=,£4.75,£4.75/each,,,/groceries/en-GB/products/307788628,https://digitalcontent.api.tesco.com/v2/media/ghs/9653c278-5502-4241-ac8f-8f6c76503df9/4388da64-ac56-4d38-84dc-ed5cd445366d_1206004189.jpeg?h=225&w=225,
309731831,Zenker Enamel Large Pie Dish 25.8Cm X 19Cm,https://www.tesco.com/groceries/en-GB/shop/home-and-ents/all?department=Cooking%20%26%20Dining&viewAll=department&page=,£5.50,£5.50/each,,,/groceries/en-GB/products/309731831,https://digitalcontent.api.tesco.com/v2/media/ghs/d59315c5-8309-4e9b-8307-74af8a1dbb44/070deb9d-d16a-4bd7-83b8-0d0bfad0ad60_168197009.jpeg?h=225&w=225,
308786767,Go Cook Square Cake Tin 20Cm,https://www.tesco.com/groceries/en-GB/shop/home-and-ents/all?department=Cooking%20%26%20Dining&viewAll=department&page=,£5.00,£5.00/each,,,/groceries/en-GB/products/308786767,https://digitalcontent.api.tesco.com/v2/media/ghs/26c9ef5a-d9a2-4e1c-b22e-7676f6446dc9/40449b91-d3c5-4f87-975b-354493e5704f_956055880.jpeg?h=225&w=225,
287778377,Culinaire Y Peeler,https://www.tesco.com/groceries/en-GB/shop/home-and-ents/all?department=Cooking%20%26%20Dining&viewAll=department&page=,£4.50,£4.50/each,,,/groceries/en-GB/products/287778377,https://digitalcontent.api.tesco.com/v2/media/ghs/a25f2974-4446-4564-b650-09ae141b25d7/2ed1b5b6-a618-4498-a993-0aaec5ac674a_1157482310.jpeg?h=225&w=225,
309059135,Hinch Heart Serving Bowl,https://www.tesco.com/groceries/en-GB/shop/home-and-ents/all?department=Cooking%20%26%20Dining&viewAll=department&page=,£6.00,£6.00/each,,,/groceries/en-GB/products/309059135,https://digitalcontent.api.tesco.com/v2/media/ghs/70826801-b649-4053-bf67-0d43f2a12b31/985d5162-bbc3-4df8-aa81-1a0c7d5d55ae_496387198.jpeg?h=225&w=225,
311462985,Hinch Grey Heart Serving Bowl,https://www.tesco.com/groceries/en-GB/shop/home-and-ents/all?department=Cooking%20%26%20Dining&viewAll=department&page=,£6.00,£6.00/each,,,/groceries/en-GB/products/311462985,https://digitalcontent.api.tesco.com/v2/media/ghs/4d358196-f886-4925-9228-3d7bc53378c4/ccaf5ab5-5f68-470c-903a-7a130ff1d9f9_1198798789.jpeg?h=225&w=225,
311353803,Fox & Ivy Arielle Latte Mug,https://www.tesco.com/groceries/en-GB/shop/home-and-ents/all?department=Cooking%20%26%20Dining&viewAll=department&page=,£5.00,£5.00/each,£3.75 Clubcard Price,,/groceries/en-GB/products/311353803,https://digitalcontent.api.tesco.com/v2/media/ghs/0fa13a70-6d61-4651-ada5-61a20fc068e4/e3ceadf2-5d28-43a0-8232-7bc666ac4fc8_1381596561.jpeg?h=225&w=225,
311353728,Fox & Ivy Arielle Mug,https://www.tesco.com/groceries/en-GB/shop/home-and-ents/all?department=Cooking%20%26%20Dining&viewAll=department&page=,£5.00,£5.00/each,,,/groceries/en-GB/products/311353728,https://digitalcontent.api.tesco.com/v2/media/ghs/e6eee81f-db9e-4e0a-91f5-1d6bd204273f/00e46b8f-ed93-4c99-9cdc-9ffe585d5aba_366268288.jpeg?h=225&w=225,
309731848,Zenker Enamel Round Pie Dish 25.3Cm X 5Cm,https://www.tesco.com/groceries/en-GB/shop/home-and-ents/all?department=Cooking%20%26%20Dining&viewAll=department&page=,£5.00,£5.00/each,,,/groceries/en-GB/products/309731848,https://digitalcontent.api.tesco.com/v2/media/ghs/28faefe0-6d39-4e3a-9052-3baa62672339/3bd34a48-37ff-4c9f-b860-443fad0271e8_1908124241.jpeg?h=225&w=225,
280769036,Sistema Salad To Go,https://www.tesco.com/groceries/en-GB/shop/home-and-ents/all?department=Cooking%20%26%20Dining&viewAll=department&page=,£5.75,£5.75/each,,,/groceries/en-GB/products/280769036,https://digitalcontent.api.tesco.com/v2/media/ghs/df32f7fc-e8c0-40ea-8568-62949665572b/64908e6b-bb38-4cb2-ba1b-e3fc793fbcd7_814236030.jpeg?h=225&w=225,
302467688,Tesco Timeless Gin Glass 2 Pack,https://www.tesco.com/groceries/en-GB/shop/home-and-ents/all?department=Cooking%20%26%20Dining&viewAll=department&page=,£5.00,£2.50/each,,,/groceries/en-GB/products/302467688,https://digitalcontent.api.tesco.com/v2/media/ghs/0febb6ee-4b06-4db7-aaa1-b67f947a831e/9caa7730-82db-4396-9f36-4162ec64c808_1015399055.jpeg?h=225&w=225,
280769071,Sistema Porridge To Go,https://www.tesco.com/groceries/en-GB/shop/home-and-ents/all?department=Cooking%20%26%20Dining&viewAll=department&page=,£5.75,£5.75/each,,,/groceries/en-GB/products/280769071,https://digitalcontent.api.tesco.com/v2/media/ghs/afaf9d66-f921-45e5-bd1d-453298671aa6/bb329ffb-5183-44bb-9215-983dd7e33613_1709874008.jpeg?h=225&w=225,
306036962,Tesco Terry Tea Towel 5 Pack Ochre,https://www.tesco.com/groceries/en-GB/shop/home-and-ents/all?department=Cooking%20%26%20Dining&viewAll=department&page=,£5.00,£1.00/each,,,/groceries/en-GB/products/306036962,https://digitalcontent.api.tesco.com/v2/media/ghs/26837562-7517-4043-8973-9429b2d1ac39/2a32502a-1f48-4863-bd0b-d85ff684d2c8_669115577.jpeg?h=225&w=225,
303276935,Tesco Timeless Craft Beer Glass 2 Pack,https://www.tesco.com/groceries/en-GB/shop/home-and-ents/all?department=Cooking%20%26%20Dining&viewAll=department&page=,£5.00,£2.50/each,,,/groceries/en-GB/products/303276935,https://digitalcontent.api.tesco.com/v2/media/ghs/b4b21fcf-2102-4904-af3e-ddced9404090/18549285-50c8-43c6-ab15-3e0097989042_943183699.jpeg?h=225&w=225,
311961763,Tesco Floral Tray,https://www.tesco.com/groceries/en-GB/shop/home-and-ents/all?department=Cooking%20%26%20Dining&viewAll=department&page=,£5.00,£5.00/each,,,/groceries/en-GB/products/311961763,https://digitalcontent.api.tesco.com/v2/media/ghs/686391c2-b7af-477f-a34e-3d0422f485d4/cc23431a-c9b7-433c-b649-9a55fa3c90c3_1600749821.jpeg?h=225&w=225,
309731825,Zenker Enamel Medium Pie Dish 22Cm X 16.5Cm,https://www.tesco.com/groceries/en-GB/shop/home-and-ents/all?department=Cooking%20%26%20Dining&viewAll=department&page=,£4.50,£4.50/each,,,/groceries/en-GB/products/309731825,https://digitalcontent.api.tesco.com/v2/media/ghs/6ea6bf6c-d936-4403-a3fc-11be847bbb84/1fb99b2b-ac5e-4124-9402-09b3bd1b8e4b_2097187627.jpeg?h=225&w=225,
307396435,Tesco Pink Tumbler Coffee Cup 330Ml,https://www.tesco.com/groceries/en-GB/shop/home-and-ents/all?department=Cooking%20%26%20Dining&viewAll=department&page=,£5.00,£5.00/each,,,/groceries/en-GB/products/307396435,https://digitalcontent.api.tesco.com/v2/media/ghs/b9b2f24c-3525-4bb6-b9b4-a101d8ebedf7/0f8017fd-65ca-4342-a561-9e8ebe1f9d62_368748656.jpeg?h=225&w=225,
309629481,Tesco 6 Cup Muffin Tray,https://www.tesco.com/groceries/en-GB/shop/home-and-ents/all?department=Cooking%20%26%20Dining&viewAll=department&page=,£4.00,£4.00/each,,,/groceries/en-GB/products/309629481,https://digitalcontent.api.tesco.com/v2/media/ghs/3be0c289-bd79-4558-a991-a53385314a07/6d7173d8-6971-401f-a6f9-5ed7dcf1de90_700137490.jpeg?h=225&w=225,
310246402,Tesco Recycled Cotton Terry Tea Towel 5 Pack Teal,https://www.tesco.com/groceries/en-GB/shop/home-and-ents/all?department=Cooking%20%26%20Dining&viewAll=department&page=,£5.00,£1.00/each,,,/groceries/en-GB/products/310246402,https://digitalcontent.api.tesco.com/v2/media/ghs/581ac124-b727-43d8-a8a3-2abf0737d09d/76cf6c27-b381-4ea3-9087-bd6a20649cf0_771502340.jpeg?h=225&w=225,
295751546,Tesco Measuring Spoons,https://www.tesco.com/groceries/en-GB/shop/home-and-ents/all?department=Cooking%20%26%20Dining&viewAll=department&page=,£3.50,£3.50/each,,,/groceries/en-GB/products/295751546,https://digitalcontent.api.tesco.com/v2/media/ghs/3e53dbef-fd4b-48b0-918b-a6e568a27f2f/b3183b05-fcf1-4e43-8364-f509dc49536b_1583123134.jpeg?h=225&w=225,
303687269,Tesco Stainless Steel Straight Peeler,https://www.tesco.com/groceries/en-GB/shop/home-and-ents/all?department=Cooking%20%26%20Dining&viewAll=department&page=,£3.50,£3.50/each,,,/groceries/en-GB/products/303687269,https://digitalcontent.api.tesco.com/v2/media/ghs/87afee33-2458-4321-8bd1-8e0910dcc332/e96eb2c3-4ca5-4cb2-a3aa-e57a00917a88_1970712920.jpeg?h=225&w=225,
311520427,Tesco Rainbow Hearts Bottle 550Ml,https://www.tesco.com/groceries/en-GB/shop/home-and-ents/all?department=Cooking%20%26%20Dining&viewAll=department&page=,£4.00,£4.00/each,,,/groceries/en-GB/products/311520427,https://digitalcontent.api.tesco.com/v2/media/ghs/3d448800-7a2b-4649-a7a0-9cf2969b2bba/2e95ff97-1cee-4f45-a855-b40bf98b58ce_1827960156.jpeg?h=225&w=225,
308664595,Tesco Stainless Steel Mixing Bowl,https://www.tesco.com/groceries/en-GB/shop/home-and-ents/all?department=Cooking%20%26%20Dining&viewAll=department&page=,£4.00,£4.00/each,,,/groceries/en-GB/products/308664595,https://digitalcontent.api.tesco.com/v2/media/ghs/f9737939-d38c-472a-8c2b-5fca83651d4d/eb479a44-2eb4-4ff8-a1bb-69d961cbbd68_2114635324.jpeg?h=225&w=225,
295752960,Tesco Stainless Steel Utensil Holder,https://www.tesco.com/groceries/en-GB/shop/home-and-ents/all?department=Cooking%20%26%20Dining&viewAll=department&page=,£3.50,£3.50/each,,,/groceries/en-GB/products/295752960,https://digitalcontent.api.tesco.com/v2/media/ghs/b47df36a-71fc-468c-ad52-8c5ae9d17025/ec4f3c4b-df1b-4588-85bd-774c4b7fe102_421221589.jpeg?h=225&w=225,
303676905,Tesco Silicone Egg Poacher 2 Pack,https://www.tesco.com/groceries/en-GB/shop/home-and-ents/all?department=Cooking%20%26%20Dining&viewAll=department&page=,£2.75,£1.38/each,,,/groceries/en-GB/products/303676905,https://digitalcontent.api.tesco.com/v2/media/ghs/70b542ca-f224-468b-be1d-ecb5071b72e0/bfd76805-2db3-465c-a81f-3a5b048db09a_1193584589.jpeg?h=225&w=225,
295157213,Tesco Large Ceramic Roaster White,https://www.tesco.com/groceries/en-GB/shop/home-and-ents/all?department=Cooking%20%26%20Dining&viewAll=department&page=,£5.50,£5.50/each,,,/groceries/en-GB/products/295157213,https://digitalcontent.api.tesco.com/v2/media/ghs/e22155ec-0c6a-4656-a299-5ecdc41626d6/495cf382-8a70-4d44-864c-1b9d4d7db4d5_1207150211.jpeg?h=225&w=225,
308664589,Tesco Stainless Steel Colander,https://www.tesco.com/groceries/en-GB/shop/home-and-ents/all?department=Cooking%20%26%20Dining&viewAll=department&page=,£4.00,£4.00/each,,,/groceries/en-GB/products/308664589,https://digitalcontent.api.tesco.com/v2/media/ghs/bbb1f6ec-5848-4558-8c5b-800991eef97c/1a257157-329f-4e55-b6f1-9cb0598f8429_650086620.jpeg?h=225&w=225,
306122284,Tesco Make Me A Cuppa,https://www.tesco.com/groceries/en-GB/shop/home-and-ents/all?department=Cooking%20%26%20Dining&viewAll=department&page=,£2.50,£2.50/each,,,/groceries/en-GB/products/306122284,https://digitalcontent.api.tesco.com/v2/media/ghs/1070fba7-fad7-492d-bf86-399ae0294433/a237a0ea-d797-4871-882f-42dadec3daa5_1575175550.jpeg?h=225&w=225,
311354105,Tesco Belonging Squirrel Mug,https://www.tesco.com/groceries/en-GB/shop/home-and-ents/all?department=Cooking%20%26%20Dining&viewAll=department&page=,£2.50,£2.50/each,,,/groceries/en-GB/products/311354105,https://digitalcontent.api.tesco.com/v2/media/ghs/50112eea-2014-4afa-b6dd-22482635e46f/52171082-ccdb-41b4-a069-fd7be164242a_1136662529.jpeg?h=225&w=225,
310704713,Tesco Wwf Grasslands 3 Piece Tableware Set,https://www.tesco.com/groceries/en-GB/shop/home-and-ents/all?department=Cooking%20%26%20Dining&viewAll=department&page=,£4.00,£1.34/each,Any 5 for 4 Clubcard Price - Cheapest Product Free - Selected Tesco Party ,,/groceries/en-GB/products/310704713,https://digitalcontent.api.tesco.com/v2/media/ghs/fa80bfdc-9d81-4643-879c-ac86b5a8646f/389675f6-aa2a-4160-a76f-a523e57c0339_1043353108.jpeg?h=225&w=225,
296354456,Tesco Nova 12 Piece Dinner Set,https://www.tesco.com/groceries/en-GB/shop/home-and-ents/all?department=Cooking%20%26%20Dining&viewAll=department&page=,£26.00,£26.00/each,,,/groceries/en-GB/products/296354456,https://digitalcontent.api.tesco.com/v2/media/ghs/c9d9f3a7-7f97-4668-abb8-818d5981fa24/bf4b8d69-55e5-4e6f-95a0-ccf751c22a1d_1133632431.jpeg?h=225&w=225,
308274889,Tefal Titanium Excellence Aluminium 32Cm Frying Pan,https://www.tesco.com/groceries/en-GB/shop/home-and-ents/all?department=Cooking%20%26%20Dining&viewAll=department&page=,£29.00,£29.00/each,£19.00 Clubcard Price,,/groceries/en-GB/products/308274889,https://digitalcontent.api.tesco.com/v2/media/ghs/4f04894a-ad5e-4867-a783-5b3e566983bb/657ae656-292e-403c-80dd-bb9659ca9594_2005276201.jpeg?h=225&w=225,
312580287,Joseph Joseph Duo In-Drawer Utensil Set 4Pce,https://www.tesco.com/groceries/en-GB/shop/home-and-ents/all?department=Cooking%20%26%20Dining&viewAll=department&page=,£15.00,£15.00/each,,,/groceries/en-GB/products/312580287,https://digitalcontent.api.tesco.com/v2/media/ghs/094a66ef-0332-41bc-8a3e-e41a855978ca/a662018e-ee6c-4d9f-bf07-f80b5c0e3562_2138234650.jpeg?h=225&w=225,
308386532,Tefal Total Aluminium 24Cm Frying Pan,https://www.tesco.com/groceries/en-GB/shop/home-and-ents/all?department=Cooking%20%26%20Dining&viewAll=department&page=,£15.00,£15.00/each,,,/groceries/en-GB/products/308386532,https://digitalcontent.api.tesco.com/v2/media/ghs/e9206832-236e-4902-a917-b0895a928ce4/6c02d641-88a4-469f-8ee7-9e748817079a_1943187706.jpeg?h=225&w=225,
295155751,Tesco Aluminium Frying Pan 30Cm,https://www.tesco.com/groceries/en-GB/shop/home-and-ents/all?department=Cooking%20%26%20Dining&viewAll=department&page=,£12.00,£12.00/each,£9.00 Clubcard Price,,/groceries/en-GB/products/295155751,https://digitalcontent.api.tesco.com/v2/media/ghs/d582e036-a65c-45f8-b4f8-d10efd787728/5910e9e6-b278-48b6-a6a2-efbccdacaefb_1330821044.jpeg?h=225&w=225,
295155843,Tesco Aluminium Grill Pan 24Cm,https://www.tesco.com/groceries/en-GB/shop/home-and-ents/all?department=Cooking%20%26%20Dining&viewAll=department&page=,£12.00,£12.00/each,£9.00 Clubcard Price,,/groceries/en-GB/products/295155843,https://digitalcontent.api.tesco.com/v2/media/ghs/5285b9f5-f854-4782-956b-1c7b46f30b9a/2a7a96c0-4dea-4bdd-b90a-778eabb8e447_784979841.jpeg?h=225&w=225,
309795478,Tesco Grey 1L Chugger Bottle,https://www.tesco.com/groceries/en-GB/shop/home-and-ents/all?department=Cooking%20%26%20Dining&viewAll=department&page=,£7.50,£7.50/each,,,/groceries/en-GB/products/309795478,https://digitalcontent.api.tesco.com/v2/media/ghs/2d624af8-6154-441d-8e14-b83fdb034ed5/beb2f8d4-a20a-4328-b1d8-9de77ae7b650_1815026482.jpeg?h=225&w=225,
302194676,Go Cook Can Opener,https://www.tesco.com/groceries/en-GB/shop/home-and-ents/all?department=Cooking%20%26%20Dining&viewAll=department&page=,£8.50,£8.50/each,,,/groceries/en-GB/products/302194676,https://digitalcontent.api.tesco.com/v2/media/ghs/aca8ac14-dce6-4b5c-b77a-15bf66f0b856/c98a9fcc-3d01-4d32-9a9f-a4e690cc8142_1066828775.jpeg?h=225&w=225,
304035753,Contigo Ashland Bottle Smoke Emea 710Ml,https://www.tesco.com/groceries/en-GB/shop/home-and-ents/all?department=Cooking%20%26%20Dining&viewAll=department&page=,£10.00,£10.00/each,,,/groceries/en-GB/products/304035753,https://digitalcontent.api.tesco.com/v2/media/ghs/d8cee26d-77a1-4ea5-98a1-17a290b968d0/5181178e-d289-49f9-96e7-e958f30cb2d7_1442585820.jpeg?h=225&w=225,
309110679,Tesco Snowflake Felt Placemats 4 Pack,https://www.tesco.com/groceries/en-GB/shop/home-and-ents/all?department=Cooking%20%26%20Dining&viewAll=department&page=,£8.00,£2.00/each,,,/groceries/en-GB/products/309110679,https://digitalcontent.api.tesco.com/v2/media/ghs/9fdb38a2-e6ba-4513-9388-6d73151da40a/0505bb62-880c-4c1f-8455-433755a26121_724400442.jpeg?h=225&w=225,
296348867,Tesco Aluminium Saucepan 20Cm,https://www.tesco.com/groceries/en-GB/shop/home-and-ents/all?department=Cooking%20%26%20Dining&viewAll=department&page=,£13.00,£13.00/each,£9.75 Clubcard Price,,/groceries/en-GB/products/296348867,https://digitalcontent.api.tesco.com/v2/media/ghs/9d87a37f-876b-4c51-bd49-807e4fe81f8e/36fde983-b4ec-4c17-bf78-8c32a58f24f8_1377711112.jpeg?h=225&w=225,
309081384,Go Cook Grey Stripe Kitchen Towel 3 Pack Rs,https://www.tesco.com/groceries/en-GB/shop/home-and-ents/all?department=Cooking%20%26%20Dining&viewAll=department&page=,£7.00,£2.34/each,,,/groceries/en-GB/products/309081384,https://digitalcontent.api.tesco.com/v2/media/ghs/82c4ef22-4e26-43ea-a4a3-24f581d7d70e/978158a7-fbd4-4603-a184-d480343be1f4_1587071312.jpeg?h=225&w=225,
306120418,Tesco Nova Porcelain Serving Bowl,https://www.tesco.com/groceries/en-GB/shop/home-and-ents/all?department=Cooking%20%26%20Dining&viewAll=department&page=,£8.00,£8.00/each,,,/groceries/en-GB/products/306120418,https://digitalcontent.api.tesco.com/v2/media/ghs/19609da2-1414-4c4e-8bf6-631985a46f9a/da1c2f6c-3abc-4c83-a554-907a981d51dd_1726507765.jpeg?h=225&w=225,
308499456,Joie Silicone Spatula Set,https://www.tesco.com/groceries/en-GB/shop/home-and-ents/all?department=Cooking%20%26%20Dining&viewAll=department&page=,£5.50,£5.50/each,,,/groceries/en-GB/products/308499456,https://digitalcontent.api.tesco.com/v2/media/ghs/69a6b054-06ae-4e5b-aaaa-2494c38c1d70/1e2f85e3-75d4-4a35-83af-fc91f54f8c0a_906937276.jpeg?h=225&w=225,
295751074,Tesco Salt Pepper Mill Set,https://www.tesco.com/groceries/en-GB/shop/home-and-ents/all?department=Cooking%20%26%20Dining&viewAll=department&page=,£6.50,£6.50/each,,,/groceries/en-GB/products/295751074,https://digitalcontent.api.tesco.com/v2/media/ghs/1912cad7-6a08-4b70-942c-ce212f26c3e0/eb08d553-38ed-4b28-a718-3b44741927ef_1646075979.jpeg?h=225&w=225,
307032360,Tesco Grey Geo Reusable Tablecover,https://www.tesco.com/groceries/en-GB/shop/home-and-ents/all?department=Cooking%20%26%20Dining&viewAll=department&page=,£6.00,£6.00/each,,,/groceries/en-GB/products/307032360,https://digitalcontent.api.tesco.com/v2/media/ghs/f29c58e7-cf27-4455-a29a-35d20d17a19a/b539254b-df8a-4d91-be5a-6e21b9eb81e2_394833916.jpeg?h=225&w=225,
308786715,Go Cook Small Roaster 27.7 X 21.6Cm,https://www.tesco.com/groceries/en-GB/shop/home-and-ents/all?department=Cooking%20%26%20Dining&viewAll=department&page=,£5.00,£5.00/each,,,/groceries/en-GB/products/308786715,https://digitalcontent.api.tesco.com/v2/media/ghs/6ee5022f-40c0-4fcd-a3e2-991d36ca100b/e77ba9ad-789a-495f-a983-716ab7fa9477_545960404.jpeg?h=225&w=225,
308786698,Go Cook Medium Oven Tray 33.7 X 23.3Cm,https://www.tesco.com/groceries/en-GB/shop/home-and-ents/all?department=Cooking%20%26%20Dining&viewAll=department&page=,£5.00,£5.00/each,,,/groceries/en-GB/products/308786698,https://digitalcontent.api.tesco.com/v2/media/ghs/11cb1e0e-ec77-4590-8186-1d34cb6f3e88/2e39a320-0daf-42fd-a9e2-236fb6946f47_485517330.jpeg?h=225&w=225,
310758516,Curver Smart Eco Line To Go Soup 0.9L Green,https://www.tesco.com/groceries/en-GB/shop/home-and-ents/all?department=Cooking%20%26%20Dining&viewAll=department&page=,£4.50,£4.50/each,,,/groceries/en-GB/products/310758516,https://digitalcontent.api.tesco.com/v2/media/ghs/68109268-58a5-4c01-b4a8-93de84c291e0/8732a30e-f1b4-4782-aab6-6b33111682d2_1279906037.jpeg?h=225&w=225,
306558413,Smash Lunchbag Black,https://www.tesco.com/groceries/en-GB/shop/home-and-ents/all?department=Cooking%20%26%20Dining&viewAll=department&page=,£6.00,£6.00/each,,,/groceries/en-GB/products/306558413,https://digitalcontent.api.tesco.com/v2/media/ghs/488f4784-38d5-47eb-9157-9e48aa5d9651/d324c472-a861-42a8-bece-fb50a4d2467d_721409645.jpeg?h=225&w=225,
309629377,Tesco Crisper Chip Tray,https://www.tesco.com/groceries/en-GB/shop/home-and-ents/all?department=Cooking%20%26%20Dining&viewAll=department&page=,£4.00,£4.00/each,,,/groceries/en-GB/products/309629377,https://digitalcontent.api.tesco.com/v2/media/ghs/6397c845-f059-49fe-8ec3-17eab9c73b08/70ea37af-2832-423f-a7f1-c02e6d4e4450_939199348.jpeg?h=225&w=225,
311462991,Hinch Grey Heart Medium Bowl,https://www.tesco.com/groceries/en-GB/shop/home-and-ents/all?department=Cooking%20%26%20Dining&viewAll=department&page=,£4.00,£4.00/each,,,/groceries/en-GB/products/311462991,https://digitalcontent.api.tesco.com/v2/media/ghs/83870c15-1314-4a2c-9db6-b65e5364b316/df874705-d483-4aee-bb41-54c4f2ee1924_2075525350.jpeg?h=225&w=225,
310254536,Tesco 5L Plastic Mixing Bowl,https://www.tesco.com/groceries/en-GB/shop/home-and-ents/all?department=Cooking%20%26%20Dining&viewAll=department&page=,£4.00,£4.00/each,,,/groceries/en-GB/products/310254536,https://digitalcontent.api.tesco.com/v2/media/ghs/46fb41da-b704-4a13-8856-8408b8a442d3/af5e32a1-373e-44e3-ae78-d6960669f6de_658090565.jpeg?h=225&w=225,
295751391,Tesco Wing Corkscrew,https://www.tesco.com/groceries/en-GB/shop/home-and-ents/all?department=Cooking%20%26%20Dining&viewAll=department&page=,£3.50,£3.50/each,,,/groceries/en-GB/products/295751391,https://digitalcontent.api.tesco.com/v2/media/ghs/3e3ca6e5-d089-4fdd-afb4-6ecd8405a44b/e708384d-9e66-4029-8211-af2e966ccdb2_1666373198.jpeg?h=225&w=225,
307470952,Hinch Oversized Seersucker White Superking,https://www.tesco.com/groceries/en-GB/shop/home-and-ents/all?department=Bedding&viewAll=department&page=,£34.00,£34.00/each,£27.00 Clubcard Price,,/groceries/en-GB/products/307470952,https://digitalcontent.api.tesco.com/v2/media/ghs/b7cc342a-4282-454d-a9f3-9c6e673861f5/0e2ed46c-ff5c-422b-9790-5f1a8c6f6948_1439371360.jpeg?h=225&w=225,
311355185,Tesco Cream Teddy Duvet Set Double,https://www.tesco.com/groceries/en-GB/shop/home-and-ents/all?department=Bedding&viewAll=department&page=,£30.00,£30.00/each,,,/groceries/en-GB/products/311355185,https://digitalcontent.api.tesco.com/v2/media/ghs/4a011952-be08-48e9-8f1a-f29599be4817/d373d702-6b3c-4d05-8670-3c88421227d5_1821636070.jpeg?h=225&w=225,
311972364,Silent Night Gry Oversized Palm Print Duvet Set Double,https://www.tesco.com/groceries/en-GB/shop/home-and-ents/all?department=Bedding&viewAll=department&page=,£23.00,£23.00/each,,,/groceries/en-GB/products/311972364,https://digitalcontent.api.tesco.com/v2/media/ghs/c60bc4a9-a20d-44a4-94b4-0489319803d5/31755672-8feb-4d88-931f-8e47751bd78b_1607711818.jpeg?h=225&w=225,
302509421,Tesco Forever Full Topper Single,https://www.tesco.com/groceries/en-GB/shop/home-and-ents/all?department=Bedding&viewAll=department&page=,£20.00,£20.00/each,,,/groceries/en-GB/products/302509421,https://digitalcontent.api.tesco.com/v2/media/ghs/35c9c497-8ceb-4b47-8345-caeac3c1d468/404977fb-216f-41dd-a784-03f2fb69b1ef_1383030862.jpeg?h=225&w=225,
308611762,Tesco Navy Crinkle Duvet Set Double,https://www.tesco.com/groceries/en-GB/shop/home-and-ents/all?department=Bedding&viewAll=department&page=,£19.00,£19.00/each,,,/groceries/en-GB/products/308611762,https://digitalcontent.api.tesco.com/v2/media/ghs/eb259c7d-dd99-4913-bb56-1ceabb990e72/0395e732-9b1f-440b-8300-15486d4822fd_259126606.jpeg?h=225&w=225,
311354883,Tesco Teal Seersucker Cotton Rich Duvet Set Kingsize,https://www.tesco.com/groceries/en-GB/shop/home-and-ents/all?department=Bedding&viewAll=department&page=,£22.00,£22.00/each,,,/groceries/en-GB/products/311354883,https://digitalcontent.api.tesco.com/v2/media/ghs/09000a33-829d-4a7c-b9d9-6619203a0034/33fd5d65-b43a-40b4-ac1a-23e8cfb6a442_266624863.jpeg?h=225&w=225,
311846877,Tesco Silver Waffle Cotton Rich Duvet Set Single,https://www.tesco.com/groceries/en-GB/shop/home-and-ents/all?department=Bedding&viewAll=department&page=,£15.00,£15.00/each,,,/groceries/en-GB/products/311846877,https://digitalcontent.api.tesco.com/v2/media/ghs/bc5885d5-dec4-4913-a10c-9af4f7afdb27/0058ee32-b363-4065-a05e-8a125c3c16c5_1774418967.jpeg?h=225&w=225,
311452703,"T, Grey Check Brushed Cotton Duvet Set Single",https://www.tesco.com/groceries/en-GB/shop/home-and-ents/all?department=Bedding&viewAll=department&page=,£15.00,£15.00/each,£12.00 Clubcard Price,,/groceries/en-GB/products/311452703,https://digitalcontent.api.tesco.com/v2/media/ghs/60b85ccb-2549-4664-a4d3-7073c957a037/5a35961e-4222-4f11-9592-931dacea36a3_1591101733.jpeg?h=225&w=225,
296294152,Tesco 100% Cotton Flat White Single,https://www.tesco.com/groceries/en-GB/shop/home-and-ents/all?department=Bedding&viewAll=department&page=,£10.00,£10.00/each,,,/groceries/en-GB/products/296294152,https://digitalcontent.api.tesco.com/v2/media/ghs/50c90f06-3c24-4b7f-83fc-2b963a105dc5/e0d0cf6d-7636-4bf0-ab2a-c5dac745c3e3_1366972775.jpeg?h=225&w=225,
311356267,Tesco Winter Scene Easy Care Duvet Set Kingsize,https://www.tesco.com/groceries/en-GB/shop/home-and-ents/all?department=Bedding&viewAll=department&page=,£17.00,£17.00/each,,,/groceries/en-GB/products/311356267,https://digitalcontent.api.tesco.com/v2/media/ghs/6ce169ed-38b1-4d87-8d00-598ac05859b6/ec961432-8a59-4e12-9f6d-a2b263227827_415107725.jpeg?h=225&w=225,
311355058,Tesco Leopard Easycare Duvet Set Double,https://www.tesco.com/groceries/en-GB/shop/home-and-ents/all?department=Bedding&viewAll=department&page=,£15.00,£15.00/each,,New,/groceries/en-GB/products/311355058,https://digitalcontent.api.tesco.com/v2/media/ghs/06fe080d-7cf5-4fcf-89cf-1245c782a59b/b2c23d47-bd57-498e-82c4-a6daf8d861fe_738002289.jpeg?h=225&w=225,
311356247,Tesco Polar Bear Easy Care Duvet Set Kingsize,https://www.tesco.com/groceries/en-GB/shop/home-and-ents/all?department=Bedding&viewAll=department&page=,£17.00,£17.00/each,,,/groceries/en-GB/products/311356247,https://digitalcontent.api.tesco.com/v2/media/ghs/e6384546-b5c7-45ef-b0f4-50cfc3921196/afa90dbf-b96a-4d6e-80c4-486bf9486193_136725538.jpeg?h=225&w=225,
284864625,Slumberdown Big Hugs Pillows Pair,https://www.tesco.com/groceries/en-GB/shop/home-and-ents/all?department=Bedding&viewAll=department&page=,£10.00,£5.00/each,,,/groceries/en-GB/products/284864625,https://digitalcontent.api.tesco.com/v2/media/ghs/d60672a8-63f2-45fb-a014-810b9c495b4b/6afef9c8-b1f5-469f-9d41-e2f813703999_1338480699.jpeg?h=225&w=225,
284865060,Silent Night Ultrabounce Pillow 2 Pack,https://www.tesco.com/groceries/en-GB/shop/home-and-ents/all?department=Bedding&viewAll=department&page=,£12.00,£6.00/each,,,/groceries/en-GB/products/284865060,https://digitalcontent.api.tesco.com/v2/media/ghs/bed7d085-f4a9-4809-87f3-28e22efcdf5f/8363c4cd-f402-4210-9415-d112291c4e52_251790061.jpeg?h=225&w=225,
296078593,Tesco Soft Touch 10.5 Tog Duvet Double,https://www.tesco.com/groceries/en-GB/shop/home-and-ents/all?department=Bedding&viewAll=department&page=,£13.50,£13.50/each,,,/groceries/en-GB/products/296078593,https://digitalcontent.api.tesco.com/v2/media/ghs/fca29dc0-c731-4e44-841c-16374d9dde3f/0e25d425-0adf-48ae-adb9-0fbf0bf6e9c7_1609971285.jpeg?h=225&w=225,
310214976,Tesco Crocodile Print Duvet Set Single,https://www.tesco.com/groceries/en-GB/shop/home-and-ents/all?department=Bedding&viewAll=department&page=,£13.00,£13.00/each,,,/groceries/en-GB/products/310214976,https://digitalcontent.api.tesco.com/v2/media/ghs/6c3e283f-bfd5-4a54-bda1-c31c3b10f65e/faf48559-9ede-477b-befe-4b4658b66f52_297823248.jpeg?h=225&w=225,
311356149,Tesco Hearts Easy Care Duvet Set Single,https://www.tesco.com/groceries/en-GB/shop/home-and-ents/all?department=Bedding&viewAll=department&page=,£13.00,£13.00/each,,New,/groceries/en-GB/products/311356149,https://digitalcontent.api.tesco.com/v2/media/ghs/4f937ab7-d906-4971-9016-640b2ae1d9d0/b3f7fa05-f668-4f87-8e32-5209fdbc0e15_1246458412.jpeg?h=225&w=225,
296078437,Tesco Soft Touch Pillow 2 Pack (Firm),https://www.tesco.com/groceries/en-GB/shop/home-and-ents/all?department=Bedding&viewAll=department&page=,£9.50,£4.75/each,,,/groceries/en-GB/products/296078437,https://digitalcontent.api.tesco.com/v2/media/ghs/92be808d-3449-4375-8593-a301c680ecad/069f613d-477d-445e-a4f9-24f238aac178_318480401.jpeg?h=225&w=225,
296078443,Tesco Soft Touch Pillow 2 Pack (Medium),https://www.tesco.com/groceries/en-GB/shop/home-and-ents/all?department=Bedding&viewAll=department&page=,£8.50,£4.25/each,,,/groceries/en-GB/products/296078443,https://digitalcontent.api.tesco.com/v2/media/ghs/fd34806f-2294-4e7c-bd3c-e0cb9db14a59/16f7a2e2-4842-4a4b-8d2d-44b56924b8ff_1831997892.jpeg?h=225&w=225,
296295590,Tesco Fitted Sheet White Single,https://www.tesco.com/groceries/en-GB/shop/home-and-ents/all?department=Bedding&viewAll=department&page=,£6.50,£6.50/each,,,/groceries/en-GB/products/296295590,https://digitalcontent.api.tesco.com/v2/media/ghs/9b2061e3-ca8d-4e6f-806e-8c70e28e9e25/923a7d6b-4a23-4c90-ac03-b2b78360799f_1845401873.jpeg?h=225&w=225,
296078450,Tesco Soft Touch Pillow 2 Pack (Soft),https://www.tesco.com/groceries/en-GB/shop/home-and-ents/all?department=Bedding&viewAll=department&page=,£7.50,£3.75/each,,,/groceries/en-GB/products/296078450,https://digitalcontent.api.tesco.com/v2/media/ghs/15d8e0b4-a394-4799-ae2e-91f733b22fe1/6df9b17d-53cc-4c1d-912d-bde931ed64fa_1847892859.jpeg?h=225&w=225,
311354791,Fox & Ivy White 400 Thread Count Oxford Pillowcase,https://www.tesco.com/groceries/en-GB/shop/home-and-ents/all?department=Bedding&viewAll=department&page=,£8.00,£8.00/each,,,/groceries/en-GB/products/311354791,https://digitalcontent.api.tesco.com/v2/media/ghs/f6e5e9aa-b640-43f3-a005-3d982271c9bc/77fc3f09-2532-4d32-9e84-26396bceccea_1455507203.jpeg?h=225&w=225,
310215301,Tesco Fitted Sheet Daisy Double,https://www.tesco.com/groceries/en-GB/shop/home-and-ents/all?department=Bedding&viewAll=department&page=,£7.50,£7.50/each,,,/groceries/en-GB/products/310215301,https://digitalcontent.api.tesco.com/v2/media/ghs/c002278c-cd32-40f3-816a-88ed4fb262dc/62002e03-1905-496a-8d1e-56b0f705f3ec_1206636751.jpeg?h=225&w=225,
296295630,Tesco Fitted Sheet Grey Double,https://www.tesco.com/groceries/en-GB/shop/home-and-ents/all?department=Bedding&viewAll=department&page=,£7.50,£7.50/each,,,/groceries/en-GB/products/296295630,https://digitalcontent.api.tesco.com/v2/media/ghs/e480f3c4-fc77-40ea-a9bf-7af99c086769/ea7104d4-c665-413b-8098-c7f5167eb275_188055164.jpeg?h=225&w=225,
296078587,Tesco Soft Touch 10.5 Tog Duvet Single,https://www.tesco.com/groceries/en-GB/shop/home-and-ents/all?department=Bedding&viewAll=department&page=,£10.50,£10.50/each,,,/groceries/en-GB/products/296078587,https://digitalcontent.api.tesco.com/v2/media/ghs/1b696375-4d8a-432f-9bbf-bc039add1186/25c05d82-e49c-41bd-8678-8dc6c2656737_1456095494.jpeg?h=225&w=225,
296295623,Tesco Fitted Sheet Grey Single,https://www.tesco.com/groceries/en-GB/shop/home-and-ents/all?department=Bedding&viewAll=department&page=,£6.50,£6.50/each,,,/groceries/en-GB/products/296295623,https://digitalcontent.api.tesco.com/v2/media/ghs/af5db4cf-3a8a-4c66-9f93-4bee8f415ea9/38c287ee-f289-4411-851e-2d0c93e7d091_1316332347.jpeg?h=225&w=225,
310215278,Tesco Fitted Sheet Daisy Dot Single,https://www.tesco.com/groceries/en-GB/shop/home-and-ents/all?department=Bedding&viewAll=department&page=,£6.50,£6.50/each,,,/groceries/en-GB/products/310215278,https://digitalcontent.api.tesco.com/v2/media/ghs/a171b183-d005-407d-af60-4b91b28ce8e8/96394f3e-d692-4643-afc8-e9081af7b99a_991296377.jpeg?h=225&w=225,
296078980,Tesco Soft Touch Pillow Protector 2 Pack,https://www.tesco.com/groceries/en-GB/shop/home-and-ents/all?department=Bedding&viewAll=department&page=,£6.00,£3.00/each,,,/groceries/en-GB/products/296078980,https://digitalcontent.api.tesco.com/v2/media/ghs/913ac327-9206-4bab-b416-c461d59d329c/e723bb34-6845-470a-b474-b9ba83985dd9_1302919799.jpeg?h=225&w=225,
296294584,Tesco 100% Cotton White Pillowcase Pair,https://www.tesco.com/groceries/en-GB/shop/home-and-ents/all?department=Bedding&viewAll=department&page=,£5.00,£5.00/each,,,/groceries/en-GB/products/296294584,https://digitalcontent.api.tesco.com/v2/media/ghs/edc7bcf1-dd53-4726-b599-44e8218888eb/43583302-83a5-495b-98d2-0aaa73b3a6a0_1501421051.jpeg?h=225&w=225,
310218387,Silent Night Cotton Rich Pillowcase Pair White,https://www.tesco.com/groceries/en-GB/shop/home-and-ents/all?department=Bedding&viewAll=department&page=,£6.00,£3.00/each,,,/groceries/en-GB/products/310218387,https://digitalcontent.api.tesco.com/v2/media/ghs/0f1fc18b-fc93-48ba-9700-f7eed92957c9/5d6a3243-52d9-4be4-8739-eb45bf47ceb9_1506556586.jpeg?h=225&w=225,
311354710,Fox & Ivy Silver 200 Thread Count Oxford Pillowcase,https://www.tesco.com/groceries/en-GB/shop/home-and-ents/all?department=Bedding&viewAll=department&page=,£6.00,£6.00/each,,,/groceries/en-GB/products/311354710,https://digitalcontent.api.tesco.com/v2/media/ghs/7a5c6400-624c-411d-a857-46968694bc9f/39799600-d730-44dd-9143-37ad32f9ab75_781152833.jpeg?h=225&w=225,
302509283,Tesco Pillow Pair,https://www.tesco.com/groceries/en-GB/shop/home-and-ents/all?department=Bedding&viewAll=department&page=,£5.00,£2.50/each,,,/groceries/en-GB/products/302509283,https://digitalcontent.api.tesco.com/v2/media/ghs/6d946215-c439-4c9c-8724-e0845542df7d/3e74a080-90f4-4b3c-bfc6-456a316fe047_797150804.jpeg?h=225&w=225,
310215439,Fox & Ivy 200Tc Filagree Printed Hw Pillowcase,https://www.tesco.com/groceries/en-GB/shop/home-and-ents/all?department=Bedding&viewAll=department&page=,£5.00,£5.00/each,,,/groceries/en-GB/products/310215439,https://digitalcontent.api.tesco.com/v2/media/ghs/a3a0f387-6599-4cb4-ad96-34632abee792/4a8c2da1-5c59-42c4-8ab0-9aff950dc0db_304484637.jpeg?h=225&w=225,
311354704,Fox & Ivy Silver 200 Thread Count House Wife Pillowcase,https://www.tesco.com/groceries/en-GB/shop/home-and-ents/all?department=Bedding&viewAll=department&page=,£5.00,£5.00/each,,New,/groceries/en-GB/products/311354704,https://digitalcontent.api.tesco.com/v2/media/ghs/7aa0e279-6aa9-4efa-aaf9-973bd4a6b7ec/77f0c4ba-f7f0-4682-ba9b-be5e796853a2_1744648974.jpeg?h=225&w=225,
311354747,Fox & Ivy White 200 Thread Count House Wife Pillowcase,https://www.tesco.com/groceries/en-GB/shop/home-and-ents/all?department=Bedding&viewAll=department&page=,£5.00,£5.00/each,,,/groceries/en-GB/products/311354747,https://digitalcontent.api.tesco.com/v2/media/ghs/91a4dea7-8fda-4bea-b7c9-51eb8e67921a/668c74de-f3d0-477b-8adf-0fca0d0f49cc_78578670.jpeg?h=225&w=225,
281654101,Tesco 10.5 Tog Duvet Single,https://www.tesco.com/groceries/en-GB/shop/home-and-ents/all?department=Bedding&viewAll=department&page=,£7.00,£7.00/each,,,/groceries/en-GB/products/281654101,https://digitalcontent.api.tesco.com/v2/media/ghs/a327ed02-4622-4ce4-b3c3-4acac2d0f6ae/a05ec32c-6ffc-4c42-857a-08d9dc304d41_1179337013.jpeg?h=225&w=225,
296294371,Tesco White Pillowcase Pair,https://www.tesco.com/groceries/en-GB/shop/home-and-ents/all?department=Bedding&viewAll=department&page=,£3.00,£3.00/each,,,/groceries/en-GB/products/296294371,https://digitalcontent.api.tesco.com/v2/media/ghs/21053078-c8f9-4275-8c7e-a950f6544859/12a2728e-e885-4fab-a2f8-801a8e6cf930_928295854.jpeg?h=225&w=225,
296294388,Tesco Grey Pillowcase Pair,https://www.tesco.com/groceries/en-GB/shop/home-and-ents/all?department=Bedding&viewAll=department&page=,£3.00,£3.00/each,,,/groceries/en-GB/products/296294388,https://digitalcontent.api.tesco.com/v2/media/ghs/79089505-47ab-4787-aea8-c88d05ed4583/a7aab150-d1a6-42d5-ba5e-e803e91e64ad_755307378.jpeg?h=225&w=225,
310892333,Silent Night Airmax Topper Single,https://www.tesco.com/groceries/en-GB/shop/home-and-ents/all?department=Bedding&viewAll=department&page=,£35.00,£35.00/each,,,/groceries/en-GB/products/310892333,https://digitalcontent.api.tesco.com/v2/media/ghs/85333c7f-c69c-4927-add3-ae3bb1a9ecb1/e8d40155-7503-4f12-b75f-2e5e0901a748_537895845.jpeg?h=225&w=225,
307470981,Hinch Oversized Seersucker Silver Superking,https://www.tesco.com/groceries/en-GB/shop/home-and-ents/all?department=Bedding&viewAll=department&page=,£34.00,£34.00/each,£27.00 Clubcard Price,,/groceries/en-GB/products/307470981,https://digitalcontent.api.tesco.com/v2/media/ghs/b279bf45-a9e3-46db-90f6-4ed45bf57b93/7c9a63db-149a-4138-9984-566d7cee2150_1694390153.jpeg?h=225&w=225,
284864654,Silent Night Ultrabounce 10.5 Tog Duvet King,https://www.tesco.com/groceries/en-GB/shop/home-and-ents/all?department=Bedding&viewAll=department&page=,£32.00,£32.00/each,,,/groceries/en-GB/products/284864654,https://digitalcontent.api.tesco.com/v2/media/ghs/a76034df-83ed-45f3-8fd7-6b3b92e87d5e/ab447254-d5bc-452e-9733-34609518f76a_1060581576.jpeg?h=225&w=225,
310216634,Hinch White Tufted Spot Duvet Set King Size,https://www.tesco.com/groceries/en-GB/shop/home-and-ents/all?department=Bedding&viewAll=department&page=,£40.00,£40.00/each,£32.00 Clubcard Price,,/groceries/en-GB/products/310216634,https://digitalcontent.api.tesco.com/v2/media/ghs/88035da2-050c-456b-9348-3795276d77d3/8786189a-6b5b-43c4-8019-4468b788f42b_1750233856.jpeg?h=225&w=225,
311355323,Fox & Ivy Navy Floral Duvet Set Super King,https://www.tesco.com/groceries/en-GB/shop/home-and-ents/all?department=Bedding&viewAll=department&page=,£36.00,£36.00/each,,,/groceries/en-GB/products/311355323,https://digitalcontent.api.tesco.com/v2/media/ghs/1f308d0a-5d62-4a60-a70c-734da41f694d/e7beca7a-1fe1-4aa4-ba1b-037dbeced08d_1503319138.jpeg?h=225&w=225,
304857333,Tesco Forever Full Duvet Double 10.5 Tog,https://www.tesco.com/groceries/en-GB/shop/home-and-ents/all?department=Bedding&viewAll=department&page=,£27.00,£27.00/each,,,/groceries/en-GB/products/304857333,https://digitalcontent.api.tesco.com/v2/media/ghs/c039e01c-5154-4591-908b-7c1ef85a224c/baf28d73-00b4-4750-a12b-8a21984f3c03_1146205069.jpeg?h=225&w=225,
306384232,Fox & Ivy White Sateen Stripe Duvet Set Double,https://www.tesco.com/groceries/en-GB/shop/home-and-ents/all?department=Bedding&viewAll=department&page=,£28.00,£28.00/each,,,/groceries/en-GB/products/306384232,https://digitalcontent.api.tesco.com/v2/media/ghs/278406ad-0af9-4cf4-a57d-e3031a47f8a1/c5200022-0386-453e-8bc0-4f8553de4804_1772985073.jpeg?h=225&w=225,
308152417,Silentnight Sustainable Cotton Rich Embossed Floral  Double,https://www.tesco.com/groceries/en-GB/shop/home-and-ents/all?department=Bedding&viewAll=department&page=,£24.00,£24.00/each,,,/groceries/en-GB/products/308152417,https://digitalcontent.api.tesco.com/v2/media/ghs/3c66fbde-13c8-46d0-b675-46e3a9ee8864/d7e68fc3-e5a9-412d-b1fc-c53f42aade30_435066332.jpeg?h=225&w=225,
304857327,Tesco Forever Full Duvet Single 10.5 Tog,https://www.tesco.com/groceries/en-GB/shop/home-and-ents/all?department=Bedding&viewAll=department&page=,£22.00,£22.00/each,,,/groceries/en-GB/products/304857327,https://digitalcontent.api.tesco.com/v2/media/ghs/d043591a-406d-403c-bc4c-568414fc83b4/07720c54-90d7-4b8c-beee-dbf66c048c53_175732923.jpeg?h=225&w=225,
309158559,Playstation Duvet Set Double,https://www.tesco.com/groceries/en-GB/shop/home-and-ents/all?department=Bedding&viewAll=department&page=,£22.00,£22.00/each,£16.50 Clubcard Price,,/groceries/en-GB/products/309158559,https://digitalcontent.api.tesco.com/v2/media/ghs/a374278d-7950-42e9-afa3-7cd854f50d72/a80b034f-48cc-4d0d-bf6b-c317ea6e7463_435165811.jpeg?h=225&w=225,
311452726,Tesco Grey Check Brushed Cotton Duvet Set Kingsize,https://www.tesco.com/groceries/en-GB/shop/home-and-ents/all?department=Bedding&viewAll=department&page=,£25.00,£25.00/each,£20.00 Clubcard Price,,/groceries/en-GB/products/311452726,https://digitalcontent.api.tesco.com/v2/media/ghs/a6832b05-7c2b-4bb8-8d44-276ec93e5404/718fbbce-895d-4394-8dcf-7b4798f9e1c7_449667831.jpeg?h=225&w=225,
311355035,Tesco Frill Brushed Cotton Duvet Set Kingsize,https://www.tesco.com/groceries/en-GB/shop/home-and-ents/all?department=Bedding&viewAll=department&page=,£25.00,£25.00/each,,,/groceries/en-GB/products/311355035,https://digitalcontent.api.tesco.com/v2/media/ghs/adf33296-45d0-4c92-90ba-6d6f7f89cdcb/5f880cdb-22f1-4492-996c-05e8af3275cd_1281502530.jpeg?h=225&w=225,
311972237,Silent Night Gry Embossed Floral Duvet Set Kingsize,https://www.tesco.com/groceries/en-GB/shop/home-and-ents/all?department=Bedding&viewAll=department&page=,£26.00,£26.00/each,,,/groceries/en-GB/products/311972237,https://digitalcontent.api.tesco.com/v2/media/ghs/0cee34dd-21b6-4f25-8d5e-8542592a3605/b348d537-588e-47b1-a179-7318c77d7ab3_78910132.jpeg?h=225&w=225,
278702470,Slumberdown Super Support Pillow Pair,https://www.tesco.com/groceries/en-GB/shop/home-and-ents/all?department=Bedding&viewAll=department&page=,£14.00,£14.00/each,,,/groceries/en-GB/products/278702470,https://digitalcontent.api.tesco.com/v2/media/ghs/c07f5cb9-dc2e-451c-bb3c-7cf19b11bc7e/4f16ea4d-fcbc-4349-b0c4-15087fc3c628_1152349049.jpeg?h=225&w=225,
310215445,Fox & Ivy 200Tc Filagree Printed Fitted Sheet Double,https://www.tesco.com/groceries/en-GB/shop/home-and-ents/all?department=Bedding&viewAll=department&page=,£15.00,£15.00/each,,,/groceries/en-GB/products/310215445,https://digitalcontent.api.tesco.com/v2/media/ghs/f4fddaca-3398-4bec-8cff-66bb0bc68158/f3760fe0-7eff-4eb7-b86e-6d083c8c79c5_1607400659.jpeg?h=225&w=225,
311354727,Fox & Ivy Silver 200 Thread Count Fitted Sheet Double,https://www.tesco.com/groceries/en-GB/shop/home-and-ents/all?department=Bedding&viewAll=department&page=,£15.00,£15.00/each,,,/groceries/en-GB/products/311354727,https://digitalcontent.api.tesco.com/v2/media/ghs/ad98a81f-7f49-443d-b587-cba8db25a016/e64df0a2-532d-433c-98c4-9d77a132f0db_1307279978.jpeg?h=225&w=225,
306382643,Tesco Silver Dot Embroidered Double Duvet Set,https://www.tesco.com/groceries/en-GB/shop/home-and-ents/all?department=Bedding&viewAll=department&page=,£19.00,£19.00/each,,,/groceries/en-GB/products/306382643,https://digitalcontent.api.tesco.com/v2/media/ghs/14a19e93-e337-438f-af69-29d968ed04c5/9a3d9b91-9e83-48ec-9e91-5838fa601e56_545854827.jpeg?h=225&w=225,
311354923,Tesco Clipped Jacquard Duvet Set Kingsize,https://www.tesco.com/groceries/en-GB/shop/home-and-ents/all?department=Bedding&viewAll=department&page=,£22.00,£22.00/each,,,/groceries/en-GB/products/311354923,https://digitalcontent.api.tesco.com/v2/media/ghs/c3cda573-1bac-4ab0-b6fa-4d852fc9f32e/40a6db1c-0783-46ac-95e5-abf9a4314bf3_295896880.jpeg?h=225&w=225,
310218407,Silent Night Cotton Rich Fitted Sheet White Kingsize,https://www.tesco.com/groceries/en-GB/shop/home-and-ents/all?department=Bedding&viewAll=department&page=,£13.00,£13.00/each,,,/groceries/en-GB/products/310218407,https://digitalcontent.api.tesco.com/v2/media/ghs/28778626-2d0f-4411-afb3-fd40facdf4c0/0b9d54c2-c330-47b6-8a2e-4f1de59aa166_1388465457.jpeg?h=225&w=225,
311356414,Tesco Teddy Fitted Sheet Double,https://www.tesco.com/groceries/en-GB/shop/home-and-ents/all?department=Bedding&viewAll=department&page=,£13.00,£13.00/each,,,/groceries/en-GB/products/311356414,https://digitalcontent.api.tesco.com/v2/media/ghs/2a4d9499-f3ef-4127-a27b-5f51895b2b59/e6f8701f-925b-4768-a7a9-b55765225722_1400019173.jpeg?h=225&w=225,
311355012,Tesco Frill Brushed Cotton Duvet Set Single,https://www.tesco.com/groceries/en-GB/shop/home-and-ents/all?department=Bedding&viewAll=department&page=,£15.00,£15.00/each,,,/groceries/en-GB/products/311355012,https://digitalcontent.api.tesco.com/v2/media/ghs/0ede44c8-54ad-4f7a-abf1-e1b87453406f/d2771f39-ffc4-4f68-a4d0-bf2876d9bfd7_1837572956.jpeg?h=225&w=225,
296297000,Tesco 100% Cotton Fitted Sheet Pale Grey Double,https://www.tesco.com/groceries/en-GB/shop/home-and-ents/all?department=Bedding&viewAll=department&page=,£11.00,£11.00/each,,,/groceries/en-GB/products/296297000,https://digitalcontent.api.tesco.com/v2/media/ghs/c59aabf2-4313-402e-876b-9548c61bcdae/f35b0caf-a71d-4a53-8869-322b93c09205_600110202.jpeg?h=225&w=225,
311356155,Tesco Hearts Easy Care Duvet Set Double,https://www.tesco.com/groceries/en-GB/shop/home-and-ents/all?department=Bedding&viewAll=department&page=,£15.00,£15.00/each,,,/groceries/en-GB/products/311356155,https://digitalcontent.api.tesco.com/v2/media/ghs/cb49e7e2-a4b5-4768-b744-ef7beb5b3be6/0ecb83ed-abe0-49cb-b27c-d754a0b40698_1825729168.jpeg?h=225&w=225,
311356282,Tesco Patchwork Easy Care Duvet Set Double,https://www.tesco.com/groceries/en-GB/shop/home-and-ents/all?department=Bedding&viewAll=department&page=,£15.00,£15.00/each,,,/groceries/en-GB/products/311356282,https://digitalcontent.api.tesco.com/v2/media/ghs/a1fc5a94-3358-4c5b-a97c-80ccb76b6a41/aa50d957-a261-47c6-a8b1-74ac6449d0cf_1566372782.jpeg?h=225&w=225,
308611629,Tesco Grey Shadow Leaf Duvet Set Double,https://www.tesco.com/groceries/en-GB/shop/home-and-ents/all?department=Bedding&viewAll=department&page=,£15.00,£15.00/each,£11.00 Clubcard Price,,/groceries/en-GB/products/308611629,https://digitalcontent.api.tesco.com/v2/media/ghs/b3091293-0983-46d1-92c6-e94bbc9bab49/7c14f603-d3af-4d3b-8d8a-e01c3d1ca270_913971319.jpeg?h=225&w=225,
296297143,Tesco 100% Cotton Fitted Sheet White Single,https://www.tesco.com/groceries/en-GB/shop/home-and-ents/all?department=Bedding&viewAll=department&page=,£9.00,£9.00/each,,,/groceries/en-GB/products/296297143,https://digitalcontent.api.tesco.com/v2/media/ghs/65ca3f77-db13-4225-a226-17e7bed13194/7baea459-0b67-404a-abcb-bfd7678445ba_655102549.jpeg?h=225&w=225,
311354606,Tesco Easy Care Sheep Duvet Set Single,https://www.tesco.com/groceries/en-GB/shop/home-and-ents/all?department=Bedding&viewAll=department&page=,£13.00,£13.00/each,£9.75 Clubcard Price,,/groceries/en-GB/products/311354606,https://digitalcontent.api.tesco.com/v2/media/ghs/4281df9a-360f-409a-a38a-411e377e1b61/de9b9a4c-48c1-46a5-ad9f-756fbf1a57fe_1885331618.jpeg?h=225&w=225,
306382983,Tesco Embroidered Dot Duvet Set Double,https://www.tesco.com/groceries/en-GB/shop/home-and-ents/all?department=Bedding&viewAll=department&page=,£19.00,£19.00/each,,,/groceries/en-GB/products/306382983,https://digitalcontent.api.tesco.com/v2/media/ghs/eaddd7c3-dcd1-4d47-a4dd-54322335a123/73ddce6e-4868-4cd7-adaa-1b985f06cb7a_863908155.jpeg?h=225&w=225,
296294169,Tesco 100% Cotton Flat White Double,https://www.tesco.com/groceries/en-GB/shop/home-and-ents/all?department=Bedding&viewAll=department&page=,£12.00,£12.00/each,,,/groceries/en-GB/products/296294169,https://digitalcontent.api.tesco.com/v2/media/ghs/785ffe24-a80e-4951-99e5-fa4e31e5c160/fdb683dd-0488-49b6-b035-c6101cfd656f_410679818.jpeg?h=225&w=225,
296295600,Tesco Fitted Sheet White Double,https://www.tesco.com/groceries/en-GB/shop/home-and-ents/all?department=Bedding&viewAll=department&page=,£7.50,£7.50/each,,,/groceries/en-GB/products/296295600,https://digitalcontent.api.tesco.com/v2/media/ghs/e77330bf-9753-40f5-9fe0-62a28977813d/0b128eac-508e-439f-9eaa-7dd605be587a_813683938.jpeg?h=225&w=225,
310215318,Tesco Fitted Sheet Daisy King,https://www.tesco.com/groceries/en-GB/shop/home-and-ents/all?department=Bedding&viewAll=department&page=,£8.50,£8.50/each,,,/groceries/en-GB/products/310215318,https://digitalcontent.api.tesco.com/v2/media/ghs/bd54d99b-90fb-430f-92d9-41a4644495ab/3be339a5-6e94-44fd-96b3-114dec6a3604_625661662.jpeg?h=225&w=225,
296078852,Tesco Soft Touch Mattress Protector Double,https://www.tesco.com/groceries/en-GB/shop/home-and-ents/all?department=Bedding&viewAll=department&page=,£8.00,£8.00/each,,,/groceries/en-GB/products/296078852,https://digitalcontent.api.tesco.com/v2/media/ghs/da7056c5-b0d6-4d8c-8e7d-43c9f06998d4/ced1b54e-ccc0-46ab-8113-72d4fed649c1_1621281370.jpeg?h=225&w=225,
296295646,Tesco Fitted Sheet Grey King,https://www.tesco.com/groceries/en-GB/shop/home-and-ents/all?department=Bedding&viewAll=department&page=,£8.50,£8.50/each,,,/groceries/en-GB/products/296295646,https://digitalcontent.api.tesco.com/v2/media/ghs/ccb43fa3-ce97-4936-8132-ce4dc53ed816/5bba671a-a12a-46c7-8d31-289e953d4c01_604011457.jpeg?h=225&w=225,
304857159,Tesco Fitted Sheet Silver Single,https://www.tesco.com/groceries/en-GB/shop/home-and-ents/all?department=Bedding&viewAll=department&page=,£6.50,£6.50/each,,,/groceries/en-GB/products/304857159,https://digitalcontent.api.tesco.com/v2/media/ghs/c28b7aa0-cf22-47ff-9825-fcc17364ad08/d98e1a79-64e8-44fa-bddd-a32cebf332e0_1126340312.jpeg?h=225&w=225,
296078846,Tesco Soft Touch Mattress Protector Single,https://www.tesco.com/groceries/en-GB/shop/home-and-ents/all?department=Bedding&viewAll=department&page=,£7.00,£7.00/each,,,/groceries/en-GB/products/296078846,https://digitalcontent.api.tesco.com/v2/media/ghs/4f71facd-efc6-4c0c-aeb1-8059df4fd8d5/14a567ca-562b-4aed-8d41-833c23a515bc_739647679.jpeg?h=225&w=225,
296295698,Tesco Fitted Sheet Navy Double,https://www.tesco.com/groceries/en-GB/shop/home-and-ents/all?department=Bedding&viewAll=department&page=,£7.50,£7.50/each,,,/groceries/en-GB/products/296295698,https://digitalcontent.api.tesco.com/v2/media/ghs/f41c42b1-40ad-499c-95a0-9975ae91053f/5a3a8701-e278-4f1b-ae59-f915bddf0c79_1437794058.jpeg?h=225&w=225,
296295681,Tesco Fitted Sheet Navy Single,https://www.tesco.com/groceries/en-GB/shop/home-and-ents/all?department=Bedding&viewAll=department&page=,£6.50,£6.50/each,,,/groceries/en-GB/products/296295681,https://digitalcontent.api.tesco.com/v2/media/ghs/b27f14c2-7001-40d0-8c74-216cc3242ceb/5b3744ae-e63e-44fe-b90c-a35f26060ead_649327049.jpeg?h=225&w=225,
311354785,Fox & Ivy White 400 Thread Count House Wife Pillowcase,https://www.tesco.com/groceries/en-GB/shop/home-and-ents/all?department=Bedding&viewAll=department&page=,£7.00,£7.00/each,,,/groceries/en-GB/products/311354785,https://digitalcontent.api.tesco.com/v2/media/ghs/642b8e4a-b0e8-471f-8357-a0df3804b38b/91d79cdf-53b1-4cea-9cb8-24f59534275a_183129861.jpeg?h=225&w=225,
296294653,Tesco 100% Cotton Pale Grey Pillowcase Pair,https://www.tesco.com/groceries/en-GB/shop/home-and-ents/all?department=Bedding&viewAll=department&page=,£5.00,£5.00/each,,,/groceries/en-GB/products/296294653,https://digitalcontent.api.tesco.com/v2/media/ghs/df2de072-5f02-4c94-8add-d4653dd9a39e/325f0c0d-4e5a-444b-ac86-facee5c47f92_230932207.jpeg?h=225&w=225,
304857143,Tesco Silver Pillowcase Pair,https://www.tesco.com/groceries/en-GB/shop/home-and-ents/all?department=Bedding&viewAll=department&page=,£3.00,£3.00/each,,,/groceries/en-GB/products/304857143,https://digitalcontent.api.tesco.com/v2/media/ghs/c159fa93-949c-4043-92d0-e71ab92f858c/a08be491-6a87-4fc7-ac55-79bf1a313cb8_1730344136.jpeg?h=225&w=225,
310215261,Tesco Daisy Pillowcase Pair,https://www.tesco.com/groceries/en-GB/shop/home-and-ents/all?department=Bedding&viewAll=department&page=,£3.00,£1.50/each,,,/groceries/en-GB/products/310215261,https://digitalcontent.api.tesco.com/v2/media/ghs/88e6eabf-55cb-481b-8f63-7f93223d04ed/eed8a5f0-8483-4e9d-a541-1a8662a0b859_1428929993.jpeg?h=225&w=225,
296294405,Tesco Navy Pillowcase Pair,https://www.tesco.com/groceries/en-GB/shop/home-and-ents/all?department=Bedding&viewAll=department&page=,£3.00,£3.00/each,,,/groceries/en-GB/products/296294405,https://digitalcontent.api.tesco.com/v2/media/ghs/133f5226-4a65-4eb1-91ed-1f7a11c3f0ec/37829c09-a918-4b0d-88c7-72b0256ffa44_548376229.jpeg?h=225&w=225,
296294434,Tesco Black Pillowcase Pair,https://www.tesco.com/groceries/en-GB/shop/home-and-ents/all?department=Bedding&viewAll=department&page=,£3.00,£3.00/each,,,/groceries/en-GB/products/296294434,https://digitalcontent.api.tesco.com/v2/media/ghs/8c1140a8-37fc-4c72-bca8-1e1111bd018d/3b9e4339-2909-4475-9f0c-60a2633d34f2_1893118534.jpeg?h=225&w=225,
296294440,Tesco Brushed Housewife Pair White Hw Pc Pair,https://www.tesco.com/groceries/en-GB/shop/home-and-ents/all?department=Bedding&viewAll=department&page=,£4.00,£4.00/each,£3.00 Clubcard Price,,/groceries/en-GB/products/296294440,https://digitalcontent.api.tesco.com/v2/media/ghs/bb2501a3-c567-4065-a7d2-0b730b6f567e/283e91f0-c8d2-46d6-8dfb-42095e765b41_1332535701.jpeg?h=225&w=225,
310216640,Hinch Silver Tufted Spot Duvet Set Double,https://www.tesco.com/groceries/en-GB/shop/home-and-ents/all?department=Bedding&viewAll=department&page=,£36.00,£36.00/each,£28.00 Clubcard Price,,/groceries/en-GB/products/310216640,https://digitalcontent.api.tesco.com/v2/media/ghs/59cc2593-f749-4b3f-b3cb-876c6c7e28f8/bd8edbaf-37ea-4cf9-a3ed-41f0fd125d96_975527246.jpeg?h=225&w=225,
310216559,Hinch Silver Tufted Stripe Duvet Set Double,https://www.tesco.com/groceries/en-GB/shop/home-and-ents/all?department=Bedding&viewAll=department&page=,£36.00,£36.00/each,£28.50 Clubcard Price,,/groceries/en-GB/products/310216559,https://digitalcontent.api.tesco.com/v2/media/ghs/28639631-602e-44a2-b3d3-d4cbea77bdcb/06396a33-a7d5-4c93-b75a-a0adbaec948e_1952148122.jpeg?h=225&w=225,
311356380,Fox & Ivy Navy Velvet Duvet Set Double,https://www.tesco.com/groceries/en-GB/shop/home-and-ents/all?department=Bedding&viewAll=department&page=,£35.00,£35.00/each,,,/groceries/en-GB/products/311356380,https://digitalcontent.api.tesco.com/v2/media/ghs/5ebce3ec-92c2-4dad-94ad-a012784d06ff/8f806337-c202-4179-afa1-1af6f321d7f4_2021033257.jpeg?h=225&w=225,
311354854,Fox & Ivy Protea Duvet Set Double,https://www.tesco.com/groceries/en-GB/shop/home-and-ents/all?department=Bedding&viewAll=department&page=,£28.00,£28.00/each,,,/groceries/en-GB/products/311354854,https://digitalcontent.api.tesco.com/v2/media/ghs/0479e394-5b36-40a6-927c-aa925689b223/8c0646a3-1856-42e5-a409-50a9b07c11c8_570926383.jpeg?h=225&w=225,
308612299,Tesco Navy Marl Jersey Bedset Double,https://www.tesco.com/groceries/en-GB/shop/home-and-ents/all?department=Bedding&viewAll=department&page=,£27.00,£27.00/each,,,/groceries/en-GB/products/308612299,https://digitalcontent.api.tesco.com/v2/media/ghs/98f644f4-46df-4b81-8089-2e9ef6d447fa/4804e816-fd85-4396-a986-4a37a911022f_1870245336.jpeg?h=225&w=225,
303689412,Tesco Silver Teddy Fleece Duvet Set Single,https://www.tesco.com/groceries/en-GB/shop/home-and-ents/all?department=Bedding&viewAll=department&page=,£25.00,£25.00/each,,,/groceries/en-GB/products/303689412,https://digitalcontent.api.tesco.com/v2/media/ghs/1b6f33a7-1a5d-46fb-a4b6-131c20f63ef2/732691a0-d69e-40d3-ab66-342a6f1f13a3_1756267310.jpeg?h=225&w=225,
296078679,Tesco Anti Allergy 10.5 Tog Duvet King,https://www.tesco.com/groceries/en-GB/shop/home-and-ents/all?department=Bedding&viewAll=department&page=,£21.00,£21.00/each,,,/groceries/en-GB/products/296078679,https://digitalcontent.api.tesco.com/v2/media/ghs/db846ab5-0ab8-46d4-8557-e6d1d9f24441/eeef1700-ac52-490b-ab97-9f161374b5ad_1988393001.jpeg?h=225&w=225,
311957285,Harry Potter Double Duvet Set,https://www.tesco.com/groceries/en-GB/shop/home-and-ents/all?department=Bedding&viewAll=department&page=,£22.00,£22.00/each,£16.50 Clubcard Price,,/groceries/en-GB/products/311957285,https://digitalcontent.api.tesco.com/v2/media/ghs/9ae8d83d-d4d5-49b3-849d-d86fa4207a6f/6aa38d73-bb33-485a-a16a-361b427545bf_140404822.jpeg?h=225&w=225,
311354733,Fox & Ivy Silver 200 Thread Count Fitted Sheet Kingsize,https://www.tesco.com/groceries/en-GB/shop/home-and-ents/all?department=Bedding&viewAll=department&page=,£17.00,£17.00/each,,,/groceries/en-GB/products/311354733,https://digitalcontent.api.tesco.com/v2/media/ghs/98283b44-eacc-46c0-a52d-59136e610a0f/fe656e49-e89a-4af1-8e50-f9dd15c0a2cf_1714155784.jpeg?h=225&w=225,
311354779,Fox & Ivy White 200 Thread Count Fitted Sheet Kingsize,https://www.tesco.com/groceries/en-GB/shop/home-and-ents/all?department=Bedding&viewAll=department&page=,£17.00,£17.00/each,,,/groceries/en-GB/products/311354779,https://digitalcontent.api.tesco.com/v2/media/ghs/37acbfa9-0ffe-4613-aea3-579057505b64/714b5c8b-fcde-4252-a5b6-774240890c4b_1904911304.jpeg?h=225&w=225,
311452717,Tesco Grey Check Brushed Cotton Duvet Set Double,https://www.tesco.com/groceries/en-GB/shop/home-and-ents/all?department=Bedding&viewAll=department&page=,£20.00,£20.00/each,£16.00 Clubcard Price,,/groceries/en-GB/products/311452717,https://digitalcontent.api.tesco.com/v2/media/ghs/bd8f6692-01df-46ad-b439-b4d702333b19/6922851f-24be-4620-b4e4-b20d65ac69ad_1743980707.jpeg?h=225&w=225,
304857097,Tesco Cotton Rich Silver Waffle Duvet Set Double,https://www.tesco.com/groceries/en-GB/shop/home-and-ents/all?department=Bedding&viewAll=department&page=,£19.00,£19.00/each,,,/groceries/en-GB/products/304857097,https://digitalcontent.api.tesco.com/v2/media/ghs/dd907617-bc17-4081-b081-2947cf86545a/f316969f-84fd-4d90-bfe0-fd0d9b9d7dc7_406920862.jpeg?h=225&w=225,
311355156,Tesco Teal Waffle Cotton Rich Duvet Set Double,https://www.tesco.com/groceries/en-GB/shop/home-and-ents/all?department=Bedding&viewAll=department&page=,£19.00,£19.00/each,,,/groceries/en-GB/products/311355156,https://digitalcontent.api.tesco.com/v2/media/ghs/3e4c9262-f227-4a3e-acd9-038293ecb425/fdb6ca0d-061b-4e3b-8fa1-500ac22de3d8_1568443265.jpeg?h=225&w=225,
311356299,Tesco Navy Waffle Cotton Rich Duvet Set Double,https://www.tesco.com/groceries/en-GB/shop/home-and-ents/all?department=Bedding&viewAll=department&page=,£19.00,£19.00/each,,,/groceries/en-GB/products/311356299,https://digitalcontent.api.tesco.com/v2/media/ghs/197e63fc-ba37-47b8-bc10-76f9c233b945/b98fab60-844d-43ec-a491-8ce3f20612d6_1448286887.jpeg?h=225&w=225,
311354897,Tesco Floral Embroidery Duvet Set Double,https://www.tesco.com/groceries/en-GB/shop/home-and-ents/all?department=Bedding&viewAll=department&page=,£19.00,£19.00/each,,,/groceries/en-GB/products/311354897,https://digitalcontent.api.tesco.com/v2/media/ghs/cf79a992-831e-4ba2-89e1-38d63084cc9d/5383a68f-98b2-4150-99fb-e4dd48048fda_657074447.jpeg?h=225&w=225,
311355352,Tesco Teddy Fitted Sheet King Size,https://www.tesco.com/groceries/en-GB/shop/home-and-ents/all?department=Bedding&viewAll=department&page=,£15.00,£15.00/each,,,/groceries/en-GB/products/311355352,https://digitalcontent.api.tesco.com/v2/media/ghs/39a1ca6d-82f8-4a7a-b9f6-509aa79361b5/28f69cf9-15d9-4c7e-b32e-c96bb0ae6c0f_1677728952.jpeg?h=225&w=225,
310870342,Silent Night Airmax Pillow,https://www.tesco.com/groceries/en-GB/shop/home-and-ents/all?department=Bedding&viewAll=department&page=,£14.00,£14.00/each,,,/groceries/en-GB/products/310870342,https://digitalcontent.api.tesco.com/v2/media/ghs/92d1518c-5c98-417c-8ba6-eb2eae1dadf5/f1ea3c43-9164-4959-82a3-2d4b00e8ce07_1876097796.jpeg?h=225&w=225,
304857039,Tesco Cotton Rich White Seersucker Double,https://www.tesco.com/groceries/en-GB/shop/home-and-ents/all?department=Bedding&viewAll=department&page=,£19.00,£19.00/each,,,/groceries/en-GB/products/304857039,https://digitalcontent.api.tesco.com/v2/media/ghs/44ad927e-b2f7-421f-bd00-4947aee09769/59fc462b-b7ba-4cf5-8797-86ba7c9537eb_592016722.jpeg?h=225&w=225,
296078691,Tesco Anti Allergy Duvet 10.5 Tog Duvet Double,https://www.tesco.com/groceries/en-GB/shop/home-and-ents/all?department=Bedding&viewAll=department&page=,£18.00,£18.00/each,,,/groceries/en-GB/products/296078691,https://digitalcontent.api.tesco.com/v2/media/ghs/674a0971-2f90-47e0-8ed9-a2ee5a729e15/b20b29e3-41f8-4aac-aa82-81e3a5fee2fd_228309679.jpeg?h=225&w=225,
306383043,Tesco Silver Crinkle Duvet Set King,https://www.tesco.com/groceries/en-GB/shop/home-and-ents/all?department=Bedding&viewAll=department&page=,£22.00,£22.00/each,,,/groceries/en-GB/products/306383043,https://digitalcontent.api.tesco.com/v2/media/ghs/e5d8eff1-3c73-4f4a-9b88-e21162cb5f8b/f9157e02-a8db-49bd-87f1-814b721e643f_2140743387.jpeg?h=225&w=225,
311354756,Fox & Ivy White 200 Thread Count Fitted Sheet Single,https://www.tesco.com/groceries/en-GB/shop/home-and-ents/all?department=Bedding&viewAll=department&page=,£14.00,£14.00/each,,,/groceries/en-GB/products/311354756,https://digitalcontent.api.tesco.com/v2/media/ghs/8d30f113-a199-4418-b4f1-5409c0ed2395/35d2f0ce-48c2-4651-96ef-653f5b0d5bfd_1672566989.jpeg?h=225&w=225,
306382672,Tesco Black Check Duvet Set Double,https://www.tesco.com/groceries/en-GB/shop/home-and-ents/all?department=Bedding&viewAll=department&page=,£15.00,£15.00/each,,,/groceries/en-GB/products/306382672,https://digitalcontent.api.tesco.com/v2/media/ghs/4a28dc2f-3ae8-4817-9a22-2dd1529d773a/de323a37-3691-4fd1-8f45-1ad8467332db_2084548316.jpeg?h=225&w=225,
296080088,Tesco Waterproof Towelling Protector Double,https://www.tesco.com/groceries/en-GB/shop/home-and-ents/all?department=Bedding&viewAll=department&page=,£13.00,£13.00/each,,,/groceries/en-GB/products/296080088,https://digitalcontent.api.tesco.com/v2/media/ghs/0026de3a-8dbb-4c42-b5d9-14686622a7e5/0dacf5ca-9540-4b7c-b29e-444d1d045b41_1773316576.jpeg?h=225&w=225,
296297150,Tesco 100% Cotton Fitted Sheet White Double,https://www.tesco.com/groceries/en-GB/shop/home-and-ents/all?department=Bedding&viewAll=department&page=,£11.00,£11.00/each,,,/groceries/en-GB/products/296297150,https://digitalcontent.api.tesco.com/v2/media/ghs/1c628bcb-6432-43cc-956c-1bc59007f4ab/1aa8166e-a880-42a9-ad68-ba7b7445b95c_1849930588.jpeg?h=225&w=225,
300185137,Tesco Brushed Fitted Sheet Silver King Size,https://www.tesco.com/groceries/en-GB/shop/home-and-ents/all?department=Bedding&viewAll=department&page=,£12.00,£12.00/each,£9.00 Clubcard Price,,/groceries/en-GB/products/300185137,https://digitalcontent.api.tesco.com/v2/media/ghs/33be11b8-2fc2-4f10-9fac-855ded19f8ff/c66d07e7-254b-4b50-92fc-b7ec2b5d7c4b_1500033785.jpeg?h=225&w=225,
310485147,Slumberdown Supreme Comfort Pillow - Single,https://www.tesco.com/groceries/en-GB/shop/home-and-ents/all?department=Bedding&viewAll=department&page=,£12.00,£12.00/each,,,/groceries/en-GB/products/310485147,https://digitalcontent.api.tesco.com/v2/media/ghs/5f8ce18b-6a29-4488-ba70-848e66efec20/176e9e64-1d5d-421a-9de5-34fc3dedea45_1939791195.jpeg?h=225&w=225,
296078719,Tesco Anti Allergy Pillow 2 Pack (Firm),https://www.tesco.com/groceries/en-GB/shop/home-and-ents/all?department=Bedding&viewAll=department&page=,£11.00,£5.50/each,,,/groceries/en-GB/products/296078719,https://digitalcontent.api.tesco.com/v2/media/ghs/4b235463-f7d4-4522-baa3-ecb0569c7b3a/51ab704f-ed69-4a31-b244-3c7bbf72b6dd_578062524.jpeg?h=225&w=225,
311355133,Tesco Folk Floral Easy Care Duvet Set Double,https://www.tesco.com/groceries/en-GB/shop/home-and-ents/all?department=Bedding&viewAll=department&page=,£15.00,£15.00/each,,,/groceries/en-GB/products/311355133,https://digitalcontent.api.tesco.com/v2/media/ghs/4c385091-4cc9-4e23-98ae-92f7adb7677c/5d9840fc-c957-4d1d-8dcb-80815cd32454_547219228.jpeg?h=225&w=225,
303687915,Tesco Blue Reversible Duvet Set Single,https://www.tesco.com/groceries/en-GB/shop/home-and-ents/all?department=Bedding&viewAll=department&page=,£10.00,£10.00/each,,,/groceries/en-GB/products/303687915,https://digitalcontent.api.tesco.com/v2/media/ghs/1d10ed6e-42d5-42b4-b27d-e695170cbc2a/2bc5ec80-5c30-49d2-86cd-6d8b5f8c5801_2073763382.jpeg?h=225&w=225,
311356408,Tesco Teddy Fitted Sheet Single,https://www.tesco.com/groceries/en-GB/shop/home-and-ents/all?department=Bedding&viewAll=department&page=,£11.00,£11.00/each,,,/groceries/en-GB/products/311356408,https://digitalcontent.api.tesco.com/v2/media/ghs/b3a7bd6f-f2fb-4978-8fd4-370554b17200/0a5724f9-e4e7-4490-9af1-cd422f1f4b10_695708220.jpeg?h=225&w=225,
307485559,Tesco Dogs Duvet Set Single,https://www.tesco.com/groceries/en-GB/shop/home-and-ents/all?department=Bedding&viewAll=department&page=,£13.00,£13.00/each,,,/groceries/en-GB/products/307485559,https://digitalcontent.api.tesco.com/v2/media/ghs/c51156ad-fbc6-4c13-b519-ae9b8644e1c4/4da11006-c444-4b2d-bd0d-7c573f21dc12_622757371.jpeg?h=225&w=225,
311356224,Tesco Polar Bear Easy Care Duvet Set Single,https://www.tesco.com/groceries/en-GB/shop/home-and-ents/all?department=Bedding&viewAll=department&page=,£13.00,£13.00/each,,,/groceries/en-GB/products/311356224,https://digitalcontent.api.tesco.com/v2/media/ghs/ace908b7-c714-4a98-837f-51f21c4b8c32/97d45cc1-a3db-4cfd-9919-bf43e7986ea7_687839585.jpeg?h=225&w=225,
311356276,Tesco Patchwork Easy Care Duvet Set Single,https://www.tesco.com/groceries/en-GB/shop/home-and-ents/all?department=Bedding&viewAll=department&page=,£13.00,£13.00/each,,,/groceries/en-GB/products/311356276,https://digitalcontent.api.tesco.com/v2/media/ghs/6b9409d3-c75b-472d-9e94-db4c47561a35/6dc8f01d-0503-4954-8e92-7eb8e80cf864_156949490.jpeg?h=225&w=225,
311355064,Tesco Sprig Floral Easy Care Duvet Set Single,https://www.tesco.com/groceries/en-GB/shop/home-and-ents/all?department=Bedding&viewAll=department&page=,£13.00,£13.00/each,,,/groceries/en-GB/products/311355064,https://digitalcontent.api.tesco.com/v2/media/ghs/a9ce374a-a98a-4ffb-b577-c43b685fddcf/5b5528bd-d0f1-43b0-8c94-486584314fc2_238841497.jpeg?h=225&w=225,
303687898,Tesco Black Reversible Duvet Set Double,https://www.tesco.com/groceries/en-GB/shop/home-and-ents/all?department=Bedding&viewAll=department&page=,£12.00,£12.00/each,,,/groceries/en-GB/products/303687898,https://digitalcontent.api.tesco.com/v2/media/ghs/239ad802-c170-4187-9fb7-54cfb678149c/385a1fb2-370e-4c48-9881-390a83fc6f16_1148160610.jpeg?h=225&w=225,
300552969,Tesco Anti Allergy Mattress Protector Double,https://www.tesco.com/groceries/en-GB/shop/home-and-ents/all?department=Bedding&viewAll=department&page=,£10.00,£10.00/each,,,/groceries/en-GB/products/300552969,https://digitalcontent.api.tesco.com/v2/media/ghs/9444b2e6-ff47-479a-af68-da6aa3d31040/9e620ad7-7434-4429-b08d-d9472892274d_217285845.jpeg?h=225&w=225,
296078685,Tesco Anti Allergy 10.5 Tog Duvet Single,https://www.tesco.com/groceries/en-GB/shop/home-and-ents/all?department=Bedding&viewAll=department&page=,£14.00,£14.00/each,,,/groceries/en-GB/products/296078685,https://digitalcontent.api.tesco.com/v2/media/ghs/3a30730d-488a-43e8-b904-b7296b9acc5c/482c416e-51de-4a36-9bcb-8d1a7d76d894_91855537.jpeg?h=225&w=225,
296295617,Tesco Fitted Sheet White King,https://www.tesco.com/groceries/en-GB/shop/home-and-ents/all?department=Bedding&viewAll=department&page=,£8.50,£8.50/each,,,/groceries/en-GB/products/296295617,https://digitalcontent.api.tesco.com/v2/media/ghs/072a22dd-de51-4398-a3c1-b243adb6e4da/18941e27-8a83-4340-a01b-daa5204841cb_1108755293.jpeg?h=225&w=225,
304857172,Tesco Fitted Sheet Silver King,https://www.tesco.com/groceries/en-GB/shop/home-and-ents/all?department=Bedding&viewAll=department&page=,£8.50,£8.50/each,,,/groceries/en-GB/products/304857172,https://digitalcontent.api.tesco.com/v2/media/ghs/59b201c2-4b8f-439f-ac9a-121fcef3eca2/ecaa89d6-c538-42a2-807c-ae3bd3e7bbe5_408806619.jpeg?h=225&w=225,
296080071,Tesco Waterproof Towelling Protector Single,https://www.tesco.com/groceries/en-GB/shop/home-and-ents/all?department=Bedding&viewAll=department&page=,£11.00,£11.00/each,,,/groceries/en-GB/products/296080071,https://digitalcontent.api.tesco.com/v2/media/ghs/1bd9df88-4e23-4ac4-a032-741e97aadba9/11f3f229-7e35-4119-8cb8-461c84b3dd8a_136025562.jpeg?h=225&w=225,
304857166,Tesco Fitted Sheet Silver Double,https://www.tesco.com/groceries/en-GB/shop/home-and-ents/all?department=Bedding&viewAll=department&page=,£7.50,£7.50/each,,,/groceries/en-GB/products/304857166,https://digitalcontent.api.tesco.com/v2/media/ghs/2698a67a-612b-4035-99fd-f0ab5098e4a1/fea7cb33-0823-43f4-a47a-1aac84b61773_256967243.jpeg?h=225&w=225,
311972168,Silent Night Ecru Cotton Rich Pillowcase Pair,https://www.tesco.com/groceries/en-GB/shop/home-and-ents/all?department=Bedding&viewAll=department&page=,£6.00,£3.00/each,,,/groceries/en-GB/products/311972168,https://digitalcontent.api.tesco.com/v2/media/ghs/208f7d42-f958-4d01-9b1b-0f7024fd5dc1/53922a42-5c5b-4632-a376-7b22414c8cb1_1842181425.jpeg?h=225&w=225,
296294590,Tesco 100 Cotton White Oxford,https://www.tesco.com/groceries/en-GB/shop/home-and-ents/all?department=Bedding&viewAll=department&page=,£5.50,£5.50/each,,,/groceries/en-GB/products/296294590,https://digitalcontent.api.tesco.com/v2/media/ghs/72f2cc95-a74c-4dcb-ade1-88017edc2e01/c26d0bec-4b42-465c-bb5b-1e62fb19caa8_1109688338.jpeg?h=225&w=225,
311846802,Tesco Printed Folk Pillowcase Pair,https://www.tesco.com/groceries/en-GB/shop/home-and-ents/all?department=Bedding&viewAll=department&page=,£3.00,£1.50/each,,,/groceries/en-GB/products/311846802,https://digitalcontent.api.tesco.com/v2/media/ghs/eae910ff-3044-44ab-a603-48123ec9ac95/d6ae6fca-6182-4900-9503-ddc23785a5fb_55874005.jpeg?h=225&w=225,
303689429,Tesco Silver Teddy Fleece Duvet Set Double,https://www.tesco.com/groceries/en-GB/shop/home-and-ents/all?department=Bedding&viewAll=department&page=,£30.00,£30.00/each,,,/groceries/en-GB/products/303689429,https://digitalcontent.api.tesco.com/v2/media/ghs/41624015-cb53-46e5-8bba-86584393369a/bd8e1846-d6f3-4c41-8f19-52ad414d8c4a_177348375.jpeg?h=225&w=225,
311355191,Tesco Cream Teddy Duvet Set Kingsize,https://www.tesco.com/groceries/en-GB/shop/home-and-ents/all?department=Bedding&viewAll=department&page=,£35.00,£35.00/each,,,/groceries/en-GB/products/311355191,https://digitalcontent.api.tesco.com/v2/media/ghs/07a2e4af-2208-4763-bed0-064786c312ce/334b3818-b411-41ba-8374-f603fcc3d1f3_725077389.jpeg?h=225&w=225,
311354860,Fox & Ivy Protea Duvet Set King Size,https://www.tesco.com/groceries/en-GB/shop/home-and-ents/all?department=Bedding&viewAll=department&page=,£32.00,£32.00/each,,,/groceries/en-GB/products/311354860,https://digitalcontent.api.tesco.com/v2/media/ghs/ff9bb8f7-db28-4706-81d0-7c745718efdf/3867d54a-db82-4c02-a2c5-fbe3ea372232_2033382284.jpeg?h=225&w=225,
311972220,Silent Night Gry Embossed Floral Duvet Set Double,https://www.tesco.com/groceries/en-GB/shop/home-and-ents/all?department=Bedding&viewAll=department&page=,£23.00,£23.00/each,,,/groceries/en-GB/products/311972220,https://digitalcontent.api.tesco.com/v2/media/ghs/90c14e44-a494-49c5-bce3-782f03a65328/8fddcbe7-45e2-461d-bc7b-026c1606616e_228993437.jpeg?h=225&w=225,
309158536,Minecraft Duvet Set - Double,https://www.tesco.com/groceries/en-GB/shop/home-and-ents/all?department=Bedding&viewAll=department&page=,£22.00,£22.00/each,£16.50 Clubcard Price,,/groceries/en-GB/products/309158536,https://digitalcontent.api.tesco.com/v2/media/ghs/3e64be10-f3e6-496c-9dd2-132e691550f9/0fd8a48c-2876-4ead-a44e-3dad8aed6b17_1462220826.jpeg?h=225&w=225,
296297166,Tesco 100% Cotton Fitted Sheet White King Size,https://www.tesco.com/groceries/en-GB/shop/home-and-ents/all?department=Bedding&viewAll=department&page=,£13.00,£13.00/each,,,/groceries/en-GB/products/296297166,https://digitalcontent.api.tesco.com/v2/media/ghs/9363e63c-a7d9-462b-b8c0-5ede4f6335bb/d5aeca33-db89-4083-b1bb-6e34114616c7_1708627306.jpeg?h=225&w=225,
310870359,Silent Night V Shape Pillow,https://www.tesco.com/groceries/en-GB/shop/home-and-ents/all?department=Bedding&viewAll=department&page=,£15.00,£15.00/each,,,/groceries/en-GB/products/310870359,https://digitalcontent.api.tesco.com/v2/media/ghs/8d58f194-874d-445d-9333-fab2804fe290/d6ebd6d9-5e93-4563-adac-d0c3b006d90f_1268922736.jpeg?h=225&w=225,
306382999,Tesco Embroidered Dot Duvet Set King,https://www.tesco.com/groceries/en-GB/shop/home-and-ents/all?department=Bedding&viewAll=department&page=,£22.00,£22.00/each,,,/groceries/en-GB/products/306382999,https://digitalcontent.api.tesco.com/v2/media/ghs/4b02f143-7deb-4d7e-b60d-5bf0c31f5d29/75c96b4d-706c-4e2b-be03-1336329cc6b1_1993255754.jpeg?h=225&w=225,
311356307,Tesco Navy Waffle Cotton Rich Duvet Set Kingsize,https://www.tesco.com/groceries/en-GB/shop/home-and-ents/all?department=Bedding&viewAll=department&page=,£22.00,£22.00/each,,,/groceries/en-GB/products/311356307,https://digitalcontent.api.tesco.com/v2/media/ghs/72dd694c-3cc7-477b-8575-87ff429fdb4c/a3c6cd9d-e10d-4258-8c53-4848d6acf582_1020907218.jpeg?h=225&w=225,
296297016,Tesco 100% Cotton Fitted Sheet Pale Grey King Size,https://www.tesco.com/groceries/en-GB/shop/home-and-ents/all?department=Bedding&viewAll=department&page=,£13.00,£13.00/each,,,/groceries/en-GB/products/296297016,https://digitalcontent.api.tesco.com/v2/media/ghs/dfcadc6e-313f-4d1c-b81a-773b65fd26e4/eba8ced6-3a81-43fe-9ef1-72fb0d317d1e_2127313730.jpeg?h=225&w=225,
311354937,Tesco Petal Embroidery Duvet Set Double,https://www.tesco.com/groceries/en-GB/shop/home-and-ents/all?department=Bedding&viewAll=department&page=,£19.00,£19.00/each,,,/groceries/en-GB/products/311354937,https://digitalcontent.api.tesco.com/v2/media/ghs/1070bc3f-03d4-4c09-9538-1d57aaec82c2/d746de8d-c383-4cdc-b1c8-719fb060fdc7_1367366531.jpeg?h=225&w=225,
308611779,Tesco Navy Crinkle Duvet Set King,https://www.tesco.com/groceries/en-GB/shop/home-and-ents/all?department=Bedding&viewAll=department&page=,£22.00,£22.00/each,,,/groceries/en-GB/products/308611779,https://digitalcontent.api.tesco.com/v2/media/ghs/54d22100-9c09-4208-b937-b02637ac5866/5e3372e5-25aa-409c-9432-78acd2724310_1526591161.jpeg?h=225&w=225,
310218396,Silent Night Cotton Rich Fitted Sheet White Double,https://www.tesco.com/groceries/en-GB/shop/home-and-ents/all?department=Bedding&viewAll=department&page=,£12.00,£12.00/each,,,/groceries/en-GB/products/310218396,https://digitalcontent.api.tesco.com/v2/media/ghs/f95f97a9-1ea5-4004-bdc0-df36edd19be0/ca732cc3-9722-438e-a3a0-d2a05ab92efd_1336013833.jpeg?h=225&w=225,
296294175,Tesco 100% Cotton Flat White King Size,https://www.tesco.com/groceries/en-GB/shop/home-and-ents/all?department=Bedding&viewAll=department&page=,£14.00,£14.00/each,,,/groceries/en-GB/products/296294175,https://digitalcontent.api.tesco.com/v2/media/ghs/ddc5ab7f-bc14-4dcd-9295-ff49c647d990/bbe64616-0252-4582-b6e3-553a83479cc6_138536914.jpeg?h=225&w=225,
310215042,Tesco Koala Print Duvet Set Double,https://www.tesco.com/groceries/en-GB/shop/home-and-ents/all?department=Bedding&viewAll=department&page=,£15.00,£15.00/each,£11.00 Clubcard Price,,/groceries/en-GB/products/310215042,https://digitalcontent.api.tesco.com/v2/media/ghs/78ab96e8-81a5-443a-b84f-26e6429e0264/7f44b108-4ba8-4e14-aeae-47ae0d3ff5d6_1914948860.jpeg?h=225&w=225,
311355104,Tesco Woodland Easy Care Duvet Set Double,https://www.tesco.com/groceries/en-GB/shop/home-and-ents/all?department=Bedding&viewAll=department&page=,£15.00,£15.00/each,,,/groceries/en-GB/products/311355104,https://digitalcontent.api.tesco.com/v2/media/ghs/2a40c4cf-c083-4988-8dea-0f1a39eaa2d7/626059ce-0be4-4ae4-ac71-466acf5fa13c_1636985992.jpeg?h=225&w=225,
310215192,Tesco Grey Geo Duvet Set Double,https://www.tesco.com/groceries/en-GB/shop/home-and-ents/all?department=Bedding&viewAll=department&page=,£15.00,£15.00/each,,,/groceries/en-GB/products/310215192,https://digitalcontent.api.tesco.com/v2/media/ghs/a1be26d1-6c48-49b8-9ff7-b5b8e312720c/529469b2-e5b1-469f-b4e2-6d127cb6db23_669514788.jpeg?h=225&w=225,
311356253,Tesco Winter Scene Easy Care Duvet Set Double,https://www.tesco.com/groceries/en-GB/shop/home-and-ents/all?department=Bedding&viewAll=department&page=,£15.00,£15.00/each,,,/groceries/en-GB/products/311356253,https://digitalcontent.api.tesco.com/v2/media/ghs/cda9353e-9b9c-4fa5-976e-5c24d56ae7d8/eb9d8d16-e6f3-457d-927e-81a9a78354c7_1066495209.jpeg?h=225&w=225,
306382689,Tesco Black Check Duvet Set King,https://www.tesco.com/groceries/en-GB/shop/home-and-ents/all?department=Bedding&viewAll=department&page=,£17.00,£17.00/each,,,/groceries/en-GB/products/306382689,https://digitalcontent.api.tesco.com/v2/media/ghs/dbda6272-607b-4398-85c7-79d191e107f8/1c637167-0dff-49ab-8996-e39520ac2b52_1369603636.jpeg?h=225&w=225,
307485572,Tesco Dogs Duvet Set King,https://www.tesco.com/groceries/en-GB/shop/home-and-ents/all?department=Bedding&viewAll=department&page=,£17.00,£17.00/each,,,/groceries/en-GB/products/307485572,https://digitalcontent.api.tesco.com/v2/media/ghs/2c2a5e5a-7f56-4b69-ac1f-77c80fc752c8/02e13305-c4c6-43c2-90ee-3d091cd302f9_361831763.jpeg?h=225&w=225,
310215284,Tesco Grey Geo Duvet Set Kingsize,https://www.tesco.com/groceries/en-GB/shop/home-and-ents/all?department=Bedding&viewAll=department&page=,£17.00,£17.00/each,,,/groceries/en-GB/products/310215284,https://digitalcontent.api.tesco.com/v2/media/ghs/ede76262-9ff6-4612-8142-39bf09b66a38/72497948-b6b9-4663-97c4-c4111c343ea7_957332232.jpeg?h=225&w=225,
311356132,Tesco Tiger Easy Care Duvet Set Kingsize,https://www.tesco.com/groceries/en-GB/shop/home-and-ents/all?department=Bedding&viewAll=department&page=,£17.00,£17.00/each,,,/groceries/en-GB/products/311356132,https://digitalcontent.api.tesco.com/v2/media/ghs/8298e653-e615-4d93-bfff-44894f88f956/fd23457c-e48b-47f5-b896-59015bd19fba_2038882480.jpeg?h=225&w=225,
303687881,Tesco Black Reversible Duvet Set Single,https://www.tesco.com/groceries/en-GB/shop/home-and-ents/all?department=Bedding&viewAll=department&page=,£10.00,£10.00/each,,,/groceries/en-GB/products/303687881,https://digitalcontent.api.tesco.com/v2/media/ghs/1741d68f-04a3-4f7d-a130-27fe1416b488/962ccd2e-3035-4d9f-9593-9a0444a9395b_1897216798.jpeg?h=225&w=225,
306382695,Tesco Blue Check Duvet Set Single,https://www.tesco.com/groceries/en-GB/shop/home-and-ents/all?department=Bedding&viewAll=department&page=,£13.00,£13.00/each,,,/groceries/en-GB/products/306382695,https://digitalcontent.api.tesco.com/v2/media/ghs/a855ef28-ce1f-4e43-895b-ae679fad6125/5bcc3653-a12c-4e10-90f8-5b568e2ffe57_765127378.jpeg?h=225&w=225,
307485468,Tesco Pretty Floral Duvet Set Single,https://www.tesco.com/groceries/en-GB/shop/home-and-ents/all?department=Bedding&viewAll=department&page=,£13.00,£13.00/each,,,/groceries/en-GB/products/307485468,https://digitalcontent.api.tesco.com/v2/media/ghs/3728bb30-fc61-4468-a4d6-20c59e4da9c1/5003c572-dca3-4d39-8614-3d68b4321e30_345723144.jpeg?h=225&w=225,
310215186,Tesco Grey Geo Duvet Set Single,https://www.tesco.com/groceries/en-GB/shop/home-and-ents/all?department=Bedding&viewAll=department&page=,£13.00,£13.00/each,,,/groceries/en-GB/products/310215186,https://digitalcontent.api.tesco.com/v2/media/ghs/a1d1852a-65e0-458e-96e8-373a96407d2e/0c938184-4e2e-4bf8-b13b-aa5050f52876_1796326542.jpeg?h=225&w=225,
310216790,Tesco Bee Duvet Set Single,https://www.tesco.com/groceries/en-GB/shop/home-and-ents/all?department=Bedding&viewAll=department&page=,£13.00,£13.00/each,,,/groceries/en-GB/products/310216790,https://digitalcontent.api.tesco.com/v2/media/ghs/6bff32c3-3335-4cef-9819-d3886e205d78/8880c583-4ef0-424b-9577-8d3def70edd8_1376385625.jpeg?h=225&w=225,
296078725,Tesco Anti Allergy Pillow 2 Pack (Medium),https://www.tesco.com/groceries/en-GB/shop/home-and-ents/all?department=Bedding&viewAll=department&page=,£10.00,£5.00/each,,,/groceries/en-GB/products/296078725,https://digitalcontent.api.tesco.com/v2/media/ghs/dfd9df14-1e2a-4693-ba20-0acc551b02ea/0306eca9-b2e3-4681-9612-218e7e37befe_594798083.jpeg?h=225&w=225,
303687921,Tesco Blue Reversible Duvet Set Double,https://www.tesco.com/groceries/en-GB/shop/home-and-ents/all?department=Bedding&viewAll=department&page=,£12.00,£12.00/each,,,/groceries/en-GB/products/303687921,https://digitalcontent.api.tesco.com/v2/media/ghs/c56cd01f-114e-4780-bc75-471d73a10729/8c979e11-f6ad-41b9-ad01-6638201e9056_485199986.jpeg?h=225&w=225,
307485762,Tesco 100% Cotton Wild Flowers Fitted Sheet Single,https://www.tesco.com/groceries/en-GB/shop/home-and-ents/all?department=Bedding&viewAll=department&page=,£9.00,£9.00/each,,,/groceries/en-GB/products/307485762,https://digitalcontent.api.tesco.com/v2/media/ghs/d1ac6897-1537-417f-9182-9ee682794985/84e4ef16-f330-4c5f-a8bc-bff81fbb9792_1497636634.jpeg?h=225&w=225,
302509299,Tesco Soft Touch Topper Single,https://www.tesco.com/groceries/en-GB/shop/home-and-ents/all?department=Bedding&viewAll=department&page=,£11.00,£11.00/each,,,/groceries/en-GB/products/302509299,https://digitalcontent.api.tesco.com/v2/media/ghs/6f114d7f-6090-495d-ac98-6b25e45de649/4ae2f9c0-6eaf-478f-87f2-4be210c733f1_668221921.jpeg?h=225&w=225,
296078869,Tesco Soft Touch Mattress Protector King,https://www.tesco.com/groceries/en-GB/shop/home-and-ents/all?department=Bedding&viewAll=department&page=,£9.00,£9.00/each,,,/groceries/en-GB/products/296078869,https://digitalcontent.api.tesco.com/v2/media/ghs/4929bd41-7953-43d3-8da4-c7d7ff9e8aea/2558f70a-88d1-4dd4-8bb8-c3b67f1c9457_1733662591.jpeg?h=225&w=225,
296297080,Tesco 100 Cotton Fitted Sheet Grey Single,https://www.tesco.com/groceries/en-GB/shop/home-and-ents/all?department=Bedding&viewAll=department&page=,£9.00,£9.00/each,,,/groceries/en-GB/products/296297080,https://digitalcontent.api.tesco.com/v2/media/ghs/9fefeef5-8395-4f5b-8217-eb28ea1af455/e855be1b-8111-4d3d-a497-78c954d21d14_1457617090.jpeg?h=225&w=225,
311846831,Tesco Printed Folk Fitted Sheet Kingsize,https://www.tesco.com/groceries/en-GB/shop/home-and-ents/all?department=Bedding&viewAll=department&page=,£8.50,£8.50/each,,,/groceries/en-GB/products/311846831,https://digitalcontent.api.tesco.com/v2/media/ghs/307a3b34-2899-4e22-a355-1dd9bc0480e4/77a4f1e6-8fc9-4a40-9e45-29d5fea00cb2_101698726.jpeg?h=225&w=225,
296295709,Tesco Fitted Sheet Navy King,https://www.tesco.com/groceries/en-GB/shop/home-and-ents/all?department=Bedding&viewAll=department&page=,£8.50,£8.50/each,,,/groceries/en-GB/products/296295709,https://digitalcontent.api.tesco.com/v2/media/ghs/6f72dda2-a00a-4053-b21c-89b45f146ce1/0a60b6f7-ffcb-43b3-ba39-6f7f4edd8922_127218160.jpeg?h=225&w=225,
296295796,Tesco Fitted Sheet Black King,https://www.tesco.com/groceries/en-GB/shop/home-and-ents/all?department=Bedding&viewAll=department&page=,£8.50,£8.50/each,,,/groceries/en-GB/products/296295796,https://digitalcontent.api.tesco.com/v2/media/ghs/6f4503a6-2ff4-43c5-81c0-359eccec6e2a/f7b20154-9f07-4cfe-ae54-f9cdc7e6ffce_1191995075.jpeg?h=225&w=225,
296295780,Tesco Fitted Sheet Black Double,https://www.tesco.com/groceries/en-GB/shop/home-and-ents/all?department=Bedding&viewAll=department&page=,£7.50,£7.50/each,,,/groceries/en-GB/products/296295780,https://digitalcontent.api.tesco.com/v2/media/ghs/f3b36597-1607-4321-9a6c-6b812007d803/79eb72e6-4bd5-44e1-90be-128d1166a073_1126367962.jpeg?h=225&w=225,
308611612,Tesco Grey Shadow Leaf Duvet Set Single,https://www.tesco.com/groceries/en-GB/shop/home-and-ents/all?department=Bedding&viewAll=department&page=,£13.00,£13.00/each,£9.75 Clubcard Price,,/groceries/en-GB/products/308611612,https://digitalcontent.api.tesco.com/v2/media/ghs/1d8540cd-82a4-4b4e-af64-5e9fe4add3a0/32587d64-ba64-4747-a258-c76e62c1104c_264129782.jpeg?h=225&w=225,
296295773,Tesco Fitted Sheet Black Single,https://www.tesco.com/groceries/en-GB/shop/home-and-ents/all?department=Bedding&viewAll=department&page=,£6.50,£6.50/each,,,/groceries/en-GB/products/296295773,https://digitalcontent.api.tesco.com/v2/media/ghs/76b651f7-3f5d-4b07-ab15-103ae4d52e82/ecc0ae15-6d55-4894-8e6c-627c3ea69076_470241163.jpeg?h=225&w=225,
307485802,Polycotton Chambray Blue Fitted Sheet Single,https://www.tesco.com/groceries/en-GB/shop/home-and-ents/all?department=Bedding&viewAll=department&page=,£6.50,£6.50/each,,,/groceries/en-GB/products/307485802,https://digitalcontent.api.tesco.com/v2/media/ghs/f20729db-eea6-420b-9cea-f559cd294eb6/f122907a-7560-47b4-891c-054dc0e2d3c3_920821722.jpeg?h=225&w=225,
296294647,Tesco 100 Cotton Light Pink Pc Pair,https://www.tesco.com/groceries/en-GB/shop/home-and-ents/all?department=Bedding&viewAll=department&page=,£5.00,£5.00/each,,,/groceries/en-GB/products/296294647,https://digitalcontent.api.tesco.com/v2/media/ghs/5253b26c-8cea-404c-92df-86f29821fcd1/f378cfe7-b8a4-4059-9de7-5906b934d16f_688218711.jpeg?h=225&w=225,
304857349,Tesco Forever Full Duvet King 10.5 Tog,https://www.tesco.com/groceries/en-GB/shop/home-and-ents/all?department=Bedding&viewAll=department&page=,£32.00,£32.00/each,,,/groceries/en-GB/products/304857349,https://digitalcontent.api.tesco.com/v2/media/ghs/29e01d1c-c745-4b3f-8067-ceeaccad2e57/8923854b-d613-4077-9af4-fd90aa7fb5d5_141291646.jpeg?h=225&w=225,
284864648,Silent Night Ultrabounce 10.5 Tog Duvet Double,https://www.tesco.com/groceries/en-GB/shop/home-and-ents/all?department=Bedding&viewAll=department&page=,£28.00,£28.00/each,,,/groceries/en-GB/products/284864648,https://digitalcontent.api.tesco.com/v2/media/ghs/683cfcd9-dcbc-4a9c-8e28-469a46e35535/5297fc01-c6ce-4afd-9f61-26d4ccef2193_1598375102.jpeg?h=225&w=225,
303689435,Tesco Silver Teddy Fleece Duvet Set King,https://www.tesco.com/groceries/en-GB/shop/home-and-ents/all?department=Bedding&viewAll=department&page=,£35.00,£35.00/each,,,/groceries/en-GB/products/303689435,https://digitalcontent.api.tesco.com/v2/media/ghs/db6c08ab-9070-4b1b-87be-ab48ffcfcc35/f8f5f939-04bd-4b40-a040-14387033c290_1314221685.jpeg?h=225&w=225,
311355300,Fox & Ivy Navy Floral Duvet Set Double,https://www.tesco.com/groceries/en-GB/shop/home-and-ents/all?department=Bedding&viewAll=department&page=,£28.00,£28.00/each,,,/groceries/en-GB/products/311355300,https://digitalcontent.api.tesco.com/v2/media/ghs/5e336f32-f641-4d3e-8d11-6dc85dcfc391/89a80fb2-5740-4376-aeb3-b2691c08bc26_795329055.jpeg?h=225&w=225,
311355317,Fox & Ivy Navy Floral Duvet Set Kingsize,https://www.tesco.com/groceries/en-GB/shop/home-and-ents/all?department=Bedding&viewAll=department&page=,£32.00,£32.00/each,,,/groceries/en-GB/products/311355317,https://digitalcontent.api.tesco.com/v2/media/ghs/3a5c3f30-0bcb-4f46-bfda-14b5b45b9c80/cf20ff3a-cd5a-43d1-b563-79f7ac58e322_240399841.jpeg?h=225&w=225,
311354952,Tesco Navy Carved Faux Fur Duvet Set Single,https://www.tesco.com/groceries/en-GB/shop/home-and-ents/all?department=Bedding&viewAll=department&page=,£25.00,£25.00/each,,,/groceries/en-GB/products/311354952,https://digitalcontent.api.tesco.com/v2/media/ghs/a96587e1-fa97-4af5-804f-f65073ddfffc/55b93f85-eb38-4902-88eb-267c3eefd709_914118981.jpeg?h=225&w=225,
311354819,Fox & Ivy White 400 Thread Count Fitted Sheet Kingsize,https://www.tesco.com/groceries/en-GB/shop/home-and-ents/all?department=Bedding&viewAll=department&page=,£20.00,£20.00/each,,,/groceries/en-GB/products/311354819,https://digitalcontent.api.tesco.com/v2/media/ghs/53f3b10a-df60-4308-bcb1-ed3c1f5c648a/1e9ddf99-5b4f-485c-a8fd-f03909d6caae_877608051.jpeg?h=225&w=225,
308926038,Tesco Embroidered Dot Duvet Set Super King,https://www.tesco.com/groceries/en-GB/shop/home-and-ents/all?department=Bedding&viewAll=department&page=,£25.00,£25.00/each,,,/groceries/en-GB/products/308926038,https://digitalcontent.api.tesco.com/v2/media/ghs/410353f2-910a-4dbf-84a6-fa7d5ce2b1bc/91164d83-b877-4820-a603-3ece1f7f19d6_205215211.jpeg?h=225&w=225,
310218540,Silent Night Cotton Rich White Duvet Set Kingsize,https://www.tesco.com/groceries/en-GB/shop/home-and-ents/all?department=Bedding&viewAll=department&page=,£27.00,£27.00/each,,,/groceries/en-GB/products/310218540,https://digitalcontent.api.tesco.com/v2/media/ghs/8bcfdfc5-7e1e-4fe9-9c46-a977a3f0cc38/7392e600-0946-4147-9fdd-ebb3bb2eaa55_1638495459.jpeg?h=225&w=225,
311354802,Fox & Ivy White 400 Thread Count Fitted Sheet Double,https://www.tesco.com/groceries/en-GB/shop/home-and-ents/all?department=Bedding&viewAll=department&page=,£17.00,£17.00/each,,,/groceries/en-GB/products/311354802,https://digitalcontent.api.tesco.com/v2/media/ghs/4b23f826-ee5e-4598-8cc1-5ffa951da920/3529837e-dda6-4cce-99c1-89f65e5f947b_661779941.jpeg?h=225&w=225,
311355254,Tesco Hedgehog Brushed Cotton Duvet Set Kingsize,https://www.tesco.com/groceries/en-GB/shop/home-and-ents/all?department=Bedding&viewAll=department&page=,£25.00,£25.00/each,,,/groceries/en-GB/products/311355254,https://digitalcontent.api.tesco.com/v2/media/ghs/88d961fb-4ba3-428c-a001-5fa5b856df70/8d4f0719-1dea-4684-9043-b357991106d2_1003624971.jpeg?h=225&w=225,
308611749,Tesco Blue Floral Duvet Set Double,https://www.tesco.com/groceries/en-GB/shop/home-and-ents/all?department=Bedding&viewAll=department&page=,£15.00,£15.00/each,,,/groceries/en-GB/products/308611749,https://digitalcontent.api.tesco.com/v2/media/ghs/b3aa8b1b-38fc-40c0-9662-407dfd42fd48/32e4b0ab-e0d8-44b6-8aa1-1c9fe1952160_1772572422.jpeg?h=225&w=225,
296297258,Tesco 100% Cotton Deep Fitted White King,https://www.tesco.com/groceries/en-GB/shop/home-and-ents/all?department=Bedding&viewAll=department&page=,£14.00,£14.00/each,,,/groceries/en-GB/products/296297258,https://digitalcontent.api.tesco.com/v2/media/ghs/2b054add-b6a8-487b-9b04-9301fb8fe1d1/ab1ee004-8b51-4a09-a381-dd01d1057f2d_1064473545.jpeg?h=225&w=225,
284864631,Silent Night Ultrabounce 10.5 Tog Duvet Sngle,https://www.tesco.com/groceries/en-GB/shop/home-and-ents/all?department=Bedding&viewAll=department&page=,£24.00,£24.00/each,,,/groceries/en-GB/products/284864631,https://digitalcontent.api.tesco.com/v2/media/ghs/fb19ddeb-c238-4822-aea6-079835cb841b/2b1b6c79-7ebe-437e-8c9c-b7984eaab393_1036511125.jpeg?h=225&w=225,
308611756,Tesco Blue Floral Duvet Set King,https://www.tesco.com/groceries/en-GB/shop/home-and-ents/all?department=Bedding&viewAll=department&page=,£17.00,£17.00/each,,,/groceries/en-GB/products/308611756,https://digitalcontent.api.tesco.com/v2/media/ghs/c5365e2b-4a3c-4365-80ac-cc0b38b642ae/e2af4912-6cc5-47c4-91b1-18f81ca97bdf_1448007136.jpeg?h=225&w=225,
311355029,Tesco Frill Brushed Cotton Duvet Set Double,https://www.tesco.com/groceries/en-GB/shop/home-and-ents/all?department=Bedding&viewAll=department&page=,£20.00,£20.00/each,,,/groceries/en-GB/products/311355029,https://digitalcontent.api.tesco.com/v2/media/ghs/28ea97a3-3a6b-4c3b-aa4a-2b209bb461c3/708c20ac-4276-407a-a047-2be1c26be61a_776816453.jpeg?h=225&w=225,
311354762,Fox & Ivy White 200 Thread Count Fitted Sheet Double,https://www.tesco.com/groceries/en-GB/shop/home-and-ents/all?department=Bedding&viewAll=department&page=,£15.00,£15.00/each,,,/groceries/en-GB/products/311354762,https://digitalcontent.api.tesco.com/v2/media/ghs/99b79313-5cc7-4010-8f7a-c9d74d3f17fd/314bf7a6-2de5-4a35-a033-253d0137ac70_440600105.jpeg?h=225&w=225,
296080094,Tesco Waterproof Towelling Protector King,https://www.tesco.com/groceries/en-GB/shop/home-and-ents/all?department=Bedding&viewAll=department&page=,£15.00,£15.00/each,,,/groceries/en-GB/products/296080094,https://digitalcontent.api.tesco.com/v2/media/ghs/5a7f0c38-cdcc-4e8c-a49f-ec062460ae7d/b1fdcb23-5949-4231-9028-4f9d8178f378_1240398453.jpeg?h=225&w=225,
307485629,Tesco Wild Flowers Printed Seersucker King,https://www.tesco.com/groceries/en-GB/shop/home-and-ents/all?department=Bedding&viewAll=department&page=,£22.00,£22.00/each,,,/groceries/en-GB/products/307485629,https://digitalcontent.api.tesco.com/v2/media/ghs/74a4f192-28c9-4ed3-9ef0-151ce2f02572/463d6635-00de-4ded-92d1-0c218e55c683_297285944.jpeg?h=225&w=225,
309158529,Minecraft Duvet Set - Single,https://www.tesco.com/groceries/en-GB/shop/home-and-ents/all?department=Bedding&viewAll=department&page=,£18.00,£18.00/each,£13.50 Clubcard Price,,/groceries/en-GB/products/309158529,https://digitalcontent.api.tesco.com/v2/media/ghs/73da17e2-8977-451d-a156-9528bb23c602/275416ca-abe5-4742-8b88-457303f7ff72_2051822026.jpeg?h=225&w=225,
311972180,Silent Night Ecru Cotton Rich Fitted Sheet Kingsize,https://www.tesco.com/groceries/en-GB/shop/home-and-ents/all?department=Bedding&viewAll=department&page=,£13.00,£13.00/each,,,/groceries/en-GB/products/311972180,https://digitalcontent.api.tesco.com/v2/media/ghs/7f5a9059-dd47-430c-a23f-c15053d6aa0c/53dc0a9b-dbba-4962-8d1a-bd0d8b0036d2_1944144055.jpeg?h=225&w=225,
296297108,Tesco 100 Cotton Grey King Size,https://www.tesco.com/groceries/en-GB/shop/home-and-ents/all?department=Bedding&viewAll=department&page=,£13.00,£13.00/each,,,/groceries/en-GB/products/296297108,https://digitalcontent.api.tesco.com/v2/media/ghs/875894aa-c8aa-4253-a9a6-4716f307a7d7/eba9cf21-ccf5-4de4-9f45-01aec5d701ff_1709947397.jpeg?h=225&w=225,
311356218,Tesco Gaming Easy Care Duvet Set Double,https://www.tesco.com/groceries/en-GB/shop/home-and-ents/all?department=Bedding&viewAll=department&page=,£16.00,£16.00/each,,,/groceries/en-GB/products/311356218,https://digitalcontent.api.tesco.com/v2/media/ghs/fe1227ca-d77a-4b69-894a-59aaafe4a000/a19c1fe8-c4e0-4ac0-8ad6-229da4f56987_923354930.jpeg?h=225&w=225,
310485124,Slumberdown Supreme Duck Feather Pillow,https://www.tesco.com/groceries/en-GB/shop/home-and-ents/all?department=Bedding&viewAll=department&page=,£12.00,£12.00/each,,,/groceries/en-GB/products/310485124,https://digitalcontent.api.tesco.com/v2/media/ghs/f54f05ae-dbc3-4cec-82c3-89fc5e18d8fb/78b6a47d-de00-4537-89a9-9d296e3f7900_2050218140.jpeg?h=225&w=225,
310215226,Tesco Grey Stripe Duvet Set Double,https://www.tesco.com/groceries/en-GB/shop/home-and-ents/all?department=Bedding&viewAll=department&page=,£15.00,£15.00/each,,,/groceries/en-GB/products/310215226,https://digitalcontent.api.tesco.com/v2/media/ghs/30ede753-1eed-44fb-8aae-a576294376c7/16f1a871-216d-460c-9dee-bac2434a1ff4_1857755139.jpeg?h=225&w=225,
311356230,Tesco Polar Bear Easy Care Duvet Set Double,https://www.tesco.com/groceries/en-GB/shop/home-and-ents/all?department=Bedding&viewAll=department&page=,£15.00,£15.00/each,,,/groceries/en-GB/products/311356230,https://digitalcontent.api.tesco.com/v2/media/ghs/e6081482-dd60-4cf8-bf6e-bba5d2d1af78/72434d2c-c063-4fa3-9dc6-0eca1e26f6b0_455861568.jpeg?h=225&w=225,
310215088,Tesco Blue Oversized Check Duvet Set Double,https://www.tesco.com/groceries/en-GB/shop/home-and-ents/all?department=Bedding&viewAll=department&page=,£15.00,£15.00/each,,,/groceries/en-GB/products/310215088,https://digitalcontent.api.tesco.com/v2/media/ghs/8ebdbe87-78ce-462d-b4d2-50bd78c00618/d17f1c5f-3480-47af-9462-7c4bbe2add7e_1526171684.jpeg?h=225&w=225,
296297235,Tesco 100% Cotton Deep Fitted White Single,https://www.tesco.com/groceries/en-GB/shop/home-and-ents/all?department=Bedding&viewAll=department&page=,£10.00,£10.00/each,,,/groceries/en-GB/products/296297235,https://digitalcontent.api.tesco.com/v2/media/ghs/bed846b7-940e-4735-bbd0-aefe48aae020/0b03f41a-2c96-4ce2-b298-41bd90b4cd2f_321368976.jpeg?h=225&w=225,
311354612,Tesco Easy Care Sheep Duvet Set Double,https://www.tesco.com/groceries/en-GB/shop/home-and-ents/all?department=Bedding&viewAll=department&page=,£15.00,£15.00/each,£11.00 Clubcard Price,,/groceries/en-GB/products/311354612,https://digitalcontent.api.tesco.com/v2/media/ghs/35396d3e-2870-4bcb-b7b8-0a9cc63a9901/058d216a-a487-4d6c-ac14-44194b6f6610_1351703379.jpeg?h=225&w=225,
308611635,Tesco Grey Shadow Leaf Duvet Set King,https://www.tesco.com/groceries/en-GB/shop/home-and-ents/all?department=Bedding&viewAll=department&page=,£17.00,£17.00/each,£12.50 Clubcard Price,,/groceries/en-GB/products/308611635,https://digitalcontent.api.tesco.com/v2/media/ghs/afb33345-30f6-4e49-b813-06e3987b9ba1/ae72b487-cfd5-4883-9993-0a796f24a421_1155838533.jpeg?h=225&w=225,
300552976,Tesco Anti Allergy Mattress Protector King,https://www.tesco.com/groceries/en-GB/shop/home-and-ents/all?department=Bedding&viewAll=department&page=,£11.00,£11.00/each,,,/groceries/en-GB/products/300552976,https://digitalcontent.api.tesco.com/v2/media/ghs/27e6d5d5-d878-4b20-a3f9-e3e8a235f7bf/ca310547-e185-468b-98f5-ec8b5a29f581_1018128075.jpeg?h=225&w=225,
310215094,Tesco Blue Oversized Check Duvet Set Kingsize,https://www.tesco.com/groceries/en-GB/shop/home-and-ents/all?department=Bedding&viewAll=department&page=,£17.00,£17.00/each,,,/groceries/en-GB/products/310215094,https://digitalcontent.api.tesco.com/v2/media/ghs/90665931-cdfc-4252-be83-f6ba3f9a7949/a342fff5-acd2-4f91-8aea-35bf3695e952_2112614424.jpeg?h=225&w=225,
310215036,Tesco Koala Print Duvet Set Single,https://www.tesco.com/groceries/en-GB/shop/home-and-ents/all?department=Bedding&viewAll=department&page=,£13.00,£13.00/each,£9.75 Clubcard Price,,/groceries/en-GB/products/310215036,https://digitalcontent.api.tesco.com/v2/media/ghs/097e3a6c-c89e-4e4b-a87e-e9c6c4554b51/10d3394b-e78e-4f49-b4d0-8da79465468d_221754222.jpeg?h=225&w=225,
310215217,Tesco Grey Stripe Duvet Set Single,https://www.tesco.com/groceries/en-GB/shop/home-and-ents/all?department=Bedding&viewAll=department&page=,£13.00,£13.00/each,,,/groceries/en-GB/products/310215217,https://digitalcontent.api.tesco.com/v2/media/ghs/6c36f16d-7e59-41de-a12b-c239547a99b3/3a411f4a-a4c6-4099-a082-99b3e9602e54_1959040598.jpeg?h=225&w=225,
311356201,Tesco Gaming Easy Care Duvet Set Single,https://www.tesco.com/groceries/en-GB/shop/home-and-ents/all?department=Bedding&viewAll=department&page=,£13.00,£13.00/each,,,/groceries/en-GB/products/311356201,https://digitalcontent.api.tesco.com/v2/media/ghs/3afb2e0b-5895-4015-aeca-f2563ca08a95/312b4c94-af39-436d-bfeb-9585a8f7c531_599203278.jpeg?h=225&w=225,
296296962,Tesco 100 Cotton Fitted Sheet Light Pink Single,https://www.tesco.com/groceries/en-GB/shop/home-and-ents/all?department=Bedding&viewAll=department&page=,£9.00,£9.00/each,,,/groceries/en-GB/products/296296962,https://digitalcontent.api.tesco.com/v2/media/ghs/b7af321f-82d5-4949-a078-8cf9646550d1/26fa4725-d5f4-4fa2-bd5e-2720b133fb9f_2111773608.jpeg?h=225&w=225,
311846825,Tesco Printed Folk Fitted Sheet Double,https://www.tesco.com/groceries/en-GB/shop/home-and-ents/all?department=Bedding&viewAll=department&page=,£7.50,£7.50/each,,,/groceries/en-GB/products/311846825,https://digitalcontent.api.tesco.com/v2/media/ghs/59eab229-1ed3-4667-b29a-bb3b906ee1d3/3d376f33-bad7-4e07-a276-df335cb45994_1241281224.jpeg?h=225&w=225,
296078967,Tesco Anti Allergy Pillow Protector Pair,https://www.tesco.com/groceries/en-GB/shop/home-and-ents/all?department=Bedding&viewAll=department&page=,£7.00,£3.50/each,,,/groceries/en-GB/products/296078967,https://digitalcontent.api.tesco.com/v2/media/ghs/a71ad167-15c1-4461-8802-2d220bb9fb01/9d161bf0-dd2e-430e-89b1-e831cfb4ebf6_1972877299.jpeg?h=225&w=225,
311846819,Tesco Printed Folk Fitted Sheet Single,https://www.tesco.com/groceries/en-GB/shop/home-and-ents/all?department=Bedding&viewAll=department&page=,£6.50,£6.50/each,,,/groceries/en-GB/products/311846819,https://digitalcontent.api.tesco.com/v2/media/ghs/36a9e196-52d4-4a76-825c-b6b07a6bd0c6/08f929b8-3aed-4982-8d81-78d4ebee544a_1468440366.jpeg?h=225&w=225,
307485756,Tesco 100 Cotton Wild Flowers Hw Pc Pair,https://www.tesco.com/groceries/en-GB/shop/home-and-ents/all?department=Bedding&viewAll=department&page=,£5.00,£5.00/each,,,/groceries/en-GB/products/307485756,https://digitalcontent.api.tesco.com/v2/media/ghs/43c789ed-ced6-4822-86b2-74fc2bd622b0/ae202622-ec9d-403b-abee-c762473ab803_1883848240.jpeg?h=225&w=225,
307485791,Tesco Chambray Blue Pillowcase Pair,https://www.tesco.com/groceries/en-GB/shop/home-and-ents/all?department=Bedding&viewAll=department&page=,£3.00,£3.00/each,,,/groceries/en-GB/products/307485791,https://digitalcontent.api.tesco.com/v2/media/ghs/5c6eb06d-40fa-45a5-bfbe-b4038b1c9f4f/c577827f-17e5-4907-8393-06b756d22ff5_2018552365.jpeg?h=225&w=225,
310892347,Silent Night Airmax Topper Double,https://www.tesco.com/groceries/en-GB/shop/home-and-ents/all?department=Bedding&viewAll=department&page=,£40.00,£40.00/each,,,/groceries/en-GB/products/310892347,https://digitalcontent.api.tesco.com/v2/media/ghs/6228f5b9-70a1-47c7-86ed-adaf47330ce7/443cec68-e70d-4f8b-8b5b-eb9fd2ca7d40_860830903.jpeg?h=225&w=225,
311356397,Fox & Ivy Navy Velvet Duvet Set Kingsize,https://www.tesco.com/groceries/en-GB/shop/home-and-ents/all?department=Bedding&viewAll=department&page=,£40.00,£40.00/each,,,/groceries/en-GB/products/311356397,https://digitalcontent.api.tesco.com/v2/media/ghs/9f201c73-b3a0-4759-a4d2-08cc5362b368/76703f0e-83fe-4599-acf1-89315cadad48_1785056175.jpeg?h=225&w=225,
311354825,Fox & Ivy White 400 Thread Count Fitted Sheet Superking,https://www.tesco.com/groceries/en-GB/shop/home-and-ents/all?department=Bedding&viewAll=department&page=,£23.00,£23.00/each,,,/groceries/en-GB/products/311354825,https://digitalcontent.api.tesco.com/v2/media/ghs/6c6653e5-c81b-48ab-bb83-6cc2fa489a41/c5150819-ea2b-4644-8986-6805bda299da_706967647.jpeg?h=225&w=225,
311354969,Tesco Navy Carved Faux Fur Duvet Set Double,https://www.tesco.com/groceries/en-GB/shop/home-and-ents/all?department=Bedding&viewAll=department&page=,£30.00,£30.00/each,,,/groceries/en-GB/products/311354969,https://digitalcontent.api.tesco.com/v2/media/ghs/0a4edab5-552e-4900-ba53-5b3d3bc8d2df/ef1baf29-80d2-4604-92cf-fe7eb9c92f41_971817140.jpeg?h=225&w=225,
311356345,Tesco Artic Faux Fur Duvet Set Double,https://www.tesco.com/groceries/en-GB/shop/home-and-ents/all?department=Bedding&viewAll=department&page=,£30.00,£30.00/each,£24.00 Clubcard Price,,/groceries/en-GB/products/311356345,https://digitalcontent.api.tesco.com/v2/media/ghs/5a3e67d5-b02b-4216-a561-dd2bd9afa673/a2ff6577-fc27-4de2-9ed7-357325dc37ab_738492739.jpeg?h=225&w=225,
311972266,Silent Night White Pinched Pleat Duvet Set Superking,https://www.tesco.com/groceries/en-GB/shop/home-and-ents/all?department=Bedding&viewAll=department&page=,£29.00,£29.00/each,,,/groceries/en-GB/products/311972266,https://digitalcontent.api.tesco.com/v2/media/ghs/cc1693de-9e2f-4a20-be96-2fe7a874e765/29b3fb7e-d678-4910-a6b9-fde4a72b3f1d_1966568229.jpeg?h=225&w=225,
307470998,Hinch Grey Velvet Bedspread,https://www.tesco.com/groceries/en-GB/shop/home-and-ents/all?department=Bedding&viewAll=department&page=,£35.00,£35.00/each,£28.00 Clubcard Price,,/groceries/en-GB/products/307470998,https://digitalcontent.api.tesco.com/v2/media/ghs/3c10e54b-9c8f-40ae-b763-78320ccd51f2/aede690c-812f-40a6-90f4-4b9d4dc9a119_1421284336.jpeg?h=225&w=225,
310218534,Silent Night Cotton Rich White Duvet Set Double,https://www.tesco.com/groceries/en-GB/shop/home-and-ents/all?department=Bedding&viewAll=department&page=,£24.00,£24.00/each,,,/groceries/en-GB/products/310218534,https://digitalcontent.api.tesco.com/v2/media/ghs/9e5b423d-c4b8-48de-a0c6-4eb2528cbda2/75bca945-55f4-4a51-8df9-cab131ab9b9e_489155333.jpeg?h=225&w=225,
307470946,Hinch Oversized Seersucker White King Size,https://www.tesco.com/groceries/en-GB/shop/home-and-ents/all?department=Bedding&viewAll=department&page=,£30.00,£30.00/each,£24.00 Clubcard Price,,/groceries/en-GB/products/307470946,https://digitalcontent.api.tesco.com/v2/media/ghs/f67ac7b0-9684-4d8f-8c81-a0edc353514c/e8a283c6-4d2e-4a56-8651-665d22660ad2_1522575939.jpeg?h=225&w=225,
307470975,Hinch Oversized Seersucker Silver King Size,https://www.tesco.com/groceries/en-GB/shop/home-and-ents/all?department=Bedding&viewAll=department&page=,£30.00,£30.00/each,£24.00 Clubcard Price,,/groceries/en-GB/products/307470975,https://digitalcontent.api.tesco.com/v2/media/ghs/a8829028-5927-4cb1-99a2-78ecc3439840/82c6c42d-7278-467c-93f7-0fbaf7ebfe77_106758872.jpeg?h=225&w=225,
311355248,Tesco Hedgehog Brushed Cotton Duvet Set Double,https://www.tesco.com/groceries/en-GB/shop/home-and-ents/all?department=Bedding&viewAll=department&page=,£20.00,£20.00/each,,,/groceries/en-GB/products/311355248,https://digitalcontent.api.tesco.com/v2/media/ghs/12a9a091-1971-4caa-820f-6d0b76c8b403/63ac5661-d08b-45c6-b9b4-cdd03a604a93_1549960813.jpeg?h=225&w=225,
307485612,Tesco Wild Flowers Printed Seersucker Double,https://www.tesco.com/groceries/en-GB/shop/home-and-ents/all?department=Bedding&viewAll=department&page=,£19.00,£19.00/each,,,/groceries/en-GB/products/307485612,https://digitalcontent.api.tesco.com/v2/media/ghs/caecbe4f-c4c8-40e4-b94f-37da19614385/1bf8f224-b18b-4a5b-9752-0cdd29d4a7ef_1631439389.jpeg?h=225&w=225,
306383037,Tesco Silver Crinkle Duvet Set Double,https://www.tesco.com/groceries/en-GB/shop/home-and-ents/all?department=Bedding&viewAll=department&page=,£19.00,£19.00/each,,,/groceries/en-GB/products/306383037,https://digitalcontent.api.tesco.com/v2/media/ghs/46cf2b96-a21c-4f65-a5bd-380d3050c942/82b5d1ad-2995-47e3-90f8-8ebdd035c9d2_542689150.jpeg?h=225&w=225,
311354917,Tesco Clipped Jacquard Duvet Set Double,https://www.tesco.com/groceries/en-GB/shop/home-and-ents/all?department=Bedding&viewAll=department&page=,£19.00,£19.00/each,,,/groceries/en-GB/products/311354917,https://digitalcontent.api.tesco.com/v2/media/ghs/c2b88ee5-8cdd-4765-8679-a0c024e42a68/816bca08-7bbf-45bd-948d-8396971b66d5_1743871875.jpeg?h=225&w=225,
311354877,Tesco Teal Seersucker Cotton Rich Duvet Set Double,https://www.tesco.com/groceries/en-GB/shop/home-and-ents/all?department=Bedding&viewAll=department&page=,£19.00,£19.00/each,,,/groceries/en-GB/products/311354877,https://digitalcontent.api.tesco.com/v2/media/ghs/f93be968-7971-43fd-b9fb-2fda8d9b953c/b44328c1-0f83-4025-b0db-8f1067f1dc18_806201112.jpeg?h=225&w=225,
306894705,Tesco Cotton Rich White Waffle Duvet Set Super King,https://www.tesco.com/groceries/en-GB/shop/home-and-ents/all?department=Bedding&viewAll=department&page=,£25.00,£25.00/each,,,/groceries/en-GB/products/306894705,https://digitalcontent.api.tesco.com/v2/media/ghs/7d210fc3-f2c6-4cb4-ab00-2fbd62a693b4/0b1e3713-45f2-4a54-9afb-b8b0742a59ff_2093712767.jpeg?h=225&w=225,
307485785,Tesco 100 Cotton Wild Flowers Fitted Sheet King Size,https://www.tesco.com/groceries/en-GB/shop/home-and-ents/all?department=Bedding&viewAll=department&page=,£13.00,£13.00/each,,,/groceries/en-GB/products/307485785,https://digitalcontent.api.tesco.com/v2/media/ghs/503d3f5d-c3b2-4fb5-97d9-a8fcfc54f9f1/feb285b2-e0a3-4cfd-87c4-a8aa25906cea_2112238355.jpeg?h=225&w=225,
296296985,Tesco 100% Cotton Light Pink King Size,https://www.tesco.com/groceries/en-GB/shop/home-and-ents/all?department=Bedding&viewAll=department&page=,£13.00,£13.00/each,,,/groceries/en-GB/products/296296985,https://digitalcontent.api.tesco.com/v2/media/ghs/fdc076e7-0e49-4c5f-9239-f1a7dee94241/5061a543-550e-4586-bf34-949409fa63a9_734769523.jpeg?h=225&w=225,
311355231,Tesco Hedgehog Brushed Cotton Duvet Set Single,https://www.tesco.com/groceries/en-GB/shop/home-and-ents/all?department=Bedding&viewAll=department&page=,£15.00,£15.00/each,,,/groceries/en-GB/products/311355231,https://digitalcontent.api.tesco.com/v2/media/ghs/df9d4ebc-3247-4e7f-8c45-b8675190dec7/45f45f7a-6767-473d-8d72-4dec24c5b876_2019365682.jpeg?h=225&w=225,
311972174,Silent Night Ecru Cotton Rich Fitted Sheet Double,https://www.tesco.com/groceries/en-GB/shop/home-and-ents/all?department=Bedding&viewAll=department&page=,£12.00,£12.00/each,,,/groceries/en-GB/products/311972174,https://digitalcontent.api.tesco.com/v2/media/ghs/cec613a3-6b95-43f2-b5a4-99dd3746aa37/4e4be3f4-4db8-4957-8cbd-28cefe12a9bb_477718579.jpeg?h=225&w=225,
306382706,Tesco Blue Check Duvet Set Double,https://www.tesco.com/groceries/en-GB/shop/home-and-ents/all?department=Bedding&viewAll=department&page=,£15.00,£15.00/each,,,/groceries/en-GB/products/306382706,https://digitalcontent.api.tesco.com/v2/media/ghs/54ce1861-0233-4fbb-ad8d-1ca1ea605021/38d4debd-8a87-4fad-b34a-140f22521f72_1914983701.jpeg?h=225&w=225,
311356190,Tesco Stars Easy Care Duvet Set Double,https://www.tesco.com/groceries/en-GB/shop/home-and-ents/all?department=Bedding&viewAll=department&page=,£15.00,£15.00/each,,,/groceries/en-GB/products/311356190,https://digitalcontent.api.tesco.com/v2/media/ghs/d010556c-1093-4469-9f30-5a03b784690d/58f512f0-7ece-4adb-b164-aaa91a3cd751_415373437.jpeg?h=225&w=225,
310216801,Tesco Bee Duvet Set Double,https://www.tesco.com/groceries/en-GB/shop/home-and-ents/all?department=Bedding&viewAll=department&page=,£15.00,£15.00/each,,,/groceries/en-GB/products/310216801,https://digitalcontent.api.tesco.com/v2/media/ghs/1e4de269-62e6-47bd-afc4-74f16d54fa16/5bfa41a1-f1bf-40c5-8dde-f2b82b1f5519_69788287.jpeg?h=225&w=225,
311356126,Tesco Tiger Easy Care Duvet Set Double,https://www.tesco.com/groceries/en-GB/shop/home-and-ents/all?department=Bedding&viewAll=department&page=,£15.00,£15.00/each,,,/groceries/en-GB/products/311356126,https://digitalcontent.api.tesco.com/v2/media/ghs/0faf5419-6d71-49ee-9026-f2cf2fa6bd5b/19a435c6-da0e-4b68-a598-663a5a97ba17_18400665.jpeg?h=225&w=225,
307485566,Tesco Dogs Duvet Set Double,https://www.tesco.com/groceries/en-GB/shop/home-and-ents/all?department=Bedding&viewAll=department&page=,£15.00,£15.00/each,,,/groceries/en-GB/products/307485566,https://digitalcontent.api.tesco.com/v2/media/ghs/ba4c62d1-56e0-4b1e-8f71-16cf58949797/0d190b3f-0747-4c0e-969e-99be1e549859_1991728597.jpeg?h=225&w=225,
296297097,Tesco 100% Cotton Fitted Sheet Grey Double,https://www.tesco.com/groceries/en-GB/shop/home-and-ents/all?department=Bedding&viewAll=department&page=,£11.00,£11.00/each,,,/groceries/en-GB/products/296297097,https://digitalcontent.api.tesco.com/v2/media/ghs/08e91a0d-9473-4413-9863-b5336cdee5e5/23ceac88-58ca-4a42-b164-6dc66fbd1a55_1197755333.jpeg?h=225&w=225,
307485779,Tesco 100 Cotton Wild Flowers Fitted Sheet Double,https://www.tesco.com/groceries/en-GB/shop/home-and-ents/all?department=Bedding&viewAll=department&page=,£11.00,£11.00/each,,,/groceries/en-GB/products/307485779,https://digitalcontent.api.tesco.com/v2/media/ghs/9fda3f63-1768-41fa-8a78-a827b6c08afb/fb7459ec-e04f-4a58-96e4-a0d86411908e_35817158.jpeg?h=225&w=225,
311355070,Tesco Sprig Floral Easy Care Duvet Set Double,https://www.tesco.com/groceries/en-GB/shop/home-and-ents/all?department=Bedding&viewAll=department&page=,£15.00,£15.00/each,,,/groceries/en-GB/products/311355070,https://digitalcontent.api.tesco.com/v2/media/ghs/81633bc5-7a15-4ffd-b714-86ad6502b817/eba98de9-9d70-4c22-b159-823bc7bf5b1b_864411858.jpeg?h=225&w=225,
307485474,Tesco Pretty Floral Duvet Set Double,https://www.tesco.com/groceries/en-GB/shop/home-and-ents/all?department=Bedding&viewAll=department&page=,£15.00,£15.00/each,,,/groceries/en-GB/products/307485474,https://digitalcontent.api.tesco.com/v2/media/ghs/30e58f66-5be1-4396-8245-309c94b5adee/414292f9-fad5-4373-8ac5-63677aa77b3d_58907112.jpeg?h=225&w=225,
311354629,Tesco Sheep Duvet Set King Size,https://www.tesco.com/groceries/en-GB/shop/home-and-ents/all?department=Bedding&viewAll=department&page=,£17.00,£17.00/each,£12.50 Clubcard Price,,/groceries/en-GB/products/311354629,https://digitalcontent.api.tesco.com/v2/media/ghs/0f9d1deb-0d5b-4770-b13e-532bbd3c2beb/daa265d0-0dfc-460f-85f2-6d52949429ce_463532697.jpeg?h=225&w=225,
310216818,Tesco Bee Duvet Set Kingsize,https://www.tesco.com/groceries/en-GB/shop/home-and-ents/all?department=Bedding&viewAll=department&page=,£17.00,£17.00/each,,,/groceries/en-GB/products/310216818,https://digitalcontent.api.tesco.com/v2/media/ghs/2cbbaf17-d5e7-4f89-a0e3-ccbbfcef8650/6576614e-2db3-42f2-84b7-6ca81795445a_622021493.jpeg?h=225&w=225,
303687909,Tesco Black Reversible Duvet Set King,https://www.tesco.com/groceries/en-GB/shop/home-and-ents/all?department=Bedding&viewAll=department&page=,£14.00,£14.00/each,,,/groceries/en-GB/products/303687909,https://digitalcontent.api.tesco.com/v2/media/ghs/b42a3c3b-a7f6-47d0-b144-4798bd241a9f/ed8e32e3-721d-4c66-be9a-dc572e008902_256834544.jpeg?h=225&w=225,
306382666,Tesco Black Check Duvet Set Single,https://www.tesco.com/groceries/en-GB/shop/home-and-ents/all?department=Bedding&viewAll=department&page=,£13.00,£13.00/each,,,/groceries/en-GB/products/306382666,https://digitalcontent.api.tesco.com/v2/media/ghs/1db4d69f-136d-4829-a97f-e8a6ac80487c/f7ceb3ef-3fa7-457b-9d68-7a30fa41913b_19116892.jpeg?h=225&w=225,
296296979,Tesco 100% Cotton Fitted Sheet Light Pink Double,https://www.tesco.com/groceries/en-GB/shop/home-and-ents/all?department=Bedding&viewAll=department&page=,£11.00,£11.00/each,,,/groceries/en-GB/products/296296979,https://digitalcontent.api.tesco.com/v2/media/ghs/51b29b4d-1cd0-4375-a35b-26d39af2aa21/dbb45afc-fa07-4a7d-86f3-3b66eff369bb_843852752.jpeg?h=225&w=225,
311355087,Tesco Sprig Floral Easy Care Duvet Set Kingsize,https://www.tesco.com/groceries/en-GB/shop/home-and-ents/all?department=Bedding&viewAll=department&page=,£17.00,£17.00/each,,,/groceries/en-GB/products/311355087,https://digitalcontent.api.tesco.com/v2/media/ghs/e0ade7d6-0dca-4747-8ec5-cd5cd85e6df1/29f47013-6509-44d6-8829-f205680837c3_464010043.jpeg?h=225&w=225,
311846883,Tesco Tiger Easy Care Duvet Set Single,https://www.tesco.com/groceries/en-GB/shop/home-and-ents/all?department=Bedding&viewAll=department&page=,£13.00,£13.00/each,,,/groceries/en-GB/products/311846883,https://digitalcontent.api.tesco.com/v2/media/ghs/8194177d-b41a-4a14-91f5-5e221503d9b2/a6cea459-f78e-4749-b51b-d3e1694bde1a_991608682.jpeg?h=225&w=225,
311356161,Tesco Navy Geo Easy Care Duvet Set Single,https://www.tesco.com/groceries/en-GB/shop/home-and-ents/all?department=Bedding&viewAll=department&page=,£13.00,£13.00/each,,,/groceries/en-GB/products/311356161,https://digitalcontent.api.tesco.com/v2/media/ghs/b3e9b9c1-0fbb-469a-8d1b-08f34c11071b/566a4e62-14f3-4869-b302-23b5b1a4caa6_1832204520.jpeg?h=225&w=225,
311355041,Tesco Leopard Easy Care Duvet Set Single,https://www.tesco.com/groceries/en-GB/shop/home-and-ents/all?department=Bedding&viewAll=department&page=,£13.00,£13.00/each,,,/groceries/en-GB/products/311355041,https://digitalcontent.api.tesco.com/v2/media/ghs/093c9d79-18c8-4f4e-9784-90adb52249dc/e517ab17-b212-44ea-a210-1f5b30b83e3c_155551375.jpeg?h=225&w=225,
311356184,Tesco Stars Easy Care Duvet Set Single,https://www.tesco.com/groceries/en-GB/shop/home-and-ents/all?department=Bedding&viewAll=department&page=,£13.00,£13.00/each,,,/groceries/en-GB/products/311356184,https://digitalcontent.api.tesco.com/v2/media/ghs/a578f609-45b0-4fb0-bb40-9fe411c8f9fb/ab4ceb5c-3e9b-4e69-a925-ef9df0d7d1b2_128698883.jpeg?h=225&w=225,
308611733,Tesco Blue Floral Duvet Set Single,https://www.tesco.com/groceries/en-GB/shop/home-and-ents/all?department=Bedding&viewAll=department&page=,£13.00,£13.00/each,,,/groceries/en-GB/products/308611733,https://digitalcontent.api.tesco.com/v2/media/ghs/4f0fc36d-15ce-4988-9919-7906378bac68/9f996ef5-9d12-4439-9324-81e3a6763a6e_140744398.jpeg?h=225&w=225,
296296991,Tesco 100% Cotton Fitted Sheet Pale Grey Single,https://www.tesco.com/groceries/en-GB/shop/home-and-ents/all?department=Bedding&viewAll=department&page=,£9.00,£9.00/each,,,/groceries/en-GB/products/296296991,https://digitalcontent.api.tesco.com/v2/media/ghs/4adff1e8-2d51-4feb-81cf-295b55abe771/071402f3-1679-49ab-a5f3-87233603258b_1315109037.jpeg?h=225&w=225,
300552953,Tesco Anti Allergy Mattress Protector Single,https://www.tesco.com/groceries/en-GB/shop/home-and-ents/all?department=Bedding&viewAll=department&page=,£9.00,£9.00/each,,,/groceries/en-GB/products/300552953,https://digitalcontent.api.tesco.com/v2/media/ghs/52e40685-753d-482b-acd8-ac8cc2582b23/94483296-f8e2-4bf3-a027-a349d2150163_1581870666.jpeg?h=225&w=225,
309158542,Playstation Duvet Set Single,https://www.tesco.com/groceries/en-GB/shop/home-and-ents/all?department=Bedding&viewAll=department&page=,£18.00,£18.00/each,£13.50 Clubcard Price,,/groceries/en-GB/products/309158542,https://digitalcontent.api.tesco.com/v2/media/ghs/2eddbb91-0ffa-4465-b666-1421b2460b2a/f4bbc346-58a1-47e3-85fb-1c7f360c4936_343531879.jpeg?h=225&w=225,
307485825,Tesco Chambray Blue Fitted Sheet Kingsize,https://www.tesco.com/groceries/en-GB/shop/home-and-ents/all?department=Bedding&viewAll=department&page=,£8.50,£8.50/each,,,/groceries/en-GB/products/307485825,https://digitalcontent.api.tesco.com/v2/media/ghs/ba036503-767e-4909-8191-5d0e2ed8c722/95f77331-e3a2-4d81-97a0-c802018739f7_453852400.jpeg?h=225&w=225,
307485819,Tesco Chambray Blue Fitted Sheet Double,https://www.tesco.com/groceries/en-GB/shop/home-and-ents/all?department=Bedding&viewAll=department&page=,£7.50,£7.50/each,,,/groceries/en-GB/products/307485819,https://digitalcontent.api.tesco.com/v2/media/ghs/ad75c060-6e1e-414e-8be7-a9dacbd40e7e/aa7a28f0-6861-40ba-a297-51275dcb039c_1606916976.jpeg?h=225&w=225,
296294676,Tesco 100 Cotton Grey Pc Pair,https://www.tesco.com/groceries/en-GB/shop/home-and-ents/all?department=Bedding&viewAll=department&page=,£5.00,£5.00/each,,,/groceries/en-GB/products/296294676,https://digitalcontent.api.tesco.com/v2/media/ghs/3b72562f-cc59-49d8-a794-d383ba941386/05dcf077-051d-4110-a59a-7a52c23e35c8_1580372937.jpeg?h=225&w=225,
307486853,Fox & Ivy White Sateen Stripe Duvet Set Super King,https://www.tesco.com/groceries/en-GB/shop/home-and-ents/all?department=Bedding&viewAll=department&page=,£36.00,£36.00/each,,,/groceries/en-GB/products/307486853,https://digitalcontent.api.tesco.com/v2/media/ghs/3d735e2e-cccd-4990-870f-42ece2d8a811/10290c3f-de91-47d9-922a-76059088989b_962940182.jpeg?h=225&w=225,
310216527,Hinch White Tufted Stripe Duvet Set Double,https://www.tesco.com/groceries/en-GB/shop/home-and-ents/all?department=Bedding&viewAll=department&page=,£36.00,£36.00/each,£28.50 Clubcard Price,,/groceries/en-GB/products/310216527,https://digitalcontent.api.tesco.com/v2/media/ghs/323a2305-7ce1-4a3f-b8ab-916645b33bf4/e0b2552b-e3be-44ee-890b-98905778ac37_796567077.jpeg?h=225&w=225,
302509438,Tesco Forever Full Topper Double,https://www.tesco.com/groceries/en-GB/shop/home-and-ents/all?department=Bedding&viewAll=department&page=,£25.00,£25.00/each,,,/groceries/en-GB/products/302509438,https://digitalcontent.api.tesco.com/v2/media/ghs/deaa5e8d-e597-4480-9a58-0bca2d3c5e40/1c2c53a1-c482-4239-a3f8-235ec6e5c19b_334214319.jpeg?h=225&w=225,
311354975,Tesco Navy Carved Faux Fur Duvet Set Kingsize,https://www.tesco.com/groceries/en-GB/shop/home-and-ents/all?department=Bedding&viewAll=department&page=,£35.00,£35.00/each,,,/groceries/en-GB/products/311354975,https://digitalcontent.api.tesco.com/v2/media/ghs/80ddaa2a-bbc7-4956-af72-a749f4bde37e/7395957c-0aff-4526-90aa-05fd3807abb4_152970939.jpeg?h=225&w=225,
311972272,Silent Night White Embossed Floral Duvet Set Superking,https://www.tesco.com/groceries/en-GB/shop/home-and-ents/all?department=Bedding&viewAll=department&page=,£29.00,£29.00/each,,,/groceries/en-GB/products/311972272,https://digitalcontent.api.tesco.com/v2/media/ghs/738b7ba6-6b47-43f8-bbf2-296184045e09/9549b596-05ca-4cce-8018-1acffa295332_1217894783.jpeg?h=225&w=225,
306384255,Fox & Ivy Silver Sateen Stripe Duvet Set Double,https://www.tesco.com/groceries/en-GB/shop/home-and-ents/all?department=Bedding&viewAll=department&page=,£28.00,£28.00/each,,,/groceries/en-GB/products/306384255,https://digitalcontent.api.tesco.com/v2/media/ghs/95106017-6ec1-49a7-9d82-e98bb9c53eeb/4788bbad-a8e5-4b82-af60-b16ad336df54_167809639.jpeg?h=225&w=225,
306384261,Fox & Ivy Silver Sateen Stripe Duvet Set King,https://www.tesco.com/groceries/en-GB/shop/home-and-ents/all?department=Bedding&viewAll=department&page=,£32.00,£32.00/each,,,/groceries/en-GB/products/306384261,https://digitalcontent.api.tesco.com/v2/media/ghs/be3f95a0-61af-4d12-b0d5-e27d733a8439/0231d676-c204-4ede-a1dd-6147ac9bfa0c_770081946.jpeg?h=225&w=225,
308613057,Tesco Navy Marl Jersey Bedset King,https://www.tesco.com/groceries/en-GB/shop/home-and-ents/all?department=Bedding&viewAll=department&page=,£32.00,£32.00/each,,,/groceries/en-GB/products/308613057,https://digitalcontent.api.tesco.com/v2/media/ghs/6e1d35b2-612f-4b8f-a161-3a0319bd76c9/41793693-b7fb-47b4-86b0-d0c93787d239_416936416.jpeg?h=225&w=225,
311354981,Tesco Marble Faux Fur Duvet Set Single,https://www.tesco.com/groceries/en-GB/shop/home-and-ents/all?department=Bedding&viewAll=department&page=,£25.00,£25.00/each,,,/groceries/en-GB/products/311354981,https://digitalcontent.api.tesco.com/v2/media/ghs/675d376a-6086-4ef6-9b8c-15d8daa5060e/8324a628-3fe0-4aad-b653-cb1bbc186540_384943664.jpeg?h=225&w=225,
310216565,Hinch Silver Tufted Stripe Duvet Set King Size,https://www.tesco.com/groceries/en-GB/shop/home-and-ents/all?department=Bedding&viewAll=department&page=,£40.00,£40.00/each,£32.00 Clubcard Price,,/groceries/en-GB/products/310216565,https://digitalcontent.api.tesco.com/v2/media/ghs/7e10c00b-8df7-457b-b06c-a04750033f73/58aaf817-d3ab-4493-b908-b8691c36cf36_662961436.jpeg?h=225&w=225,
304857120,Tesco Cotton Rich White Waffle Duvet Set Double,https://www.tesco.com/groceries/en-GB/shop/home-and-ents/all?department=Bedding&viewAll=department&page=,£19.00,£19.00/each,,,/groceries/en-GB/products/304857120,https://digitalcontent.api.tesco.com/v2/media/ghs/99c018d4-afa6-4abe-b1fc-5575b0d3d1f2/835268bd-c80a-4d67-b896-8a8c2e577af0_1489689679.jpeg?h=225&w=225,
306383072,Tesco Grey Marl Jersey Single,https://www.tesco.com/groceries/en-GB/shop/home-and-ents/all?department=Bedding&viewAll=department&page=,£22.00,£22.00/each,,,/groceries/en-GB/products/306383072,https://digitalcontent.api.tesco.com/v2/media/ghs/0037a604-30f5-4983-83bc-e673fc314da3/802b8c8a-35ef-44e8-bed9-656039766ba2_191478800.jpeg?h=225&w=225,
308152423,Sn Sustainable Cotton Rich Embossed Floral King Size,https://www.tesco.com/groceries/en-GB/shop/home-and-ents/all?department=Bedding&viewAll=department&page=,£27.00,£27.00/each,,,/groceries/en-GB/products/308152423,https://digitalcontent.api.tesco.com/v2/media/ghs/d7b488fd-524b-40af-a3f3-5d863fceadf1/fbf7f053-616e-4ffc-bdcd-24e8ea5f56a2_1243257020.jpeg?h=225&w=225,
310215451,Fox & Ivy 200Tc Filagree Printed Fitted Sheet King,https://www.tesco.com/groceries/en-GB/shop/home-and-ents/all?department=Bedding&viewAll=department&page=,£17.00,£17.00/each,,,/groceries/en-GB/products/310215451,https://digitalcontent.api.tesco.com/v2/media/ghs/95905858-1671-439a-a21c-f00e895b9358/6d31786c-0b53-4f96-a57f-5f12c78e6fef_1477644938.jpeg?h=225&w=225,
302509317,Tesco Soft Touch Topper King,https://www.tesco.com/groceries/en-GB/shop/home-and-ents/all?department=Bedding&viewAll=department&page=,£16.00,£16.00/each,,,/groceries/en-GB/products/302509317,https://digitalcontent.api.tesco.com/v2/media/ghs/503c75d7-0507-4684-ae1a-df8909a2cbf9/a03d0498-e001-4c13-8896-f6c3cc548e69_753733979.jpeg?h=225&w=225,
304856979,Tesco Cotton Rich Grey Seersucker Double,https://www.tesco.com/groceries/en-GB/shop/home-and-ents/all?department=Bedding&viewAll=department&page=,£19.00,£19.00/each,,,/groceries/en-GB/products/304856979,https://digitalcontent.api.tesco.com/v2/media/ghs/498d75bf-d040-48d9-adc4-436c5c93b71b/f84605cd-d4db-4f03-b04a-6bdb95707787_1652867874.jpeg?h=225&w=225,
306384249,Fox & Ivy White Sateen Stripe Duvet Set King,https://www.tesco.com/groceries/en-GB/shop/home-and-ents/all?department=Bedding&viewAll=department&page=,£32.00,£32.00/each,,,/groceries/en-GB/products/306384249,https://digitalcontent.api.tesco.com/v2/media/ghs/e5f6c82f-0580-40c4-bcab-04865b3f094e/64a5dad4-84d1-4bb4-9fbc-171d644331b9_1245711193.jpeg?h=225&w=225,
307470939,Hinch Oversized Seersucker White Double,https://www.tesco.com/groceries/en-GB/shop/home-and-ents/all?department=Bedding&viewAll=department&page=,£26.00,£26.00/each,£20.00 Clubcard Price,,/groceries/en-GB/products/307470939,https://digitalcontent.api.tesco.com/v2/media/ghs/9fa727fb-d235-4a1c-a81a-b5fa55fd6091/2c33ca57-96cb-45f2-a899-231d2f38cc70_1264194466.jpeg?h=225&w=225,
307470969,Hinch Oversized Seersucker Silver Double,https://www.tesco.com/groceries/en-GB/shop/home-and-ents/all?department=Bedding&viewAll=department&page=,£26.00,£26.00/each,£20.00 Clubcard Price,,/groceries/en-GB/products/307470969,https://digitalcontent.api.tesco.com/v2/media/ghs/9d944f30-800a-4037-a814-a38ed27957ec/a989799c-db0f-4e64-8d00-2485d92f07ad_1199144990.jpeg?h=225&w=225,
306382659,Tesco Silver Dot Embroidered King Duvet Set,https://www.tesco.com/groceries/en-GB/shop/home-and-ents/all?department=Bedding&viewAll=department&page=,£22.00,£22.00/each,,,/groceries/en-GB/products/306382659,https://digitalcontent.api.tesco.com/v2/media/ghs/d4c2fb24-1ff2-41f3-908b-d750f309e94f/7d19f4ba-c3f0-4c04-85aa-c3958e843a6a_511823281.jpeg?h=225&w=225,
302509300,Tesco Soft Touch Topper Double,https://www.tesco.com/groceries/en-GB/shop/home-and-ents/all?department=Bedding&viewAll=department&page=,£14.00,£14.00/each,,,/groceries/en-GB/products/302509300,https://digitalcontent.api.tesco.com/v2/media/ghs/6fbe400e-f112-4b8f-87cf-a5dc3b51b217/c401d77c-6972-40ce-babe-b59046e39172_1945563416.jpeg?h=225&w=225,
296297241,Tesco 100% Cotton Deep Fitted White Double,https://www.tesco.com/groceries/en-GB/shop/home-and-ents/all?department=Bedding&viewAll=department&page=,£12.00,£12.00/each,,,/groceries/en-GB/products/296297241,https://digitalcontent.api.tesco.com/v2/media/ghs/388f703b-25dd-4c6e-9fed-e909595181f8/6e4dafae-4748-42f2-9eb6-44be24ccdfdc_95513143.jpeg?h=225&w=225,
306383020,Tesco Silver Crinkle Duvet Set Single,https://www.tesco.com/groceries/en-GB/shop/home-and-ents/all?department=Bedding&viewAll=department&page=,£15.00,£15.00/each,,,/groceries/en-GB/products/306383020,https://digitalcontent.api.tesco.com/v2/media/ghs/8492e179-4a4b-415b-bfdd-54040bbdb413/5a440c7b-5904-41b6-bfaa-755535e77b38_556552558.jpeg?h=225&w=225,
311356178,Tesco Navy Geo Easy Care Duvet Set Double,https://www.tesco.com/groceries/en-GB/shop/home-and-ents/all?department=Bedding&viewAll=department&page=,£15.00,£15.00/each,,,/groceries/en-GB/products/311356178,https://digitalcontent.api.tesco.com/v2/media/ghs/ec8c54d1-f504-4069-b80e-9b9167c55bff/596c90ba-0824-49c1-b734-cf8db7058d24_798464140.jpeg?h=225&w=225,
310215232,Tesco Grey Stripe Duvet Set Kingsize,https://www.tesco.com/groceries/en-GB/shop/home-and-ents/all?department=Bedding&viewAll=department&page=,£17.00,£17.00/each,,,/groceries/en-GB/products/310215232,https://digitalcontent.api.tesco.com/v2/media/ghs/f989e98b-0456-464c-b7f1-e4f356f5e539/029dd2c7-8404-40c3-a931-48ecfd061907_2105076424.jpeg?h=225&w=225,
307485480,Tesco Pretty Floral Duvet Set King,https://www.tesco.com/groceries/en-GB/shop/home-and-ents/all?department=Bedding&viewAll=department&page=,£17.00,£17.00/each,,,/groceries/en-GB/products/307485480,https://digitalcontent.api.tesco.com/v2/media/ghs/9443448b-ff36-4a8a-850e-2f12e97281a7/031d66a2-3409-4dde-b3ec-8b47a674dd36_844505137.jpeg?h=225&w=225,
311355147,Tesco Folk Floral Easy Care Duvet Set Kingsize,https://www.tesco.com/groceries/en-GB/shop/home-and-ents/all?department=Bedding&viewAll=department&page=,£17.00,£17.00/each,,,/groceries/en-GB/products/311355147,https://digitalcontent.api.tesco.com/v2/media/ghs/edb977d0-9fdd-4527-a68b-4de1d7a71db0/520fa834-f27d-4cb8-af7b-4fd41797fdec_1802404111.jpeg?h=225&w=225,
311354998,Tesco Marble Faux Fur Duvet Set Double,https://www.tesco.com/groceries/en-GB/shop/home-and-ents/all?department=Bedding&viewAll=department&page=,£30.00,£30.00/each,,,/groceries/en-GB/products/311354998,https://digitalcontent.api.tesco.com/v2/media/ghs/ca5a769f-bdc1-4057-90b4-a40a8f98152f/e845c560-077d-4da8-af59-77b757342b53_1642762186.jpeg?h=225&w=225,
310215367,Fox & Ivy Silver Oxford Edge Duvet Set Double,https://www.tesco.com/groceries/en-GB/shop/home-and-ents/all?department=Bedding&viewAll=department&page=,£28.00,£28.00/each,,,/groceries/en-GB/products/310215367,https://digitalcontent.api.tesco.com/v2/media/ghs/54d7c563-7fc3-4360-8002-2fdcdb189a65/c82234dd-335a-47c7-a164-2c65d3e576bf_1884721553.jpeg?h=225&w=225,
306383089,Tesco Grey Marl Jersey Double,https://www.tesco.com/groceries/en-GB/shop/home-and-ents/all?department=Bedding&viewAll=department&page=,£27.00,£27.00/each,,,/groceries/en-GB/products/306383089,https://digitalcontent.api.tesco.com/v2/media/ghs/fd4851ff-81cf-47e4-b965-75bbc3ee5c52/35c34d83-c69d-40bf-bbd4-cd705ad4d13f_2061252232.jpeg?h=225&w=225,
310215376,Fox & Ivy Silver Oxford Edge Duvet Set King,https://www.tesco.com/groceries/en-GB/shop/home-and-ents/all?department=Bedding&viewAll=department&page=,£32.00,£32.00/each,,,/groceries/en-GB/products/310215376,https://digitalcontent.api.tesco.com/v2/media/ghs/5066d2e9-4990-48a4-997d-4ac8f0489aed/23a5f9be-6f54-4751-bb88-4c6738aa82a7_663577487.jpeg?h=225&w=225,
306383095,Tesco Grey Marl Jersey King,https://www.tesco.com/groceries/en-GB/shop/home-and-ents/all?department=Bedding&viewAll=department&page=,£32.00,£32.00/each,,,/groceries/en-GB/products/306383095,https://digitalcontent.api.tesco.com/v2/media/ghs/e7a35aed-59ab-4dc6-a7c9-5dc1a4632529/5be6f102-8563-4086-91ab-f70df88fd8f4_1291004493.jpeg?h=225&w=225,
311355179,Tesco Cream Teddy Duvet Set Single,https://www.tesco.com/groceries/en-GB/shop/home-and-ents/all?department=Bedding&viewAll=department&page=,£25.00,£25.00/each,,,/groceries/en-GB/products/311355179,https://digitalcontent.api.tesco.com/v2/media/ghs/62cb9732-a7e5-4fbf-a636-d4d10456d784/4547f7ab-fd36-45d3-b67b-81b4bc25a8e9_233152245.jpeg?h=225&w=225,
311972370,Silent Night Gry Oversized Palm Duvet Set Kingsize,https://www.tesco.com/groceries/en-GB/shop/home-and-ents/all?department=Bedding&viewAll=department&page=,£26.00,£26.00/each,,,/groceries/en-GB/products/311972370,https://digitalcontent.api.tesco.com/v2/media/ghs/e8ea49a1-6572-4d04-b25a-e1157c31e00c/5e098da2-e471-4db5-9fd8-172b7121b8ed_261694465.jpeg?h=225&w=225,
308613086,Tesco Pom Pom Trim Duvet Set Double,https://www.tesco.com/groceries/en-GB/shop/home-and-ents/all?department=Bedding&viewAll=department&page=,£19.00,£19.00/each,,,/groceries/en-GB/products/308613086,https://digitalcontent.api.tesco.com/v2/media/ghs/204a2997-fea6-4c40-be45-528cd0c798dd/e721596c-4ffb-4523-8e2f-6997358fd59d_870713683.jpeg?h=225&w=225,
306383059,Tesco Tassel Trim Duvet Set Double,https://www.tesco.com/groceries/en-GB/shop/home-and-ents/all?department=Bedding&viewAll=department&page=,£19.00,£19.00/each,,,/groceries/en-GB/products/306383059,https://digitalcontent.api.tesco.com/v2/media/ghs/279fe552-b0c6-4003-a1a0-acfd16996818/a52b0d02-f5c1-4db1-8d68-263234470427_549398734.jpeg?h=225&w=225,
310216605,Tesco Embroidered Daisy Duvet Set Double,https://www.tesco.com/groceries/en-GB/shop/home-and-ents/all?department=Bedding&viewAll=department&page=,£19.00,£19.00/each,,,/groceries/en-GB/products/310216605,https://digitalcontent.api.tesco.com/v2/media/ghs/51963e6b-a7c5-4290-8aca-2fb6342fef36/9d51753c-6579-4df1-89bc-8985af7d8115_349826070.jpeg?h=225&w=225,
311355162,Tesco Teal Waffle Cotton Rich Duvet Set Kingsize,https://www.tesco.com/groceries/en-GB/shop/home-and-ents/all?department=Bedding&viewAll=department&page=,£22.00,£22.00/each,,,/groceries/en-GB/products/311355162,https://digitalcontent.api.tesco.com/v2/media/ghs/3e413acf-06a7-46d8-8e0f-7b20bb77aeca/3486a4cb-1d85-4f52-94a3-69ff068e2d1c_1105586563.jpeg?h=225&w=225,
306383066,Tesco Tassel Trim Duvet Set King,https://www.tesco.com/groceries/en-GB/shop/home-and-ents/all?department=Bedding&viewAll=department&page=,£22.00,£22.00/each,,,/groceries/en-GB/products/306383066,https://digitalcontent.api.tesco.com/v2/media/ghs/0f674fe3-6793-4fe2-b3a0-71af9e7614fd/aa43a6e0-80b9-4b8d-b1e2-782325ce8d23_168046240.jpeg?h=225&w=225,
308612277,Tesco Pom Pom Trim Duvet Set King,https://www.tesco.com/groceries/en-GB/shop/home-and-ents/all?department=Bedding&viewAll=department&page=,£22.00,£22.00/each,,,/groceries/en-GB/products/308612277,https://digitalcontent.api.tesco.com/v2/media/ghs/d4a494fa-fe8d-4cdf-b362-ca4b7c3db99d/9b059054-2283-4f1c-9862-7bb5a78aa79f_807183436.jpeg?h=225&w=225,
311354946,Tesco Petal Embroidery Duvet Set Kingsize,https://www.tesco.com/groceries/en-GB/shop/home-and-ents/all?department=Bedding&viewAll=department&page=,£22.00,£22.00/each,,,/groceries/en-GB/products/311354946,https://digitalcontent.api.tesco.com/v2/media/ghs/d368362a-572c-42b4-a70d-5529588e44bf/4d791f29-6e9f-419c-a235-2efb4e3a1c1e_2095797596.jpeg?h=225&w=225,
310216611,Tesco Embroidered Daisy Duvet Set Kingsize,https://www.tesco.com/groceries/en-GB/shop/home-and-ents/all?department=Bedding&viewAll=department&page=,£22.00,£22.00/each,,,/groceries/en-GB/products/310216611,https://digitalcontent.api.tesco.com/v2/media/ghs/cacf851c-5a04-431c-b09b-4632884d933d/b8a0d649-3e5d-43e4-a394-d3ccbfae7f9b_147588498.jpeg?h=225&w=225,
304856985,Tesco Cotton Rich Grey Seersucker King,https://www.tesco.com/groceries/en-GB/shop/home-and-ents/all?department=Bedding&viewAll=department&page=,£22.00,£22.00/each,,,/groceries/en-GB/products/304856985,https://digitalcontent.api.tesco.com/v2/media/ghs/7957eed6-be1a-4029-82ad-6c9f988a38f5/2dbde9b6-d8db-46d5-8f79-2aee9e50e410_136127478.jpeg?h=225&w=225,
311354900,Tesco Floral Embroidery Duvet Set Kingsize,https://www.tesco.com/groceries/en-GB/shop/home-and-ents/all?department=Bedding&viewAll=department&page=,£22.00,£22.00/each,,,/groceries/en-GB/products/311354900,https://digitalcontent.api.tesco.com/v2/media/ghs/70873b3d-7247-46e5-9f0b-42105c2158a1/68554ca5-3770-45fe-a370-c9af88b39d0a_521559225.jpeg?h=225&w=225,
310214982,Tesco Crocodile Print Duvet Set Double,https://www.tesco.com/groceries/en-GB/shop/home-and-ents/all?department=Bedding&viewAll=department&page=,£15.00,£15.00/each,,,/groceries/en-GB/products/310214982,https://digitalcontent.api.tesco.com/v2/media/ghs/a3c6a306-0207-4006-935a-d239fadb3259/41c87dd2-0332-4663-a0da-89ace39b539a_117248885.jpeg?h=225&w=225,
311841257,Fox & Ivy Hygro Tencel Bath Sheet Dusky Pink,https://www.tesco.com/groceries/en-GB/shop/home-and-ents/all?department=Bathroom%20Accessories%20%26%20Towels&viewAll=department&page=,£15.00,£15.00/each,,New,/groceries/en-GB/products/311841257,https://digitalcontent.api.tesco.com/v2/media/ghs/395eb3c7-d739-446f-bbb4-de4d8dcb12bd/304e4ce3-5830-40c8-b7ab-3505863335e3_534305618.jpeg?h=225&w=225,
311841312,Fox & Ivy Hygro Tencel Bath Sheet Silver,https://www.tesco.com/groceries/en-GB/shop/home-and-ents/all?department=Bathroom%20Accessories%20%26%20Towels&viewAll=department&page=,£15.00,£15.00/each,,New,/groceries/en-GB/products/311841312,https://digitalcontent.api.tesco.com/v2/media/ghs/4131ac5d-57aa-4777-886e-0b29bbbff2b1/ffa2ec3b-beb7-4894-b785-a739c42901f5_169513175.jpeg?h=225&w=225,
311841168,Fox & Ivy Hygro Tencel Bath Sheet Charcoal,https://www.tesco.com/groceries/en-GB/shop/home-and-ents/all?department=Bathroom%20Accessories%20%26%20Towels&viewAll=department&page=,£15.00,£15.00/each,,New,/groceries/en-GB/products/311841168,https://digitalcontent.api.tesco.com/v2/media/ghs/54b1de75-a8ad-4640-9cb1-80f105b8f8d3/9104bd7f-b070-40b8-8837-9427c693b3d4_1507233995.jpeg?h=225&w=225,
311841335,Fox & Ivy Tencel Bath Mat Silver,https://www.tesco.com/groceries/en-GB/shop/home-and-ents/all?department=Bathroom%20Accessories%20%26%20Towels&viewAll=department&page=,£12.00,£12.00/each,,New,/groceries/en-GB/products/311841335,https://digitalcontent.api.tesco.com/v2/media/ghs/7aacf799-3d9e-4f4b-9899-015f57125f32/827ed8bd-97ff-47cf-a1df-f145b3268180_221593093.jpeg?h=225&w=225,
311841358,Fox & Ivy Hygro Tencel Bath Towel White,https://www.tesco.com/groceries/en-GB/shop/home-and-ents/all?department=Bathroom%20Accessories%20%26%20Towels&viewAll=department&page=,£10.00,£10.00/each,,,/groceries/en-GB/products/311841358,https://digitalcontent.api.tesco.com/v2/media/ghs/31d7cb57-733a-4a56-933c-52a974bc9ab3/6ed4b330-5f56-436f-8366-dff0ab77ad5d_1178469757.jpeg?h=225&w=225,
311841208,Fox & Ivy Hygro Tencel Bath Towel Ice Blue,https://www.tesco.com/groceries/en-GB/shop/home-and-ents/all?department=Bathroom%20Accessories%20%26%20Towels&viewAll=department&page=,£10.00,£10.00/each,,,/groceries/en-GB/products/311841208,https://digitalcontent.api.tesco.com/v2/media/ghs/96939582-210f-4c1d-ba78-20fca0872b83/c52937b3-2069-4970-afdd-662f47a8a774_47268777.jpeg?h=225&w=225,
311841243,Fox & Ivy Hygro Tencel Bath Towel Dusky Pink,https://www.tesco.com/groceries/en-GB/shop/home-and-ents/all?department=Bathroom%20Accessories%20%26%20Towels&viewAll=department&page=,£10.00,£10.00/each,,New,/groceries/en-GB/products/311841243,https://digitalcontent.api.tesco.com/v2/media/ghs/b1f9993b-d267-43c8-9efc-bcc40761c1e2/39cf7d2e-37e5-4230-a3a9-e84d00c7b2b1_1947926128.jpeg?h=225&w=225,
311841306,Fox & Ivy Hygro Tencel Bath Towel Silver,https://www.tesco.com/groceries/en-GB/shop/home-and-ents/all?department=Bathroom%20Accessories%20%26%20Towels&viewAll=department&page=,£10.00,£10.00/each,,New,/groceries/en-GB/products/311841306,https://digitalcontent.api.tesco.com/v2/media/ghs/382179cd-5e9e-498e-95f0-844da4ddf406/49b36675-4227-4ff6-af09-74fb37fa5c1d_1006496508.jpeg?h=225&w=225,
302358178,Tesco Supersoft Cotton Bath Sheet Aqua,https://www.tesco.com/groceries/en-GB/shop/home-and-ents/all?department=Bathroom%20Accessories%20%26%20Towels&viewAll=department&page=,£9.00,£9.00/each,,,/groceries/en-GB/products/302358178,https://digitalcontent.api.tesco.com/v2/media/ghs/3a8f5ab3-b96c-4b52-8eaa-b0c7c619298c/2b93fdea-31ac-4f2f-a4ff-c7bc7335509c_1088973103.jpeg?h=225&w=225,
306027282,Tesco Supersoft Cotton Bath Towel Navy,https://www.tesco.com/groceries/en-GB/shop/home-and-ents/all?department=Bathroom%20Accessories%20%26%20Towels&viewAll=department&page=,£7.00,£7.00/each,,,/groceries/en-GB/products/306027282,https://digitalcontent.api.tesco.com/v2/media/ghs/500f1c45-8605-43d3-b471-afd91746b2b0/ae5e9b35-4095-47ac-b172-9411283bcb54_112166716.jpeg?h=225&w=225,
311841237,Fox & Ivy Hygro Tencel Hand Towel Dusky Pink,https://www.tesco.com/groceries/en-GB/shop/home-and-ents/all?department=Bathroom%20Accessories%20%26%20Towels&viewAll=department&page=,£6.00,£6.00/each,,New,/groceries/en-GB/products/311841237,https://digitalcontent.api.tesco.com/v2/media/ghs/8f71d12f-a1eb-4e9f-aa39-88c2e7d80f3f/0bf166e1-253a-4898-9075-1a6b980b270e_1952747682.jpeg?h=225&w=225,
311841145,Fox & Ivy Hygro Tencel Hand Towel Charcoal,https://www.tesco.com/groceries/en-GB/shop/home-and-ents/all?department=Bathroom%20Accessories%20%26%20Towels&viewAll=department&page=,£6.00,£6.00/each,,,/groceries/en-GB/products/311841145,https://digitalcontent.api.tesco.com/v2/media/ghs/4d55f20a-4a13-4dea-b86c-0ceb7346f638/d2010ba5-1ce0-4051-9f55-a6d7e4593fa0_451007382.jpeg?h=225&w=225,
311841295,Fox & Ivy Hygro Tencel Hand Towel Silver,https://www.tesco.com/groceries/en-GB/shop/home-and-ents/all?department=Bathroom%20Accessories%20%26%20Towels&viewAll=department&page=,£6.00,£6.00/each,,New,/groceries/en-GB/products/311841295,https://digitalcontent.api.tesco.com/v2/media/ghs/6481c4cf-e7b8-4644-ba50-82cc3ff3f461/c31d38b9-3ac7-4984-a578-0a928a2eb7c8_1903082914.jpeg?h=225&w=225,
311841197,Fox & Ivy Hygro Tencel Hand Towel Ice Blue,https://www.tesco.com/groceries/en-GB/shop/home-and-ents/all?department=Bathroom%20Accessories%20%26%20Towels&viewAll=department&page=,£6.00,£6.00/each,,New,/groceries/en-GB/products/311841197,https://digitalcontent.api.tesco.com/v2/media/ghs/8f16a65a-484f-43c0-b8ea-00b92c724716/efb64bfb-a1b9-41bc-b42d-3805063db0eb_1965983689.jpeg?h=225&w=225,
311841341,Fox & Ivy Hygro Tencel Hand Towel White,https://www.tesco.com/groceries/en-GB/shop/home-and-ents/all?department=Bathroom%20Accessories%20%26%20Towels&viewAll=department&page=,£6.00,£6.00/each,,New,/groceries/en-GB/products/311841341,https://digitalcontent.api.tesco.com/v2/media/ghs/9e1a86b0-8d65-4d23-850a-b5efdfc52eb7/d514db60-741c-4421-ab0f-5f62f15dfac9_1748123843.jpeg?h=225&w=225,
308575274,Tesco Supersoft Cotton Bath Towel Mole,https://www.tesco.com/groceries/en-GB/shop/home-and-ents/all?department=Bathroom%20Accessories%20%26%20Towels&viewAll=department&page=,£7.00,£7.00/each,,,/groceries/en-GB/products/308575274,https://digitalcontent.api.tesco.com/v2/media/ghs/b08a0721-cd40-4aab-87d9-9c4c9fdf6030/20b3f077-4510-47a5-91f7-429634935f3f_937394300.jpeg?h=225&w=225,
308575268,Tesco Supersoft Cotton Hand Towel Mole,https://www.tesco.com/groceries/en-GB/shop/home-and-ents/all?department=Bathroom%20Accessories%20%26%20Towels&viewAll=department&page=,£5.00,£5.00/each,,,/groceries/en-GB/products/308575268,https://digitalcontent.api.tesco.com/v2/media/ghs/e0c54c5b-3bc5-4f95-9459-d1738ab6c242/1f8b5041-ebda-48c6-98ff-7859430d9774_1467405000.jpeg?h=225&w=225,
306027276,Tesco Supersoft Cotton Hand Towel Navy,https://www.tesco.com/groceries/en-GB/shop/home-and-ents/all?department=Bathroom%20Accessories%20%26%20Towels&viewAll=department&page=,£5.00,£5.00/each,,,/groceries/en-GB/products/306027276,https://digitalcontent.api.tesco.com/v2/media/ghs/7ecb5d19-f4cf-4559-a20b-d2c16b0d53b6/827ba1c7-84dd-4bb9-925d-4570eed15fa2_590993393.jpeg?h=225&w=225,
302357974,Tesco Supersoft Cotton Bath Towel Grey,https://www.tesco.com/groceries/en-GB/shop/home-and-ents/all?department=Bathroom%20Accessories%20%26%20Towels&viewAll=department&page=,£7.00,£7.00/each,,,/groceries/en-GB/products/302357974,https://digitalcontent.api.tesco.com/v2/media/ghs/a6bea4b8-1e05-4e60-89bb-3d62d5189a33/d1bf6423-ebce-4456-a6aa-3ac91f514c98_892529528.jpeg?h=225&w=225,
308575280,Tesco Supersoft Cotton Bath Sheet Mole,https://www.tesco.com/groceries/en-GB/shop/home-and-ents/all?department=Bathroom%20Accessories%20%26%20Towels&viewAll=department&page=,£9.00,£9.00/each,,,/groceries/en-GB/products/308575280,https://digitalcontent.api.tesco.com/v2/media/ghs/cc4786b2-d2c0-4034-a5bb-c523d981e0ed/27abc2a9-666a-4aae-9f82-3800e20727a4_303256677.jpeg?h=225&w=225,
292120130,Tesco Cube Toilet Brush And Holder White,https://www.tesco.com/groceries/en-GB/shop/home-and-ents/all?department=Bathroom%20Accessories%20%26%20Towels&viewAll=department&page=,£6.50,£6.50/each,,,/groceries/en-GB/products/292120130,https://digitalcontent.api.tesco.com/v2/media/ghs/6a36ba98-742e-40bd-992c-de510df6c13a/cfe1da13-02da-4a1a-beac-45c9613c70e2_1254052328.jpeg?h=225&w=225,
296287397,Tesco Cube Black Toilet Brush Holder,https://www.tesco.com/groceries/en-GB/shop/home-and-ents/all?department=Bathroom%20Accessories%20%26%20Towels&viewAll=department&page=,£6.50,£6.50/each,,,/groceries/en-GB/products/296287397,https://digitalcontent.api.tesco.com/v2/media/ghs/8549fe17-a78c-4b6d-a971-7787342a1226/f32b422f-5fff-41a1-a8ea-762a9f72ece2_1299379659.jpeg?h=225&w=225,
302357980,Tesco Supersoft Cotton Bath Sheet Grey,https://www.tesco.com/groceries/en-GB/shop/home-and-ents/all?department=Bathroom%20Accessories%20%26%20Towels&viewAll=department&page=,£9.00,£9.00/each,,,/groceries/en-GB/products/302357980,https://digitalcontent.api.tesco.com/v2/media/ghs/df02185a-0452-4383-b771-1e941091666d/ce193c70-8645-4ea1-9ff9-e6dd962702d2_701656319.jpeg?h=225&w=225,
304635262,Tesco Cotton Low Twist Bath Sheet Mid Grey,https://www.tesco.com/groceries/en-GB/shop/home-and-ents/all?department=Bathroom%20Accessories%20%26%20Towels&viewAll=department&page=,£7.00,£7.00/each,,,/groceries/en-GB/products/304635262,https://digitalcontent.api.tesco.com/v2/media/ghs/cdf93594-df33-4d65-974e-e4c3ce16d951/2e2c65fa-7234-4bce-8f2f-8079522b188a_1935430200.jpeg?h=225&w=225,
302357916,Tesco Supersoft Cotton Bath Towel White,https://www.tesco.com/groceries/en-GB/shop/home-and-ents/all?department=Bathroom%20Accessories%20%26%20Towels&viewAll=department&page=,£7.00,£7.00/each,,,/groceries/en-GB/products/302357916,https://digitalcontent.api.tesco.com/v2/media/ghs/7effcda6-167f-4563-ab7b-1d55fcc34967/c32937b8-71cf-4984-bd6e-fbd004830aa7_885186411.jpeg?h=225&w=225,
311735847,Tesco Leopard Hand Towel Mole,https://www.tesco.com/groceries/en-GB/shop/home-and-ents/all?department=Bathroom%20Accessories%20%26%20Towels&viewAll=department&page=,£5.00,£5.00/each,,,/groceries/en-GB/products/311735847,https://digitalcontent.api.tesco.com/v2/media/ghs/e8ceea1c-332e-46a6-a20b-acfc7ffe43ed/621ef2a2-00f8-4ee3-b08d-ee2cc8da94c3_1321127792.jpeg?h=225&w=225,
277859297,Tesco Brushed Chrome Toilet Brush,https://www.tesco.com/groceries/en-GB/shop/home-and-ents/all?department=Bathroom%20Accessories%20%26%20Towels&viewAll=department&page=,£4.50,£4.50/each,,,/groceries/en-GB/products/277859297,https://digitalcontent.api.tesco.com/v2/media/ghs/b1f7ce83-beb3-4f0a-b655-6f750cbd2c29/e3154918-54c1-4f30-b989-af608e3996e8_166808769.jpeg?h=225&w=225,
294063515,Tesco 2 Pack Hand Towel White,https://www.tesco.com/groceries/en-GB/shop/home-and-ents/all?department=Bathroom%20Accessories%20%26%20Towels&viewAll=department&page=,£4.00,£2.00/each,,,/groceries/en-GB/products/294063515,https://digitalcontent.api.tesco.com/v2/media/ghs/7cd13f17-8633-41fc-8f4f-d34c27f2a83a/ae8ff5b7-455d-4e5f-9781-a8d761270b2a_462659897.jpeg?h=225&w=225,
292120889,Tesco Cube Soap Dish White,https://www.tesco.com/groceries/en-GB/shop/home-and-ents/all?department=Bathroom%20Accessories%20%26%20Towels&viewAll=department&page=,£3.00,£3.00/each,,,/groceries/en-GB/products/292120889,https://digitalcontent.api.tesco.com/v2/media/ghs/fd07eee0-0d4c-4896-ac31-5df32f2e7d3a/3870043a-49e7-4e36-ab07-a38649e416f5_515585103.jpeg?h=225&w=225,
308575199,Tesco 100 Cotton Hand Towel Raspberry,https://www.tesco.com/groceries/en-GB/shop/home-and-ents/all?department=Bathroom%20Accessories%20%26%20Towels&viewAll=department&page=,£3.50,£3.50/each,,,/groceries/en-GB/products/308575199,https://digitalcontent.api.tesco.com/v2/media/ghs/70d9c6b3-0661-4103-b65a-c546feb8bfb0/b2f47168-b320-42b6-b20f-cf9d968e352a_1938763707.jpeg?h=225&w=225,
308369789,Tesco 100 Cotton Low Twist Hand Towel Black,https://www.tesco.com/groceries/en-GB/shop/home-and-ents/all?department=Bathroom%20Accessories%20%26%20Towels&viewAll=department&page=,£3.50,£3.50/each,,,/groceries/en-GB/products/308369789,https://digitalcontent.api.tesco.com/v2/media/ghs/abb253d4-b7d4-4d0c-ae25-4a44936645ff/a5a71e10-8bc0-4322-b68f-24ea8701acda_1986014804.jpeg?h=225&w=225,
304635256,Tesco Cotton Low Twist Bath Towel Mid Grey,https://www.tesco.com/groceries/en-GB/shop/home-and-ents/all?department=Bathroom%20Accessories%20%26%20Towels&viewAll=department&page=,£5.00,£5.00/each,,,/groceries/en-GB/products/304635256,https://digitalcontent.api.tesco.com/v2/media/ghs/c483fff2-5ad7-47ec-9eba-3dda5eb6c0c9/a75015b0-a37e-4eaa-a453-da44d067cb8d_492999170.jpeg?h=225&w=225,
304635249,Tesco Cotton Low Twist Hand Towel Mid Grey,https://www.tesco.com/groceries/en-GB/shop/home-and-ents/all?department=Bathroom%20Accessories%20%26%20Towels&viewAll=department&page=,£3.50,£3.50/each,,,/groceries/en-GB/products/304635249,https://digitalcontent.api.tesco.com/v2/media/ghs/0ad890ff-cdf5-43bd-8539-60011e320074/c07bb1e7-8a66-42f0-a8ea-4e59abfb1e25_113860305.jpeg?h=225&w=225,
307499550,Tesco 100 Cotton Low Twist Hand Towel Aqua,https://www.tesco.com/groceries/en-GB/shop/home-and-ents/all?department=Bathroom%20Accessories%20%26%20Towels&viewAll=department&page=,£3.50,£3.50/each,£2.60 Clubcard Price,,/groceries/en-GB/products/307499550,https://digitalcontent.api.tesco.com/v2/media/ghs/337c8feb-72b0-4335-b1ed-5522b06af6cb/2ce709fc-48bc-49ed-8fd2-905f1c787cd1_189623792.jpeg?h=225&w=225,
308575222,Tesco 100 Cotton Low Twist Hand Towel Ochre,https://www.tesco.com/groceries/en-GB/shop/home-and-ents/all?department=Bathroom%20Accessories%20%26%20Towels&viewAll=department&page=,£3.50,£3.50/each,£2.60 Clubcard Price,,/groceries/en-GB/products/308575222,https://digitalcontent.api.tesco.com/v2/media/ghs/57e2c378-72f9-45df-a5ca-3d4e374dec79/23cec078-71fd-4d56-89ba-80eb73373d50_967066291.jpeg?h=225&w=225,
304344675,Tesco Supersoft Cotton 2 Pack Face Cloth Dark Grey,https://www.tesco.com/groceries/en-GB/shop/home-and-ents/all?department=Bathroom%20Accessories%20%26%20Towels&viewAll=department&page=,£2.50,£1.25/each,,,/groceries/en-GB/products/304344675,https://digitalcontent.api.tesco.com/v2/media/ghs/199985a8-1530-4a52-95ae-7878121e490b/5aa1f0b4-d760-4065-82ea-8ecc63de43e7_233786550.jpeg?h=225&w=225,
302358149,Tesco Supersoft Cotton 2 Pack Face Cloth Aqua,https://www.tesco.com/groceries/en-GB/shop/home-and-ents/all?department=Bathroom%20Accessories%20%26%20Towels&viewAll=department&page=,£2.50,£1.25/each,,,/groceries/en-GB/products/302358149,https://digitalcontent.api.tesco.com/v2/media/ghs/b6ce24f5-62ea-4854-93ba-59545a327b83/ee36c0f1-6915-45b0-ba60-08becf085cad_386403648.jpeg?h=225&w=225,
302357997,Tesco Supersoft Cotton 2 Pack Face Cloth Pale Grey,https://www.tesco.com/groceries/en-GB/shop/home-and-ents/all?department=Bathroom%20Accessories%20%26%20Towels&viewAll=department&page=,£2.50,£1.25/each,,,/groceries/en-GB/products/302357997,https://digitalcontent.api.tesco.com/v2/media/ghs/fbb2d8c7-a33c-4469-aa04-8bdb1a0db601/67b18d23-0acd-4f7d-8d84-ab4595e49367_1925018227.jpeg?h=225&w=225,
311841289,Fox & Ivy Hygro Tencel 2Pack Face Cloth Silver,https://www.tesco.com/groceries/en-GB/shop/home-and-ents/all?department=Bathroom%20Accessories%20%26%20Towels&viewAll=department&page=,£3.00,£1.50/each,,New,/groceries/en-GB/products/311841289,https://digitalcontent.api.tesco.com/v2/media/ghs/e594b7a2-b9f9-4db5-88ba-13d90eb1764a/fd310a47-db4f-4adc-a9db-6e6b42f7e2bc_1563664045.jpeg?h=225&w=225,
311735732,Tesco Dark Grey Antimicrobial Hot Cloths 7Pk,https://www.tesco.com/groceries/en-GB/shop/home-and-ents/all?department=Bathroom%20Accessories%20%26%20Towels&viewAll=department&page=,£3.00,£0.43/each,,New,/groceries/en-GB/products/311735732,https://digitalcontent.api.tesco.com/v2/media/ghs/e837b752-1fa6-43b6-bb3a-87a6f50ca516/0a0f1925-70af-42df-8cf3-2a9971ce4052_1932702500.jpeg?h=225&w=225,
310216369,Tesco Squeegee,https://www.tesco.com/groceries/en-GB/shop/home-and-ents/all?department=Bathroom%20Accessories%20%26%20Towels&viewAll=department&page=,£1.50,£1.50/each,,,/groceries/en-GB/products/310216369,https://digitalcontent.api.tesco.com/v2/media/ghs/d030a385-2120-4d41-9b31-3fa92b8a8923/94d7aeb5-67e5-4636-b4e9-b0c711f45d72_1079537850.jpeg?h=225&w=225,
302509277,Tesco Toilet Brush,https://www.tesco.com/groceries/en-GB/shop/home-and-ents/all?department=Bathroom%20Accessories%20%26%20Towels&viewAll=department&page=,£1.50,£1.50/each,,,/groceries/en-GB/products/302509277,https://digitalcontent.api.tesco.com/v2/media/ghs/b153a3a7-747f-4d11-bd17-75b71312a350/e40c329e-44bb-4522-b64d-c08c7d662264_1066276546.jpeg?h=225&w=225,
292120238,Tesco Bath Mat White,https://www.tesco.com/groceries/en-GB/shop/home-and-ents/all?department=Bathroom%20Accessories%20%26%20Towels&viewAll=department&page=,£2.25,£2.25/each,,,/groceries/en-GB/products/292120238,https://digitalcontent.api.tesco.com/v2/media/ghs/b898419e-42e7-4070-aca2-dd46ba9ae376/51145bde-b089-43fa-ab2c-433f5f0035ce_620111340.jpeg?h=225&w=225,
294063509,Tesco 4 Pack Face Cloth White,https://www.tesco.com/groceries/en-GB/shop/home-and-ents/all?department=Bathroom%20Accessories%20%26%20Towels&viewAll=department&page=,£1.50,£0.38/each,,,/groceries/en-GB/products/294063509,https://digitalcontent.api.tesco.com/v2/media/ghs/b69db267-de7d-4bb1-854a-f11431a905ca/b0197f16-1aec-4782-9936-88fd68243b7c_2055105557.jpeg?h=225&w=225,
310516141,Tesco Squeegee Blue Grey,https://www.tesco.com/groceries/en-GB/shop/home-and-ents/all?department=Bathroom%20Accessories%20%26%20Towels&viewAll=department&page=,£1.00,£1.00/each,,,/groceries/en-GB/products/310516141,https://digitalcontent.api.tesco.com/v2/media/ghs/be0775e2-de04-4a9a-badc-449ef87c6fb7/3dbc5c4b-579a-49e8-bdcc-45495e03af62_548409287.jpeg?h=225&w=225,
311841329,Fox & Ivy 4 Piece Hygro Tencel Towel Bale Silver,https://www.tesco.com/groceries/en-GB/shop/home-and-ents/all?department=Bathroom%20Accessories%20%26%20Towels&viewAll=department&page=,£28.00,£7.00/each,,New,/groceries/en-GB/products/311841329,https://digitalcontent.api.tesco.com/v2/media/ghs/24fe991a-b759-4412-a5d1-d9438bce0da1/b1263973-8f8d-4abc-b11c-cb18c7403423_857507080.jpeg?h=225&w=225,
311841174,Fox & Ivy 4Piece Hygro Tencel Towel Bale Charcoal,https://www.tesco.com/groceries/en-GB/shop/home-and-ents/all?department=Bathroom%20Accessories%20%26%20Towels&viewAll=department&page=,£28.00,£28.00/each,,New,/groceries/en-GB/products/311841174,https://digitalcontent.api.tesco.com/v2/media/ghs/5ac47068-dcd9-4564-9d6f-9bb923dca99e/89deaefa-2327-4500-8e0a-8ab74157b646_81817563.jpeg?h=225&w=225,
311841370,Fox & Ivy 4Piece Hygro Tencel Towel Bale White,https://www.tesco.com/groceries/en-GB/shop/home-and-ents/all?department=Bathroom%20Accessories%20%26%20Towels&viewAll=department&page=,£28.00,£28.00/each,,,/groceries/en-GB/products/311841370,https://digitalcontent.api.tesco.com/v2/media/ghs/17eac6a9-d23d-4231-8240-fa880e49de23/a35bee00-770a-4df4-b00a-fd06c4782f1b_272061295.jpeg?h=225&w=225,
310216438,Tesco 2 Pack Wire Storage Basket,https://www.tesco.com/groceries/en-GB/shop/home-and-ents/all?department=Bathroom%20Accessories%20%26%20Towels&viewAll=department&page=,£13.00,£6.50/each,£9.75 Clubcard Price,,/groceries/en-GB/products/310216438,https://digitalcontent.api.tesco.com/v2/media/ghs/5db9b41d-9707-4580-82ef-9d7fa01b8945/8f9cdf9a-b265-4bd8-8116-e9163d33a260_1673245494.jpeg?h=225&w=225,
311841364,Fox & Ivy Hygro Tencel Bath Sheet White,https://www.tesco.com/groceries/en-GB/shop/home-and-ents/all?department=Bathroom%20Accessories%20%26%20Towels&viewAll=department&page=,£15.00,£15.00/each,,,/groceries/en-GB/products/311841364,https://digitalcontent.api.tesco.com/v2/media/ghs/ccde9da9-b97d-4d8b-8afe-a588b0a194dc/7818ff18-7f17-47ac-8ad2-7e2e57cafe72_2068064137.jpeg?h=225&w=225,
311841214,Fox & Ivy Hygro Tencel Bath Sheet Ice Blue,https://www.tesco.com/groceries/en-GB/shop/home-and-ents/all?department=Bathroom%20Accessories%20%26%20Towels&viewAll=department&page=,£15.00,£15.00/each,,New,/groceries/en-GB/products/311841214,https://digitalcontent.api.tesco.com/v2/media/ghs/5c50d495-ffd8-401c-8fbf-ac8e0b2237fa/4191c41b-e793-4c1b-ae08-a14ea2d2b894_1872518974.jpeg?h=225&w=225,
304708015,Tesco Grey Design Ceramic Toilet Brush,https://www.tesco.com/groceries/en-GB/shop/home-and-ents/all?department=Bathroom%20Accessories%20%26%20Towels&viewAll=department&page=,£9.00,£9.00/each,,,/groceries/en-GB/products/304708015,https://digitalcontent.api.tesco.com/v2/media/ghs/48278f17-d9a4-4f9d-b8f2-86ce6a1152fe/072b65a0-932f-4bb7-a7ac-7d262e560503_1644890134.jpeg?h=225&w=225,
296287604,Tesco Clear Pebble Bath Mat,https://www.tesco.com/groceries/en-GB/shop/home-and-ents/all?department=Bathroom%20Accessories%20%26%20Towels&viewAll=department&page=,£7.00,£7.00/each,,,/groceries/en-GB/products/296287604,https://digitalcontent.api.tesco.com/v2/media/ghs/85a61043-956f-46c4-8591-7d5cc528490f/94648566-4371-4614-aa98-bb0591859188_845604411.jpeg?h=225&w=225,
306027299,Tesco Supersoft Cotton Bath Sheet Navy,https://www.tesco.com/groceries/en-GB/shop/home-and-ents/all?department=Bathroom%20Accessories%20%26%20Towels&viewAll=department&page=,£9.00,£9.00/each,,,/groceries/en-GB/products/306027299,https://digitalcontent.api.tesco.com/v2/media/ghs/4793a08e-3fee-4184-88ec-8dc5d2325d74/72013aab-ccc4-44ec-81f1-e4e9f498b29e_694094410.jpeg?h=225&w=225,
308369829,Tesco Leopard Bath Towel Grey,https://www.tesco.com/groceries/en-GB/shop/home-and-ents/all?department=Bathroom%20Accessories%20%26%20Towels&viewAll=department&page=,£8.00,£8.00/each,,,/groceries/en-GB/products/308369829,https://digitalcontent.api.tesco.com/v2/media/ghs/65763f73-8f5b-4914-9377-2f21315a2bdb/e76345e1-3e4f-4d16-8a9b-4d50ab4ee4f9_147037045.jpeg?h=225&w=225,
311735594,Tesco Marble Effect Toilet Brush,https://www.tesco.com/groceries/en-GB/shop/home-and-ents/all?department=Bathroom%20Accessories%20%26%20Towels&viewAll=department&page=,£8.00,£8.00/each,£6.00 Clubcard Price,,/groceries/en-GB/products/311735594,https://digitalcontent.api.tesco.com/v2/media/ghs/72f04cac-73cc-45a2-abfe-94bd102ffc4a/45ed393b-9750-4f8d-88b1-aa9e46916aa8_473811128.jpeg?h=225&w=225,
293887417,Tesco Round Brushed Metal Slow Close 3Litre Bin,https://www.tesco.com/groceries/en-GB/shop/home-and-ents/all?department=Bathroom%20Accessories%20%26%20Towels&viewAll=department&page=,£7.00,£7.00/each,,,/groceries/en-GB/products/293887417,https://digitalcontent.api.tesco.com/v2/media/ghs/4a3919f6-4f58-4874-b01a-47cabf3e4d42/b63417d1-440b-4478-a40e-fb59c8b5dfb6_807864786.jpeg?h=225&w=225,
311735867,Tesco Blu Stripe Microchenille Bath Mat,https://www.tesco.com/groceries/en-GB/shop/home-and-ents/all?department=Bathroom%20Accessories%20%26%20Towels&viewAll=department&page=,£8.00,£8.00/each,,New,/groceries/en-GB/products/311735867,https://digitalcontent.api.tesco.com/v2/media/ghs/98a31d2b-8422-4952-a209-8affc7dd8dc2/67bf89aa-f49a-4332-870d-f91503ac8cb6_513860601.jpeg?h=225&w=225,
302358028,Tesco Supersoft Cotton Bath Sheet Pale Grey,https://www.tesco.com/groceries/en-GB/shop/home-and-ents/all?department=Bathroom%20Accessories%20%26%20Towels&viewAll=department&page=,£9.00,£9.00/each,,,/groceries/en-GB/products/302358028,https://digitalcontent.api.tesco.com/v2/media/ghs/ab469ab9-83ec-47c9-a7c7-03b48e40d41e/ad2c057d-c979-4863-b7b1-4932b0cd4f99_949454420.jpeg?h=225&w=225,
304634948,Tesco Supersoft Cotton Bathsheet Blossom Pink,https://www.tesco.com/groceries/en-GB/shop/home-and-ents/all?department=Bathroom%20Accessories%20%26%20Towels&viewAll=department&page=,£9.00,£9.00/each,£6.75 Clubcard Price,,/groceries/en-GB/products/304634948,https://digitalcontent.api.tesco.com/v2/media/ghs/bfb71929-861e-4aa4-a462-63171382e217/909299ae-88d9-4e5a-b5e1-29fb5b727820_1037580661.jpeg?h=225&w=225,
302358161,Tesco Supersoft Cotton Bath Towel Aqua,https://www.tesco.com/groceries/en-GB/shop/home-and-ents/all?department=Bathroom%20Accessories%20%26%20Towels&viewAll=department&page=,£7.00,£7.00/each,,,/groceries/en-GB/products/302358161,https://digitalcontent.api.tesco.com/v2/media/ghs/ccf3e432-b42d-4076-bbb1-9f56e2f77151/b364c0a2-e47a-47e0-8f46-352fcdd60786_626948379.jpeg?h=225&w=225,
311735824,Tesco Diamond Geo Bath Towel,https://www.tesco.com/groceries/en-GB/shop/home-and-ents/all?department=Bathroom%20Accessories%20%26%20Towels&viewAll=department&page=,£8.00,£8.00/each,,,/groceries/en-GB/products/311735824,https://digitalcontent.api.tesco.com/v2/media/ghs/b61aadaa-c9df-4176-b483-38b1e26cb515/b091ba05-43c5-4d54-9322-78b3ac557215_460599897.jpeg?h=225&w=225,
311735853,Tesco Leopard Bath Towel Mole,https://www.tesco.com/groceries/en-GB/shop/home-and-ents/all?department=Bathroom%20Accessories%20%26%20Towels&viewAll=department&page=,£8.00,£8.00/each,£6.00 Clubcard Price,,/groceries/en-GB/products/311735853,https://digitalcontent.api.tesco.com/v2/media/ghs/561abf5e-a8f1-4a75-9a3b-92f372e9bb65/9a8f0b8b-06fc-49df-85a0-3c5cca0859d4_504339813.jpeg?h=225&w=225,
311735801,Tesco Blue Stripe Bath Towel,https://www.tesco.com/groceries/en-GB/shop/home-and-ents/all?department=Bathroom%20Accessories%20%26%20Towels&viewAll=department&page=,£8.00,£8.00/each,,,/groceries/en-GB/products/311735801,https://digitalcontent.api.tesco.com/v2/media/ghs/05d6c475-4351-4560-a1c6-2d89089ae316/b87510ec-f451-4a67-a965-b1b05cb788bc_1512760736.jpeg?h=225&w=225,
306287831,Tesco Silver Stripe Peva Shower Curtain,https://www.tesco.com/groceries/en-GB/shop/home-and-ents/all?department=Bathroom%20Accessories%20%26%20Towels&viewAll=department&page=,£5.50,£5.50/each,,,/groceries/en-GB/products/306287831,https://digitalcontent.api.tesco.com/v2/media/ghs/0c652f82-0efa-427e-9b95-39a9ad4de747/1de3b760-ae56-4a20-8e2f-a8ac29c30619_1785761808.jpeg?h=225&w=225,
311735605,Tesco Antibacterial Toilet Brush,https://www.tesco.com/groceries/en-GB/shop/home-and-ents/all?department=Bathroom%20Accessories%20%26%20Towels&viewAll=department&page=,£6.50,£6.50/each,,,/groceries/en-GB/products/311735605,https://digitalcontent.api.tesco.com/v2/media/ghs/0175d38d-7ace-4412-b228-32ba7efe10f8/ac102e3a-9aaf-49bf-b50c-126b4c2d2dfc_1405328443.jpeg?h=225&w=225,
294063521,Tesco 2 Pack Bath Towel White,https://www.tesco.com/groceries/en-GB/shop/home-and-ents/all?department=Bathroom%20Accessories%20%26%20Towels&viewAll=department&page=,£7.50,£3.75/each,,,/groceries/en-GB/products/294063521,https://digitalcontent.api.tesco.com/v2/media/ghs/e2402cfc-ada9-4652-ab6e-9a0501a2c849/2798f374-1959-493a-9ffd-e7c24e9c6329_1773085048.jpeg?h=225&w=225,
302358155,Tesco Supersoft Cotton Hand Towel Aqua,https://www.tesco.com/groceries/en-GB/shop/home-and-ents/all?department=Bathroom%20Accessories%20%26%20Towels&viewAll=department&page=,£5.00,£5.00/each,,,/groceries/en-GB/products/302358155,https://digitalcontent.api.tesco.com/v2/media/ghs/522b1bfd-f3fc-42fe-bc57-9c37083e4dc8/358e2cdf-5448-492c-80c0-728e05c275f7_1135343297.jpeg?h=225&w=225,
295887276,Tesco Microchenille Bath Mat Pale Grey,https://www.tesco.com/groceries/en-GB/shop/home-and-ents/all?department=Bathroom%20Accessories%20%26%20Towels&viewAll=department&page=,£6.50,£6.50/each,,,/groceries/en-GB/products/295887276,https://digitalcontent.api.tesco.com/v2/media/ghs/e830d116-dcd2-4bde-ba73-259307fdb783/a35ae7e1-884b-4144-8a7c-364bf87db208_1494513539.jpeg?h=225&w=225,
307053830,Tesco Over Door Hooks Black,https://www.tesco.com/groceries/en-GB/shop/home-and-ents/all?department=Bathroom%20Accessories%20%26%20Towels&viewAll=department&page=,£6.00,£6.00/each,,,/groceries/en-GB/products/307053830,https://digitalcontent.api.tesco.com/v2/media/ghs/f87f9287-6b7d-4fb1-812b-11f79604d65d/c9eb925e-fcb1-4cdb-9d65-1887b092f99f_1835648770.jpeg?h=225&w=225,
311735628,Tesco Teal Supersoft Cotton Bath Towel,https://www.tesco.com/groceries/en-GB/shop/home-and-ents/all?department=Bathroom%20Accessories%20%26%20Towels&viewAll=department&page=,£7.00,£7.00/each,,,/groceries/en-GB/products/311735628,https://digitalcontent.api.tesco.com/v2/media/ghs/9a9b4774-527e-4751-b5d7-be762b447878/c8bc2fec-793a-40e3-b31a-f996ea0a1582_452811651.jpeg?h=225&w=225,
307499573,Tesco 100 Cotton Low Twist Bath Sheet Aqua,https://www.tesco.com/groceries/en-GB/shop/home-and-ents/all?department=Bathroom%20Accessories%20%26%20Towels&viewAll=department&page=,£7.00,£7.00/each,,,/groceries/en-GB/products/307499573,https://digitalcontent.api.tesco.com/v2/media/ghs/f3d8426c-e56f-47b4-973e-5286b98e0fc7/cde5505a-b89a-46f5-8878-8546787fad7d_729744139.jpeg?h=225&w=225,
308575216,Tesco 100 Cotton Bath Sheet Raspberry,https://www.tesco.com/groceries/en-GB/shop/home-and-ents/all?department=Bathroom%20Accessories%20%26%20Towels&viewAll=department&page=,£7.00,£7.00/each,,,/groceries/en-GB/products/308575216,https://digitalcontent.api.tesco.com/v2/media/ghs/df6d0744-90c9-4e71-8e35-47ab808cf2c4/8cb46dd3-4879-415f-80fb-0b62be21524d_2096779344.jpeg?h=225&w=225,
311735818,Tesco Diamond Geo Hand Towel,https://www.tesco.com/groceries/en-GB/shop/home-and-ents/all?department=Bathroom%20Accessories%20%26%20Towels&viewAll=department&page=,£5.00,£5.00/each,,,/groceries/en-GB/products/311735818,https://digitalcontent.api.tesco.com/v2/media/ghs/79bdaffe-bf4e-4860-b094-fabe4fe745c3/d25ba96d-44fd-4b66-8822-99802c5da327_997252728.jpeg?h=225&w=225,
311735677,Tesco Rust Supersoft Cotton Hand Towel,https://www.tesco.com/groceries/en-GB/shop/home-and-ents/all?department=Bathroom%20Accessories%20%26%20Towels&viewAll=department&page=,£5.00,£5.00/each,£3.75 Clubcard Price,,/groceries/en-GB/products/311735677,https://digitalcontent.api.tesco.com/v2/media/ghs/56f3cd02-4852-459b-8827-cea23b6f0bd2/776f859c-4111-4c85-964e-27f081003012_1191924806.jpeg?h=225&w=225,
311735640,Tesco Powder Blu Supersoft Cotton Hand Towel,https://www.tesco.com/groceries/en-GB/shop/home-and-ents/all?department=Bathroom%20Accessories%20%26%20Towels&viewAll=department&page=,£5.00,£5.00/each,,,/groceries/en-GB/products/311735640,https://digitalcontent.api.tesco.com/v2/media/ghs/2d4b2414-474c-4889-bbab-570b88a07e89/f2f45236-fe85-49ef-a046-579f3f414399_529436299.jpeg?h=225&w=225,
304634925,Tesco Supersoft Cotton Handtowel Blossom Pink,https://www.tesco.com/groceries/en-GB/shop/home-and-ents/all?department=Bathroom%20Accessories%20%26%20Towels&viewAll=department&page=,£5.00,£5.00/each,£3.75 Clubcard Price,,/groceries/en-GB/products/304634925,https://digitalcontent.api.tesco.com/v2/media/ghs/853252ba-8925-4696-992c-b8e26cc973e1/deaf51ec-a07e-449f-91e2-236fd7b7a5ef_519390049.jpeg?h=225&w=225,
310216907,Tesco Bubble Bath Mat,https://www.tesco.com/groceries/en-GB/shop/home-and-ents/all?department=Bathroom%20Accessories%20%26%20Towels&viewAll=department&page=,£7.00,£7.00/each,£5.25 Clubcard Price,,/groceries/en-GB/products/310216907,https://digitalcontent.api.tesco.com/v2/media/ghs/2be00a95-de32-4ac1-9fa6-82cb3a23b3dc/0ec7d63f-b16d-4e5d-9ca6-9a0537416664_1091221345.jpeg?h=225&w=225,
302357909,Tesco Supersoft Cotton Hand Towel White,https://www.tesco.com/groceries/en-GB/shop/home-and-ents/all?department=Bathroom%20Accessories%20%26%20Towels&viewAll=department&page=,£5.00,£5.00/each,,,/groceries/en-GB/products/302357909,https://digitalcontent.api.tesco.com/v2/media/ghs/6f106460-2a0e-4459-95c4-2e8567347947/e7e5513d-864a-44d8-83f8-bc9bcec5d9c0_132577900.jpeg?h=225&w=225,
308369806,Tesco 100 Cotton Low Twist Bath Sheet Black,https://www.tesco.com/groceries/en-GB/shop/home-and-ents/all?department=Bathroom%20Accessories%20%26%20Towels&viewAll=department&page=,£7.00,£7.00/each,,,/groceries/en-GB/products/308369806,https://digitalcontent.api.tesco.com/v2/media/ghs/a0db14c0-c725-4141-897a-6de4190fb612/f89aefb2-9d42-4305-86aa-89b381c2d21d_1512468681.jpeg?h=225&w=225,
303420919,Tesco Smart Storage Suction Shelf,https://www.tesco.com/groceries/en-GB/shop/home-and-ents/all?department=Bathroom%20Accessories%20%26%20Towels&viewAll=department&page=,£4.00,£4.00/each,,,/groceries/en-GB/products/303420919,https://digitalcontent.api.tesco.com/v2/media/ghs/7d977f10-b17c-4056-b201-446237caca74/d3f3420b-9531-4ecc-8a7c-de5bff1b815d_815250564.jpeg?h=225&w=225,
308369795,Tesco 100 Cotton Low Twist Bath Towel Black,https://www.tesco.com/groceries/en-GB/shop/home-and-ents/all?department=Bathroom%20Accessories%20%26%20Towels&viewAll=department&page=,£5.00,£5.00/each,,,/groceries/en-GB/products/308369795,https://digitalcontent.api.tesco.com/v2/media/ghs/b15fb004-813d-434c-a774-997e1589a60d/0a8d33bd-d429-4f9b-bb5d-476746f0ac85_1950256171.jpeg?h=225&w=225,
308575209,Tesco 100 Cotton Bath Towel Raspberry,https://www.tesco.com/groceries/en-GB/shop/home-and-ents/all?department=Bathroom%20Accessories%20%26%20Towels&viewAll=department&page=,£5.00,£5.00/each,,,/groceries/en-GB/products/308575209,https://digitalcontent.api.tesco.com/v2/media/ghs/9310163c-c7e4-4ca1-b154-2e66a7a9340c/b354f4d4-736f-48ec-b2b1-2978ec097dfe_741833101.jpeg?h=225&w=225,
304634931,Tesco Supersoft Cotton Bathtowel Blossom Pink,https://www.tesco.com/groceries/en-GB/shop/home-and-ents/all?department=Bathroom%20Accessories%20%26%20Towels&viewAll=department&page=,£7.00,£7.00/each,£5.25 Clubcard Price,,/groceries/en-GB/products/304634931,https://digitalcontent.api.tesco.com/v2/media/ghs/78a96a10-5bbb-4711-b540-c76a61b6d063/8bfcba4c-ef24-4282-bf2b-ccd85d338091_2129219163.jpeg?h=225&w=225,
302357968,Tesco Supersoft Cotton Hand Towel Grey,https://www.tesco.com/groceries/en-GB/shop/home-and-ents/all?department=Bathroom%20Accessories%20%26%20Towels&viewAll=department&page=,£5.00,£5.00/each,,,/groceries/en-GB/products/302357968,https://digitalcontent.api.tesco.com/v2/media/ghs/dffe6b10-ce66-4562-b143-804f89b237ba/6248bd82-f578-4511-9a76-3fb201ca16d6_998528409.jpeg?h=225&w=225,
306287785,Tesco White Ceramic Soap Dispenser,https://www.tesco.com/groceries/en-GB/shop/home-and-ents/all?department=Bathroom%20Accessories%20%26%20Towels&viewAll=department&page=,£3.50,£3.50/each,£2.60 Clubcard Price,,/groceries/en-GB/products/306287785,https://digitalcontent.api.tesco.com/v2/media/ghs/fce0c382-3589-496c-8c9a-52f673f4cb0f/20820052-18ce-447e-ac40-e7dc1a920612_1610814135.jpeg?h=225&w=225,
307499567,Tesco 100 Cotton Low Twist Bath Towel Aqua,https://www.tesco.com/groceries/en-GB/shop/home-and-ents/all?department=Bathroom%20Accessories%20%26%20Towels&viewAll=department&page=,£5.00,£5.00/each,,,/groceries/en-GB/products/307499567,https://digitalcontent.api.tesco.com/v2/media/ghs/838243a6-5f01-43f5-839d-f7803d9d63aa/c6d42ef0-6ad7-44ec-a1fb-edc6e50f94e4_2000119887.jpeg?h=225&w=225,
309270788,Tesco Smart Storage Plastic Box Grey,https://www.tesco.com/groceries/en-GB/shop/home-and-ents/all?department=Bathroom%20Accessories%20%26%20Towels&viewAll=department&page=,£3.50,£3.50/each,,,/groceries/en-GB/products/309270788,https://digitalcontent.api.tesco.com/v2/media/ghs/c89b44c6-f8c8-4d17-ba70-aa912edcfaab/1b59b191-9a78-490a-a5ec-b9a5ae54b030_536778203.jpeg?h=225&w=225,
302358011,Tesco Supersoft Cotton Bath Towel Pale Grey,https://www.tesco.com/groceries/en-GB/shop/home-and-ents/all?department=Bathroom%20Accessories%20%26%20Towels&viewAll=department&page=,£7.00,£7.00/each,,,/groceries/en-GB/products/302358011,https://digitalcontent.api.tesco.com/v2/media/ghs/1da14f5a-43c4-4990-a27c-21a664a83b8d/da8fcab0-1483-406d-a59d-526065353fce_1146778062.jpeg?h=225&w=225,
306287802,Tesco White Ceramic Tumbler,https://www.tesco.com/groceries/en-GB/shop/home-and-ents/all?department=Bathroom%20Accessories%20%26%20Towels&viewAll=department&page=,£2.50,£2.50/each,£1.85 Clubcard Price,,/groceries/en-GB/products/306287802,https://digitalcontent.api.tesco.com/v2/media/ghs/ca20c570-f8da-4566-b18e-55a4fb4c592e/204be672-fb0d-48c6-b905-a56ed0c493af_1172010902.jpeg?h=225&w=225,
311841220,Fox & Ivy 4Pce Hygro Tencel Towel Bale Ice Blue,https://www.tesco.com/groceries/en-GB/shop/home-and-ents/all?department=Bathroom%20Accessories%20%26%20Towels&viewAll=department&page=,£28.00,£7.00/each,,,/groceries/en-GB/products/311841220,https://digitalcontent.api.tesco.com/v2/media/ghs/966fc816-3387-4e73-9166-0a08a12d1bb4/7c677360-706b-4aa5-b189-f7ff1dd3acc2_1282028130.jpeg?h=225&w=225,
311841266,Fox & Ivy 4Pce Hygro Tencel Towel Bale Dusky Pink,https://www.tesco.com/groceries/en-GB/shop/home-and-ents/all?department=Bathroom%20Accessories%20%26%20Towels&viewAll=department&page=,£28.00,£28.00/each,,,/groceries/en-GB/products/311841266,https://digitalcontent.api.tesco.com/v2/media/ghs/80402b8c-42f8-48b1-a653-f9483841a2d8/6404ee56-933f-4797-b8e2-e074b99b1dfe_2089909909.jpeg?h=225&w=225,
307509632,Tesco Large Rope Basket,https://www.tesco.com/groceries/en-GB/shop/home-and-ents/all?department=Bathroom%20Accessories%20%26%20Towels&viewAll=department&page=,£10.00,£10.00/each,£7.50 Clubcard Price,,/groceries/en-GB/products/307509632,https://digitalcontent.api.tesco.com/v2/media/ghs/ba2bc35d-7df5-4073-977a-d51fd152cc60/4b9b314a-e55e-4825-946c-a38c899d9f6a_345999047.jpeg?h=225&w=225,
290284496,Tesco Free Standing Square Mirror,https://www.tesco.com/groceries/en-GB/shop/home-and-ents/all?department=Bathroom%20Accessories%20%26%20Towels&viewAll=department&page=,£10.00,£10.00/each,,,/groceries/en-GB/products/290284496,https://digitalcontent.api.tesco.com/v2/media/ghs/858c11a0-66ea-4673-8c99-80d873b5ce34/57182a05-d18c-44ab-812f-ea3b2fead6dd_1630081985.jpeg?h=225&w=225,
311735830,Tesco Diamond Geo Bath Sheet,https://www.tesco.com/groceries/en-GB/shop/home-and-ents/all?department=Bathroom%20Accessories%20%26%20Towels&viewAll=department&page=,£12.00,£12.00/each,,,/groceries/en-GB/products/311735830,https://digitalcontent.api.tesco.com/v2/media/ghs/fc400300-9c90-4ae9-8240-84fa05a09354/fbba2ffa-93e3-4308-9e66-994db63ff470_1812529808.jpeg?h=225&w=225,
310216939,Tesco Sparkle Shower Curtain,https://www.tesco.com/groceries/en-GB/shop/home-and-ents/all?department=Bathroom%20Accessories%20%26%20Towels&viewAll=department&page=,£8.00,£8.00/each,,,/groceries/en-GB/products/310216939,https://digitalcontent.api.tesco.com/v2/media/ghs/527044d4-b8a6-48e3-8ec5-9d7f5e3abcfe/5fd5ad52-ec40-4f63-b6ff-e95621975f94_836104136.jpeg?h=225&w=225,
306287939,Tesco White Waffle Shower Curtain,https://www.tesco.com/groceries/en-GB/shop/home-and-ents/all?department=Bathroom%20Accessories%20%26%20Towels&viewAll=department&page=,£8.00,£8.00/each,,,/groceries/en-GB/products/306287939,https://digitalcontent.api.tesco.com/v2/media/ghs/8e58cc36-c633-4f5b-a5ae-34baaf6bbc09/d3373f74-d748-4db3-b67c-675905026b0e_758150480.jpeg?h=225&w=225,
304635279,Tesco Ezlon Pedestal & Bath Mat Set Mid Grey,https://www.tesco.com/groceries/en-GB/shop/home-and-ents/all?department=Bathroom%20Accessories%20%26%20Towels&viewAll=department&page=,£9.00,£9.00/each,,,/groceries/en-GB/products/304635279,https://digitalcontent.api.tesco.com/v2/media/ghs/04d2fe11-19b5-4b19-a0ff-3d3d7d4ce92f/8455e420-ad7a-462d-9ace-fe6d83d99405_1782109674.jpeg?h=225&w=225,
310215508,Tesco Geometric Design Bath Mat,https://www.tesco.com/groceries/en-GB/shop/home-and-ents/all?department=Bathroom%20Accessories%20%26%20Towels&viewAll=department&page=,£9.00,£9.00/each,£6.75 Clubcard Price,,/groceries/en-GB/products/310215508,https://digitalcontent.api.tesco.com/v2/media/ghs/829beda2-8dd7-4732-acb1-6e5ed74553bd/3742b65c-2f3e-4ee1-837e-9c61eb836e55_1354570655.jpeg?h=225&w=225,
309376600,Beldray Antibacterial Bath Mat,https://www.tesco.com/groceries/en-GB/shop/home-and-ents/all?department=Bathroom%20Accessories%20%26%20Towels&viewAll=department&page=,£8.00,£8.00/each,,,/groceries/en-GB/products/309376600,https://digitalcontent.api.tesco.com/v2/media/ghs/6a7117cd-97fa-4f23-9301-4a6e9b0b597f/08db5876-7b72-4954-b45f-84a82fa412c8_1080885031.jpeg?h=225&w=225,
311841151,Fox & Ivy Hygro Tencel Bath Towel Charcoal,https://www.tesco.com/groceries/en-GB/shop/home-and-ents/all?department=Bathroom%20Accessories%20%26%20Towels&viewAll=department&page=,£10.00,£10.00/each,,,/groceries/en-GB/products/311841151,https://digitalcontent.api.tesco.com/v2/media/ghs/be35c75d-4739-4281-ba63-5dde1e67ef31/1031e644-3c50-4bcf-9d81-d605fe726f28_1622630103.jpeg?h=225&w=225,
311735571,Tesco Grey Geo Shower Curtain,https://www.tesco.com/groceries/en-GB/shop/home-and-ents/all?department=Bathroom%20Accessories%20%26%20Towels&viewAll=department&page=,£7.00,£7.00/each,,,/groceries/en-GB/products/311735571,https://digitalcontent.api.tesco.com/v2/media/ghs/ceadff74-0495-4d70-aff1-5503f918e021/343d797e-a0c3-48b3-ad7c-cda86cd9ebb4_1011255220.jpeg?h=225&w=225,
307509655,Tesco Leaf Print Shower Curtain,https://www.tesco.com/groceries/en-GB/shop/home-and-ents/all?department=Bathroom%20Accessories%20%26%20Towels&viewAll=department&page=,£7.00,£7.00/each,£5.25 Clubcard Price,,/groceries/en-GB/products/307509655,https://digitalcontent.api.tesco.com/v2/media/ghs/0bb6dd0d-7217-4b54-811b-af62d37d9a2c/bc98a595-a36c-48cb-85dc-41be4da711c0_518859911.jpeg?h=225&w=225,
311735663,Tesco Powder Blu Supersoft Cotton Bath Sheet,https://www.tesco.com/groceries/en-GB/shop/home-and-ents/all?department=Bathroom%20Accessories%20%26%20Towels&viewAll=department&page=,£9.00,£9.00/each,,,/groceries/en-GB/products/311735663,https://digitalcontent.api.tesco.com/v2/media/ghs/a568878e-d642-46d4-a1bf-f17a41617ac8/3f94e174-090a-415c-82fb-3759f61c2d8d_1303314691.jpeg?h=225&w=225,
311735692,Tesco Rust Supersoft Cotton Bath Sheet,https://www.tesco.com/groceries/en-GB/shop/home-and-ents/all?department=Bathroom%20Accessories%20%26%20Towels&viewAll=department&page=,£9.00,£9.00/each,£6.75 Clubcard Price,,/groceries/en-GB/products/311735692,https://digitalcontent.api.tesco.com/v2/media/ghs/6ed5908b-6725-41e0-8079-d50bb0dd5e04/5cc67561-8527-49c3-9035-f14cfdfcc565_1672172036.jpeg?h=225&w=225,
308575084,Tesco Matte Black Soap Dispenser,https://www.tesco.com/groceries/en-GB/shop/home-and-ents/all?department=Bathroom%20Accessories%20%26%20Towels&viewAll=department&page=,£6.00,£6.00/each,,,/groceries/en-GB/products/308575084,https://digitalcontent.api.tesco.com/v2/media/ghs/8bb023d0-1020-4bb5-873e-80bf03ee60be/98a932e9-4cbb-4865-80c8-7f5aac96547e_879052684.jpeg?h=225&w=225,
292120866,Tesco Cube Soap Dispenser White,https://www.tesco.com/groceries/en-GB/shop/home-and-ents/all?department=Bathroom%20Accessories%20%26%20Towels&viewAll=department&page=,£5.00,£5.00/each,,,/groceries/en-GB/products/292120866,https://digitalcontent.api.tesco.com/v2/media/ghs/579f02da-703e-4b91-83d5-11ab050461cd/25a6aa02-1fa8-43b1-965d-c7e90023ee32_1402195066.jpeg?h=225&w=225,
308575251,Tesco Microchenille Bath Mat Navy,https://www.tesco.com/groceries/en-GB/shop/home-and-ents/all?department=Bathroom%20Accessories%20%26%20Towels&viewAll=department&page=,£6.50,£6.50/each,,,/groceries/en-GB/products/308575251,https://digitalcontent.api.tesco.com/v2/media/ghs/a5de284d-b644-4f0d-a651-23a025d68512/20abc58f-600b-49b8-a038-3570f42f6c97_1334738444.jpeg?h=225&w=225,
308575061,Tesco Round Black Metal Slow Close 3Litre Bin,https://www.tesco.com/groceries/en-GB/shop/home-and-ents/all?department=Bathroom%20Accessories%20%26%20Towels&viewAll=department&page=,£7.00,£7.00/each,,,/groceries/en-GB/products/308575061,https://digitalcontent.api.tesco.com/v2/media/ghs/0f1c369a-56cc-44aa-9862-57870a0a64fb/80bc5b95-b443-4816-82dd-04a9836721c2_420630543.jpeg?h=225&w=225,
295887253,Tesco Microchenille Bath Mat White,https://www.tesco.com/groceries/en-GB/shop/home-and-ents/all?department=Bathroom%20Accessories%20%26%20Towels&viewAll=department&page=,£6.50,£6.50/each,,,/groceries/en-GB/products/295887253,https://digitalcontent.api.tesco.com/v2/media/ghs/2c84bf48-73fd-4ec8-887d-9a9ba3b05fcc/7f2ace84-8e32-4275-a14e-dbc8c62b4241_2057248434.jpeg?h=225&w=225,
308575297,Tesco Microchenille Bath Mat Mole,https://www.tesco.com/groceries/en-GB/shop/home-and-ents/all?department=Bathroom%20Accessories%20%26%20Towels&viewAll=department&page=,£6.50,£6.50/each,,,/groceries/en-GB/products/308575297,https://digitalcontent.api.tesco.com/v2/media/ghs/28e1f422-1709-4882-8c28-5cb774ae877b/e1f1a6f7-4be1-4480-b4cc-07cf0b3012da_1185481656.jpeg?h=225&w=225,
302357922,Tesco Supersoft Cotton Bath Sheet White,https://www.tesco.com/groceries/en-GB/shop/home-and-ents/all?department=Bathroom%20Accessories%20%26%20Towels&viewAll=department&page=,£9.00,£9.00/each,,,/groceries/en-GB/products/302357922,https://digitalcontent.api.tesco.com/v2/media/ghs/b45e8e25-d265-48d1-b7dd-d6fd9fa78042/a2cafe9e-0df2-4837-9bf2-8d608b1edcfa_1006426115.jpeg?h=225&w=225,
311154307,Tesco Marble Effect Soap Dispenser,https://www.tesco.com/groceries/en-GB/shop/home-and-ents/all?department=Bathroom%20Accessories%20%26%20Towels&viewAll=department&page=,£6.00,£6.00/each,,,/groceries/en-GB/products/311154307,https://digitalcontent.api.tesco.com/v2/media/ghs/6b55bf59-9fc1-4793-a52f-a8df49906544/7749e140-771a-450b-ae0c-21c5aea454f5_223611129.jpeg?h=225&w=225,
310216916,Tesco Bubble Peva Shower Curtain,https://www.tesco.com/groceries/en-GB/shop/home-and-ents/all?department=Bathroom%20Accessories%20%26%20Towels&viewAll=department&page=,£5.50,£5.50/each,,,/groceries/en-GB/products/310216916,https://digitalcontent.api.tesco.com/v2/media/ghs/010f6127-d6bd-4769-b1cf-20ed64bc17ba/f2e4bf96-4030-49a1-8b17-9314fc19cb64_779079119.jpeg?h=225&w=225,
296287748,Tesco Vanity Mirror,https://www.tesco.com/groceries/en-GB/shop/home-and-ents/all?department=Bathroom%20Accessories%20%26%20Towels&viewAll=department&page=,£6.00,£6.00/each,,,/groceries/en-GB/products/296287748,https://digitalcontent.api.tesco.com/v2/media/ghs/c9388079-163d-4d6e-9064-4376ec40eccd/5884292d-4cda-46b8-af7d-bc80bb8dea25_22138542.jpeg?h=225&w=225,
302358190,Tesco Microchenille Bath Mat Aqua,https://www.tesco.com/groceries/en-GB/shop/home-and-ents/all?department=Bathroom%20Accessories%20%26%20Towels&viewAll=department&page=,£6.50,£6.50/each,,,/groceries/en-GB/products/302358190,https://digitalcontent.api.tesco.com/v2/media/ghs/f2a278d4-336e-4aa4-81db-34222508f7d7/29ccc40e-7594-4559-b7e1-19d21bc96d11_1967085382.jpeg?h=225&w=225,
308575090,Tesco Matte Black Tumbler,https://www.tesco.com/groceries/en-GB/shop/home-and-ents/all?department=Bathroom%20Accessories%20%26%20Towels&viewAll=department&page=,£5.00,£5.00/each,,,/groceries/en-GB/products/308575090,https://digitalcontent.api.tesco.com/v2/media/ghs/26b8b0e4-6784-4aa2-8f61-475cb4faf0bf/91294282-0995-4f3d-afae-a736e7939ba9_822960399.jpeg?h=225&w=225,
292120872,Tesco Cube Tumbler White,https://www.tesco.com/groceries/en-GB/shop/home-and-ents/all?department=Bathroom%20Accessories%20%26%20Towels&viewAll=department&page=,£4.00,£4.00/each,,,/groceries/en-GB/products/292120872,https://digitalcontent.api.tesco.com/v2/media/ghs/c94c270e-30c0-47db-8bf4-3ccd6e616681/c69a78b5-993d-4dd4-a226-1273d758a8fa_1246381900.jpeg?h=225&w=225,
311735657,Tesco Powder Blu Supersoft Cotton Bath Towel,https://www.tesco.com/groceries/en-GB/shop/home-and-ents/all?department=Bathroom%20Accessories%20%26%20Towels&viewAll=department&page=,£7.00,£7.00/each,,,/groceries/en-GB/products/311735657,https://digitalcontent.api.tesco.com/v2/media/ghs/9607b821-54d9-4c97-92b9-11f700b31a4e/2169d4b6-e96b-40ee-b485-f6d7bbeb88b1_1208869882.jpeg?h=225&w=225,
311735686,Tesco Rust Supersoft Cotton Bath Towel,https://www.tesco.com/groceries/en-GB/shop/home-and-ents/all?department=Bathroom%20Accessories%20%26%20Towels&viewAll=department&page=,£7.00,£7.00/each,£5.25 Clubcard Price,,/groceries/en-GB/products/311735686,https://digitalcontent.api.tesco.com/v2/media/ghs/746a3b75-4ce1-4060-99d4-ff17ba2f7098/052d27c5-76a6-41b8-8a6e-4fde58ada265_765070668.jpeg?h=225&w=225,
310215543,Tesco Supersoft Cotton Hand Towel Lilac,https://www.tesco.com/groceries/en-GB/shop/home-and-ents/all?department=Bathroom%20Accessories%20%26%20Towels&viewAll=department&page=,£5.00,£5.00/each,£3.75 Clubcard Price,,/groceries/en-GB/products/310215543,https://digitalcontent.api.tesco.com/v2/media/ghs/46f4db11-2597-4037-aca4-337987e8ebc8/5f9bf75f-d900-43c9-8239-cbb7636ccffe_740910592.jpeg?h=225&w=225,
311735611,Tesco Teal Supersoft Cotton Hand Towel,https://www.tesco.com/groceries/en-GB/shop/home-and-ents/all?department=Bathroom%20Accessories%20%26%20Towels&viewAll=department&page=,£5.00,£5.00/each,,,/groceries/en-GB/products/311735611,https://digitalcontent.api.tesco.com/v2/media/ghs/01734bd6-86d2-44a3-8346-f437d102eee9/744e8cc1-ed74-4b01-a714-2e289d180da9_57160731.jpeg?h=225&w=225,
311735790,Tesco Blue Stripe Hand Towel,https://www.tesco.com/groceries/en-GB/shop/home-and-ents/all?department=Bathroom%20Accessories%20%26%20Towels&viewAll=department&page=,£5.00,£5.00/each,,,/groceries/en-GB/products/311735790,https://digitalcontent.api.tesco.com/v2/media/ghs/a5747386-054b-4b11-9e1f-90ed0eb9f92f/589194fe-196c-450c-b8d3-5030fb1874ff_1587881833.jpeg?h=225&w=225,
303420949,Tesco Smart Storage Suction Caddy,https://www.tesco.com/groceries/en-GB/shop/home-and-ents/all?department=Bathroom%20Accessories%20%26%20Towels&viewAll=department&page=,£5.00,£5.00/each,,,/groceries/en-GB/products/303420949,https://digitalcontent.api.tesco.com/v2/media/ghs/2e6670e5-8c42-4996-b7e5-b04865443177/7eca3725-9710-4e75-953c-efd82654eaa9_1888752321.jpeg?h=225&w=225,
311154296,Tesco Marble Effect Tumbler,https://www.tesco.com/groceries/en-GB/shop/home-and-ents/all?department=Bathroom%20Accessories%20%26%20Towels&viewAll=department&page=,£5.00,£5.00/each,,,/groceries/en-GB/products/311154296,https://digitalcontent.api.tesco.com/v2/media/ghs/92958f6c-7a4c-4cd3-97db-f1325ebf8b07/abdb00a1-0536-461e-a3a6-1c19ec6594d6_1418222141.jpeg?h=225&w=225,
311735536,Tesco Matte Taupe Soap Dish,https://www.tesco.com/groceries/en-GB/shop/home-and-ents/all?department=Bathroom%20Accessories%20%26%20Towels&viewAll=department&page=,£4.00,£4.00/each,£3.00 Clubcard Price,,/groceries/en-GB/products/311735536,https://digitalcontent.api.tesco.com/v2/media/ghs/46c45e46-e6d3-4a3b-881f-2d2486b9aa1f/a3b21030-6323-486f-b367-7b718d891c52_405816884.jpeg?h=225&w=225,
308575239,Tesco 100 Cotton Low Twist Bath Towel Ochre,https://www.tesco.com/groceries/en-GB/shop/home-and-ents/all?department=Bathroom%20Accessories%20%26%20Towels&viewAll=department&page=,£5.00,£5.00/each,,,/groceries/en-GB/products/308575239,https://digitalcontent.api.tesco.com/v2/media/ghs/7e8058f8-e3a5-4f8d-8f9f-f630222261cb/3980bb64-fcb1-4621-8b99-a81811fddf7c_977848003.jpeg?h=225&w=225,
303420903,Tesco Storage Plastic Box,https://www.tesco.com/groceries/en-GB/shop/home-and-ents/all?department=Bathroom%20Accessories%20%26%20Towels&viewAll=department&page=,£3.50,£3.50/each,,,/groceries/en-GB/products/303420903,https://digitalcontent.api.tesco.com/v2/media/ghs/4027c235-ade5-4817-8d66-f008929bf79d/fe52eb71-05bb-4f8e-afcf-0436d4113ff8_1259590080.jpeg?h=225&w=225,
310029493,Tesco Multipurpose Spray Squeegee Blue Grey,https://www.tesco.com/groceries/en-GB/shop/home-and-ents/all?department=Bathroom%20Accessories%20%26%20Towels&viewAll=department&page=,£4.00,£4.00/each,,,/groceries/en-GB/products/310029493,https://digitalcontent.api.tesco.com/v2/media/ghs/7ac09b83-a303-4a1f-9162-239482319f46/13261bef-f6ae-4d5d-b586-90833011faec_1659865199.jpeg?h=225&w=225,
302358005,Tesco Supersoft Cotton Hand Towel Pale Grey,https://www.tesco.com/groceries/en-GB/shop/home-and-ents/all?department=Bathroom%20Accessories%20%26%20Towels&viewAll=department&page=,£5.00,£5.00/each,,,/groceries/en-GB/products/302358005,https://digitalcontent.api.tesco.com/v2/media/ghs/ee59220b-21b0-4765-b758-89554d570764/a5f6f52d-fd7b-45cf-ac52-23ffc972fe18_370310982.jpeg?h=225&w=225,
308575101,Tesco Matte Black Soap Dish,https://www.tesco.com/groceries/en-GB/shop/home-and-ents/all?department=Bathroom%20Accessories%20%26%20Towels&viewAll=department&page=,£4.00,£4.00/each,,,/groceries/en-GB/products/308575101,https://digitalcontent.api.tesco.com/v2/media/ghs/6e4632a4-57a4-40d4-ba2d-8a35f663b3f2/2d225e4f-eaac-4339-a36d-16371bc260b8_1888697463.jpeg?h=225&w=225,
308575245,Tesco 100 Cotton Low Twist Bath Sheet Ochre,https://www.tesco.com/groceries/en-GB/shop/home-and-ents/all?department=Bathroom%20Accessories%20%26%20Towels&viewAll=department&page=,£7.00,£7.00/each,£5.25 Clubcard Price,,/groceries/en-GB/products/308575245,https://digitalcontent.api.tesco.com/v2/media/ghs/6e51e7ab-e87c-4115-ac40-5ae4b71328cd/91aa2d73-1e6a-47fa-bbb7-c4e085780d4d_1318858047.jpeg?h=225&w=225,
308901177,Tesco Antimicrobial Hot Cloths 7Pk White,https://www.tesco.com/groceries/en-GB/shop/home-and-ents/all?department=Bathroom%20Accessories%20%26%20Towels&viewAll=department&page=,£3.00,£0.43/each,,,/groceries/en-GB/products/308901177,https://digitalcontent.api.tesco.com/v2/media/ghs/0ff701f1-d5de-4697-af86-a77dfee0a627/161c26c7-e56a-4094-b7f7-a464523e8eeb_958554576.jpeg?h=225&w=225,
304651150,Tesco Chenille Stripe Bath Mat Pink,https://www.tesco.com/groceries/en-GB/shop/home-and-ents/all?department=Bathroom%20Accessories%20%26%20Towels&viewAll=department&page=,£9.00,£9.00/each,£6.75 Clubcard Price,,/groceries/en-GB/products/304651150,https://digitalcontent.api.tesco.com/v2/media/ghs/2d71b661-7cf1-471f-858f-626f1b4f1633/e5eef2a5-d88d-4dea-ad94-64e63c6b12ab_1600903726.jpeg?h=225&w=225,
310216346,Tesco Hook-On Shower Caddy White,https://www.tesco.com/groceries/en-GB/shop/home-and-ents/all?department=Bathroom%20Accessories%20%26%20Towels&viewAll=department&page=,£2.00,£2.00/each,,,/groceries/en-GB/products/310216346,https://digitalcontent.api.tesco.com/v2/media/ghs/3f40b731-ad25-4454-9c09-f9d1616956b8/539d09a9-5590-4a18-8363-6b51a571d2a6_128258985.jpeg?h=225&w=225,
304199823,Salter Clear Panel Analyser,https://www.tesco.com/groceries/en-GB/shop/home-and-ents/all?department=Bathroom%20Accessories%20%26%20Towels&viewAll=department&page=,£20.00,£20.00/each,,,/groceries/en-GB/products/304199823,https://digitalcontent.api.tesco.com/v2/media/ghs/b9dfde80-953a-4989-88d0-c31c0464534d/9a4be5fc-27d6-43e4-8d47-000e78b2b9c2_418146303.jpeg?h=225&w=225,
277953110,Weight Watchers Glass Analyser Scale 8933U,https://www.tesco.com/groceries/en-GB/shop/home-and-ents/all?department=Bathroom%20Accessories%20%26%20Towels&viewAll=department&page=,£18.00,£18.00/each,,,/groceries/en-GB/products/277953110,https://digitalcontent.api.tesco.com/v2/media/ghs/7b4cfd5c-833a-458d-94c7-4b6d236caa0a/89664667-b5f9-4251-909f-a9bf832382b8_814705899.jpeg?h=225&w=225,
311776591,Tesco Black Smart Storage Three-Tier Basket,https://www.tesco.com/groceries/en-GB/shop/home-and-ents/all?department=Bathroom%20Accessories%20%26%20Towels&viewAll=department&page=,£15.00,£15.00/each,,,/groceries/en-GB/products/311776591,https://digitalcontent.api.tesco.com/v2/media/ghs/c189a82a-5258-401f-af49-3a9b577afca2/a920f2b0-5c61-4869-a698-7920ac6aba7c_2119374059.jpeg?h=225&w=225,
297637110,Salter Compact Electronic Scale 9207 Black,https://www.tesco.com/groceries/en-GB/shop/home-and-ents/all?department=Bathroom%20Accessories%20%26%20Towels&viewAll=department&page=,£16.00,£16.00/each,,,/groceries/en-GB/products/297637110,https://digitalcontent.api.tesco.com/v2/media/ghs/992f460e-0f02-44c0-a1a0-2a10353d49b2/1138af8b-347c-4873-b7e5-8437c761f40c_392796124.jpeg?h=225&w=225,
306287946,Salter Pink Glitter Electronic Scale,https://www.tesco.com/groceries/en-GB/shop/home-and-ents/all?department=Bathroom%20Accessories%20%26%20Towels&viewAll=department&page=,£16.00,£16.00/each,,,/groceries/en-GB/products/306287946,https://digitalcontent.api.tesco.com/v2/media/ghs/886a9bc9-9a11-4c5f-b12b-a8eb12b09172/c0fbca15-5b5e-4b51-9c49-b120845eff99_846515895.jpeg?h=225&w=225,
273471225,Salter Compact Glass Scale 9081 Sv3r,https://www.tesco.com/groceries/en-GB/shop/home-and-ents/all?department=Bathroom%20Accessories%20%26%20Towels&viewAll=department&page=,£16.00,£16.00/each,,,/groceries/en-GB/products/273471225,https://digitalcontent.api.tesco.com/v2/media/ghs/0994253c-9dcf-485f-aa13-e04d2a3adc55/82f97be5-803d-4373-b1fe-b8e688d7e488_743641081.jpeg?h=225&w=225,
293891792,Tesco Large Mirror With Ajustable Height,https://www.tesco.com/groceries/en-GB/shop/home-and-ents/all?department=Bathroom%20Accessories%20%26%20Towels&viewAll=department&page=,£14.00,£14.00/each,£10.50 Clubcard Price,,/groceries/en-GB/products/293891792,https://digitalcontent.api.tesco.com/v2/media/ghs/a91d128f-4e33-4c86-a81d-098368a4c8ed/9c895401-d286-4b4c-8d5f-ef553fe6cc35_175104055.jpeg?h=225&w=225,
297637103,Salter 433 Mechanical Scale Silver,https://www.tesco.com/groceries/en-GB/shop/home-and-ents/all?department=Bathroom%20Accessories%20%26%20Towels&viewAll=department&page=,£13.00,£13.00/each,,,/groceries/en-GB/products/297637103,https://digitalcontent.api.tesco.com/v2/media/ghs/5e4320b6-28a8-4893-9e7f-b619b4b297b5/0448cb49-94ab-4423-9265-dc9b23f7d492_1744660933.jpeg?h=225&w=225,
309376599,Beldray 5 Function Shower Head Chrome,https://www.tesco.com/groceries/en-GB/shop/home-and-ents/all?department=Bathroom%20Accessories%20%26%20Towels&viewAll=department&page=,£12.00,£12.00/each,,,/groceries/en-GB/products/309376599,https://digitalcontent.api.tesco.com/v2/media/ghs/4d23794b-678e-4a15-b489-0b01a5ee2ba0/87fac987-8937-43fe-ab8b-5476a8fd1551_647403600.jpeg?h=225&w=225,
295886824,Tesco Ezlon Pedestal & Bath Mat Set Dark Grey,https://www.tesco.com/groceries/en-GB/shop/home-and-ents/all?department=Bathroom%20Accessories%20%26%20Towels&viewAll=department&page=,£9.00,£9.00/each,,,/groceries/en-GB/products/295886824,https://digitalcontent.api.tesco.com/v2/media/ghs/5ee53811-c3f9-44fd-b504-b6a078adeed8/087639c9-d7fa-4377-889e-4a888b7652d8_1868549996.jpeg?h=225&w=225,
309376583,Beldray 3 Function Shower Head Chrome,https://www.tesco.com/groceries/en-GB/shop/home-and-ents/all?department=Bathroom%20Accessories%20%26%20Towels&viewAll=department&page=,£10.00,£10.00/each,£7.50 Clubcard Price,,/groceries/en-GB/products/309376583,https://digitalcontent.api.tesco.com/v2/media/ghs/fb7e2f59-b86d-4652-be61-2e28030d635b/2a7effa5-9085-4359-bcae-5123149ba127_1020801616.jpeg?h=225&w=225,
309376577,Beldray 1.75 Metre Shower Hose,https://www.tesco.com/groceries/en-GB/shop/home-and-ents/all?department=Bathroom%20Accessories%20%26%20Towels&viewAll=department&page=,£10.00,£5.72/metre,,,/groceries/en-GB/products/309376577,https://digitalcontent.api.tesco.com/v2/media/ghs/7bf72105-4ec7-4590-90cc-2e83f7898c7c/1acf4ce2-f485-4754-9b2d-442f5855c53a_659412335.jpeg?h=225&w=225,
300232883,Tesco Ezlon Pedestal & Bath Mat Set Taupe,https://www.tesco.com/groceries/en-GB/shop/home-and-ents/all?department=Bathroom%20Accessories%20%26%20Towels&viewAll=department&page=,£9.00,£9.00/each,,,/groceries/en-GB/products/300232883,https://digitalcontent.api.tesco.com/v2/media/ghs/0cb334b6-42b1-4412-83be-106bbdb8c066/1f237f6d-84ab-4604-85d1-24a44c4d7eee_258831127.jpeg?h=225&w=225,
309376617,Beldray 1.5M Shower Hose,https://www.tesco.com/groceries/en-GB/shop/home-and-ents/all?department=Bathroom%20Accessories%20%26%20Towels&viewAll=department&page=,£9.00,£6.00/metre,£6.75 Clubcard Price,,/groceries/en-GB/products/309376617,https://digitalcontent.api.tesco.com/v2/media/ghs/7af16a8d-f7c7-48d9-928a-d65ec42c793c/459afe2b-d806-4199-bda7-7775e541ddf9_1612759220.jpeg?h=225&w=225,
307499613,Zig Zag Bath Mat Grey,https://www.tesco.com/groceries/en-GB/shop/home-and-ents/all?department=Bathroom%20Accessories%20%26%20Towels&viewAll=department&page=,£9.00,£9.00/each,,,/groceries/en-GB/products/307499613,https://digitalcontent.api.tesco.com/v2/media/ghs/902a310d-01c1-416d-b5ff-e2409431bbba/ba4ae923-c822-450d-9b01-901a1306f695_269736982.jpeg?h=225&w=225,
311735559,Tesco Matte Taupe Soap Dispenser,https://www.tesco.com/groceries/en-GB/shop/home-and-ents/all?department=Bathroom%20Accessories%20%26%20Towels&viewAll=department&page=,£6.00,£6.00/each,£4.50 Clubcard Price,,/groceries/en-GB/products/311735559,https://digitalcontent.api.tesco.com/v2/media/ghs/f8aa4a21-edad-407e-b240-4d8d54346210/0fa76b01-4eb8-45bc-ae4f-7b718566a646_682824292.jpeg?h=225&w=225,
310215566,Tesco Supersoft Cotton Bath Sheet Lilac,https://www.tesco.com/groceries/en-GB/shop/home-and-ents/all?department=Bathroom%20Accessories%20%26%20Towels&viewAll=department&page=,£9.00,£9.00/each,,,/groceries/en-GB/products/310215566,https://digitalcontent.api.tesco.com/v2/media/ghs/5b6f19f0-e04f-464d-8041-9a78ffcd08f4/9ef0e8ba-a9b7-435f-99d1-28e2e0ee6f40_1574697070.jpeg?h=225&w=225,
311735634,Tesco Teal Supersoft Cotton Bath Sheet,https://www.tesco.com/groceries/en-GB/shop/home-and-ents/all?department=Bathroom%20Accessories%20%26%20Towels&viewAll=department&page=,£9.00,£9.00/each,,,/groceries/en-GB/products/311735634,https://digitalcontent.api.tesco.com/v2/media/ghs/8acfdc90-9393-4054-859a-fedf5bbce860/337e2174-6c92-4533-b09d-3a588c6855a3_292038633.jpeg?h=225&w=225,
307509661,Tesco Freestanding Toilet Roll Holder,https://www.tesco.com/groceries/en-GB/shop/home-and-ents/all?department=Bathroom%20Accessories%20%26%20Towels&viewAll=department&page=,£7.00,£7.00/each,,,/groceries/en-GB/products/307509661,https://digitalcontent.api.tesco.com/v2/media/ghs/427d1135-9323-4259-8cf6-ac3508033f19/bc94686f-601a-4efc-90e6-6205681fa2f5_1850646347.jpeg?h=225&w=225,
295887282,Tesco Microchenille Bath Mat Grey,https://www.tesco.com/groceries/en-GB/shop/home-and-ents/all?department=Bathroom%20Accessories%20%26%20Towels&viewAll=department&page=,£6.50,£6.50/each,,,/groceries/en-GB/products/295887282,https://digitalcontent.api.tesco.com/v2/media/ghs/932b80d4-307b-41a7-a0b4-da4e76958f27/ec48f2fd-9959-4d6b-af54-deb0cccfaa34_1722901969.jpeg?h=225&w=225,
308974562,Tesco Black Round Mirror,https://www.tesco.com/groceries/en-GB/shop/home-and-ents/all?department=Bathroom%20Accessories%20%26%20Towels&viewAll=department&page=,£6.00,£6.00/each,,,/groceries/en-GB/products/308974562,https://digitalcontent.api.tesco.com/v2/media/ghs/8210e4a5-ca4c-40f7-ae6d-e1e942d15494/f8ea92f2-84e7-421e-9e75-fccd836ae715_1778552471.jpeg?h=225&w=225,
308575124,Tesco Hook On Wire Caddy,https://www.tesco.com/groceries/en-GB/shop/home-and-ents/all?department=Bathroom%20Accessories%20%26%20Towels&viewAll=department&page=,£6.00,£6.00/each,£4.50 Clubcard Price,,/groceries/en-GB/products/308575124,https://digitalcontent.api.tesco.com/v2/media/ghs/cee5e86a-4af9-45be-b306-9e8dc8bcaf49/29eda3a2-a90b-4809-9a77-c05705a97b6b_134649818.jpeg?h=225&w=225,
310215557,Tesco Supersoft Cotton Bath Towel Lilac,https://www.tesco.com/groceries/en-GB/shop/home-and-ents/all?department=Bathroom%20Accessories%20%26%20Towels&viewAll=department&page=,£7.00,£7.00/each,,,/groceries/en-GB/products/310215557,https://digitalcontent.api.tesco.com/v2/media/ghs/472b56a9-c3d2-4ec7-8cee-c57f2c4fa336/b9997d2b-f584-4cce-a500-231817ae2f04_1644304933.jpeg?h=225&w=225,
295890064,Tesco Chenille Stripe Bath Mat Grey,https://www.tesco.com/groceries/en-GB/shop/home-and-ents/all?department=Bathroom%20Accessories%20%26%20Towels&viewAll=department&page=,£9.00,£9.00/each,,,/groceries/en-GB/products/295890064,https://digitalcontent.api.tesco.com/v2/media/ghs/2456e246-ba10-48f4-b108-7ef28eff46af/93c86283-a985-4be1-84ac-abc2aeb85589_1815292826.jpeg?h=225&w=225,
311735542,Tesco Matte Taupe Tumbler,https://www.tesco.com/groceries/en-GB/shop/home-and-ents/all?department=Bathroom%20Accessories%20%26%20Towels&viewAll=department&page=,£5.00,£5.00/each,£3.75 Clubcard Price,,/groceries/en-GB/products/311735542,https://digitalcontent.api.tesco.com/v2/media/ghs/7d40feec-6b13-47e6-b911-04e5e5ec1398/1df7823b-cd09-4966-b6dd-ef483100c936_316177592.jpeg?h=225&w=225,
309979699,Yankee Candle Large Jar Reindeer Treats 538G,https://www.tesco.com/groceries/en-GB/shop/home-and-ents/all?department=Home%20Accessories&viewAll=department&page=,£15.00,£27.89/kg,Any 3 for 2 Clubcard Price - Cheapest Product Free - Selected Yankee Candle,,/groceries/en-GB/products/309979699,https://digitalcontent.api.tesco.com/v2/media/ghs/c6d6e5d4-7e4a-48d1-b69a-85d781248ce2/0dd5b551-cc7f-4686-a99b-b4d9363d44ae_1093256117.jpeg?h=225&w=225,
311276704,Wax Lyrical Bright Orange R/Difser 200Ml,https://www.tesco.com/groceries/en-GB/shop/home-and-ents/all?department=Home%20Accessories&viewAll=department&page=,£12.00,£60.00/litre,£9.00 Clubcard Price,,/groceries/en-GB/products/311276704,https://digitalcontent.api.tesco.com/v2/media/ghs/3d882862-7392-4f84-ab08-8216f157430d/37344e62-89fa-4129-94a6-0371058efbb0_1845691501.jpeg?h=225&w=225,
311392975,Fox & Ivy Floral Frame 4X6,https://www.tesco.com/groceries/en-GB/shop/home-and-ents/all?department=Home%20Accessories&viewAll=department&page=,£8.00,£8.00/each,£6.00 Clubcard Price,,/groceries/en-GB/products/311392975,https://digitalcontent.api.tesco.com/v2/media/ghs/0b81c024-eeac-489c-bd91-0edb86579287/4048bc63-99b6-4b66-aecd-3d3c290993a7_1129172562.jpeg?h=225&w=225,
311978012,Fox & Ivy Faux Mohair Cushion,https://www.tesco.com/groceries/en-GB/shop/home-and-ents/all?department=Home%20Accessories&viewAll=department&page=,£10.00,£10.00/each,,,/groceries/en-GB/products/311978012,https://digitalcontent.api.tesco.com/v2/media/ghs/d6b99752-a627-4c1d-87f8-0376b0731d0e/7d9b70f8-93d0-48d6-9872-5bd976444501_765807133.jpeg?h=225&w=225,
303138316,Wham 17L Box With Lid Clear,https://www.tesco.com/groceries/en-GB/shop/home-and-ents/all?department=Home%20Accessories&viewAll=department&page=,£4.00,£4.00/each,,,/groceries/en-GB/products/303138316,https://digitalcontent.api.tesco.com/v2/media/ghs/61d8c881-7438-433b-83ed-02dc82ff3bf1/627ad482-6e1b-435a-9bb4-170b97676e50_1874544451.jpeg?h=225&w=225,
311564634,Tesco Spa Grey Candle Geranium & Lavender 230G,https://www.tesco.com/groceries/en-GB/shop/home-and-ents/all?department=Home%20Accessories&viewAll=department&page=,£6.00,£26.09/kg,,New,/groceries/en-GB/products/311564634,https://digitalcontent.api.tesco.com/v2/media/ghs/b4a81ef4-991a-405b-8fd4-30f40dc9ae6a/28018c50-a19e-48fe-b786-cdde04b81176_577012134.jpeg?h=225&w=225,
311808367,Wax Lyrical Bright Blue Candle Eau De Mer 190G,https://www.tesco.com/groceries/en-GB/shop/home-and-ents/all?department=Home%20Accessories&viewAll=department&page=,£6.00,£31.58/kg,£4.50 Clubcard Price,,/groceries/en-GB/products/311808367,https://digitalcontent.api.tesco.com/v2/media/ghs/ef80ce9e-9ff9-437a-9c69-d5af9c6a76cd/2b82fe51-dfab-4022-bbac-fd12c66fe7c0_1784918778.jpeg?h=225&w=225,
311689803,Wax Lyrical Bright Pink Candle Oksygen 190G,https://www.tesco.com/groceries/en-GB/shop/home-and-ents/all?department=Home%20Accessories&viewAll=department&page=,£6.00,£31.58/kg,£4.50 Clubcard Price,,/groceries/en-GB/products/311689803,https://digitalcontent.api.tesco.com/v2/media/ghs/7b7bc0cf-e18e-4656-bd64-841057c4e534/f65fb2d0-1279-4394-9db3-f27b3248dde0_1527919104.jpeg?h=225&w=225,
311226275,Wax Lyrical Bright Green Candle Wildnis 190G,https://www.tesco.com/groceries/en-GB/shop/home-and-ents/all?department=Home%20Accessories&viewAll=department&page=,£6.00,£31.58/kg,£4.50 Clubcard Price,,/groceries/en-GB/products/311226275,https://digitalcontent.api.tesco.com/v2/media/ghs/3305ce90-cc6b-4fcb-a916-34f16fd14e8c/b892a4b7-f094-4274-9735-6716538d56ad_188999124.jpeg?h=225&w=225,
307949341,Curver Your Style Recycled Large Grey,https://www.tesco.com/groceries/en-GB/shop/home-and-ents/all?department=Home%20Accessories&viewAll=department&page=,£4.00,£4.00/each,,,/groceries/en-GB/products/307949341,https://digitalcontent.api.tesco.com/v2/media/ghs/678af650-71cf-4973-8af2-14eb77319240/7a91f9d3-2eab-476f-b563-e08c0f7ff700_1255228372.jpeg?h=225&w=225,
289910673,Tesco Unfragranced Large Pillar Candle - White,https://www.tesco.com/groceries/en-GB/shop/home-and-ents/all?department=Home%20Accessories&viewAll=department&page=,£3.75,£3.75/each,,,/groceries/en-GB/products/289910673,https://digitalcontent.api.tesco.com/v2/media/ghs/c0ebe5cd-5941-4619-acdd-1c260de5ce1e/9dd55a84-0f93-469e-93e9-604c7875a99a_359549231.jpeg?h=225&w=225,
310372488,Tesco Timeless Candle -Mandarin Lime&Basil 300G,https://www.tesco.com/groceries/en-GB/shop/home-and-ents/all?department=Home%20Accessories&viewAll=department&page=,£4.00,£13.34/kg,,,/groceries/en-GB/products/310372488,https://digitalcontent.api.tesco.com/v2/media/ghs/b2223065-b715-4a0a-a62d-1115dd135f60/9753dc5f-1f50-46e5-a7c2-b0dadbe9aa81_2039193312.jpeg?h=225&w=225,
310669564,Alice Scott Soy Candle 195G,https://www.tesco.com/groceries/en-GB/shop/home-and-ents/all?department=Home%20Accessories&viewAll=department&page=,£5.00,£2.57/100g,,New,/groceries/en-GB/products/310669564,https://digitalcontent.api.tesco.com/v2/media/ghs/ccd7f399-5401-4a4c-b04c-1df1ed727ceb/077d92cf-6c73-4109-a685-7d73c4130044_1969479933.jpeg?h=225&w=225,
307949306,Curver Your Style Recycled Small Grey,https://www.tesco.com/groceries/en-GB/shop/home-and-ents/all?department=Home%20Accessories&viewAll=department&page=,£2.50,£2.50/each,,,/groceries/en-GB/products/307949306,https://digitalcontent.api.tesco.com/v2/media/ghs/60304122-22a1-4be3-a2b4-5633ef354c47/2a3f7241-6675-499d-97c9-65250580d74f_1719217910.jpeg?h=225&w=225,
307949329,Curver Your Style Recycled Medium Grey,https://www.tesco.com/groceries/en-GB/shop/home-and-ents/all?department=Home%20Accessories&viewAll=department&page=,£3.00,£3.00/each,,,/groceries/en-GB/products/307949329,https://digitalcontent.api.tesco.com/v2/media/ghs/2a249585-4d0a-4b2e-8e6a-1d6382b96088/000fa877-9654-4584-a2db-66390a9064d6_862773386.jpeg?h=225&w=225,
310334427,Tesco Scented Candle White Linen & Orchied 285G,https://www.tesco.com/groceries/en-GB/shop/home-and-ents/all?department=Home%20Accessories&viewAll=department&page=,£4.00,£14.04/kg,,New,/groceries/en-GB/products/310334427,https://digitalcontent.api.tesco.com/v2/media/ghs/5c749bbd-756a-4f59-a78f-98e5e5d781c2/72fa2d6b-c9fd-43d9-ba6b-7fccd90c1b46_116903408.jpeg?h=225&w=225,
263115387,Tesco Tealights 100 Pack,https://www.tesco.com/groceries/en-GB/shop/home-and-ents/all?department=Home%20Accessories&viewAll=department&page=,£4.00,£0.04/each,,,/groceries/en-GB/products/263115387,https://digitalcontent.api.tesco.com/v2/media/ghs/c86036b6-69af-40af-9e13-d941899d4a9b/d1e9864d-0683-41c4-a24d-99a4dbae0b97_473643786.jpeg?h=225&w=225,
289910682,Tesco Unfragranced Medium Pillar Candle - White,https://www.tesco.com/groceries/en-GB/shop/home-and-ents/all?department=Home%20Accessories&viewAll=department&page=,£2.75,£2.75/each,,,/groceries/en-GB/products/289910682,https://digitalcontent.api.tesco.com/v2/media/ghs/53663fbb-2257-4d1f-b551-71965fc04e44/bd54da0d-a6a2-4a6e-87e8-0b2a42038307_1551740923.jpeg?h=225&w=225,
261143638,Tesco Unfragranced Large Pillar Candle - Ivory,https://www.tesco.com/groceries/en-GB/shop/home-and-ents/all?department=Home%20Accessories&viewAll=department&page=,£3.75,£3.75/each,,,/groceries/en-GB/products/261143638,https://digitalcontent.api.tesco.com/v2/media/ghs/de839ef6-7517-485f-b4a0-3e3a4630156f/52d28496-5ec9-4fc7-a7a2-2a5d61d4578a_1679641820.jpeg?h=225&w=225,
296206045,Tesco Fig & Mulberry 27Pk Tealights,https://www.tesco.com/groceries/en-GB/shop/home-and-ents/all?department=Home%20Accessories&viewAll=department&page=,£2.00,£0.07/each,,,/groceries/en-GB/products/296206045,https://digitalcontent.api.tesco.com/v2/media/ghs/70ec0980-6b47-41db-b35a-e8f710cfd14a/a2c8c5a7-eafd-4b6c-b4c2-021fa90b7fdf_580846842.jpeg?h=225&w=225,
296205910,Tesco White Linen & Orchid 27Pk Tealights,https://www.tesco.com/groceries/en-GB/shop/home-and-ents/all?department=Home%20Accessories&viewAll=department&page=,£2.00,£0.07/each,,,/groceries/en-GB/products/296205910,https://digitalcontent.api.tesco.com/v2/media/ghs/982c0a05-efb7-4e53-ae99-55fd9a19f55d/a8eb1c26-6247-4f8d-a2f5-1ce46262973b_1863299706.jpeg?h=225&w=225,
296206949,Tesco Spiced Berries & Apple 27Pk Tealights,https://www.tesco.com/groceries/en-GB/shop/home-and-ents/all?department=Home%20Accessories&viewAll=department&page=,£2.00,£0.07/each,,,/groceries/en-GB/products/296206949,https://digitalcontent.api.tesco.com/v2/media/ghs/08e57077-3da2-4cab-a6ff-a39e01b5d0c8/375b1771-6592-4c47-a764-342cb21a5616_1066570973.jpeg?h=225&w=225,
299644068,Tesco Seasalt And Sandalwood 27Pk Tealights,https://www.tesco.com/groceries/en-GB/shop/home-and-ents/all?department=Home%20Accessories&viewAll=department&page=,£2.00,£0.07/each,,,/groceries/en-GB/products/299644068,https://digitalcontent.api.tesco.com/v2/media/ghs/ff4a602e-0905-4b80-b2c6-85d76051db32/b8fdce40-0a81-4fc2-bb68-b2ee7ec1cc97_1874549153.jpeg?h=225&w=225,
310372200,Tesco Scented 30Ml Reed Diffuser Vanilla & Honey,https://www.tesco.com/groceries/en-GB/shop/home-and-ents/all?department=Home%20Accessories&viewAll=department&page=,£1.50,£50.00/litre,,,/groceries/en-GB/products/310372200,https://digitalcontent.api.tesco.com/v2/media/ghs/7317a6bb-8d13-4cb6-af40-dea9a5b8133c/ad6d5103-83b2-4711-831e-51b5d6f6a16a_198486197.jpeg?h=225&w=225,
310372223,Tesco Scented 30Ml Reed Diffuser Sea Salt & Sandal Wood,https://www.tesco.com/groceries/en-GB/shop/home-and-ents/all?department=Home%20Accessories&viewAll=department&page=,£1.50,£50.00/litre,,New,/groceries/en-GB/products/310372223,https://digitalcontent.api.tesco.com/v2/media/ghs/201e4f53-9ba3-4254-945a-6b1b0e702a5b/24f19b6c-15d3-4b97-91ac-73917ccc77ae_1828726931.jpeg?h=225&w=225,
311529585,Tesco Scented Cinnamon & Clove Tealights 27Pk,https://www.tesco.com/groceries/en-GB/shop/home-and-ents/all?department=Home%20Accessories&viewAll=department&page=,£2.00,£0.07/each,,,/groceries/en-GB/products/311529585,https://digitalcontent.api.tesco.com/v2/media/ghs/2c0b2239-fbd8-4fa6-ad8d-3a5477171498/ddf9e12b-f1c6-4090-a0b3-56e817d01ce2_1712427620.jpeg?h=225&w=225,
310372246,Tesco Scented 30Ml Reed Diffuser Mango & Pineapple,https://www.tesco.com/groceries/en-GB/shop/home-and-ents/all?department=Home%20Accessories&viewAll=department&page=,£1.50,£50.00/litre,,,/groceries/en-GB/products/310372246,https://digitalcontent.api.tesco.com/v2/media/ghs/d8e31276-683b-4dd0-99f2-248d91b9ffcc/d7da746f-6bb8-49aa-8719-528448a8237c_1492517029.jpeg?h=225&w=225,
310372237,Tesco Scented 30Ml Reed Diffuser Fig & Mulberry,https://www.tesco.com/groceries/en-GB/shop/home-and-ents/all?department=Home%20Accessories&viewAll=department&page=,£1.50,£50.00/litre,,,/groceries/en-GB/products/310372237,https://digitalcontent.api.tesco.com/v2/media/ghs/17acf889-9cbc-41c1-9f7b-881d0a8c280b/82ac4405-c37d-45b1-ab39-a8a06dd73bd8_1756363744.jpeg?h=225&w=225,
289910765,Tesco Unfragranced Small Pillar Candle Ivory,https://www.tesco.com/groceries/en-GB/shop/home-and-ents/all?department=Home%20Accessories&viewAll=department&page=,£1.75,£1.75/each,,,/groceries/en-GB/products/289910765,https://digitalcontent.api.tesco.com/v2/media/ghs/5114ee0c-d8f1-4ac0-95d4-ca75d7436214/c6104902-3a35-43b6-89ad-f526418b2cec_1897587769.jpeg?h=225&w=225,
310334350,Tesco Scented Candle White Linen & Orchid 95G,https://www.tesco.com/groceries/en-GB/shop/home-and-ents/all?department=Home%20Accessories&viewAll=department&page=,£1.25,£13.16/kg,,,/groceries/en-GB/products/310334350,https://digitalcontent.api.tesco.com/v2/media/ghs/1aef3217-d792-4ca5-bdc7-8c55c742b606/690177d9-7394-4447-a20a-71c601b698c4_1507250724.jpeg?h=225&w=225,
310334407,Tesco Scented Candle Mango & Pineapple 95G,https://www.tesco.com/groceries/en-GB/shop/home-and-ents/all?department=Home%20Accessories&viewAll=department&page=,£1.25,£13.16/kg,,,/groceries/en-GB/products/310334407,https://digitalcontent.api.tesco.com/v2/media/ghs/ea6be7b1-7f08-48f1-8fc3-0d764204fb86/4931ccc1-341b-4c58-a1de-60f1216c03a5_1827786959.jpeg?h=225&w=225,
310334367,Tesco Scented Candle Vanilla & Honey 95G,https://www.tesco.com/groceries/en-GB/shop/home-and-ents/all?department=Home%20Accessories&viewAll=department&page=,£1.25,£13.16/kg,,,/groceries/en-GB/products/310334367,https://digitalcontent.api.tesco.com/v2/media/ghs/37418dfe-c344-4dc8-8557-757f42d1f288/c7b12224-8ba7-40ec-b01b-2c14a0897dee_1911293005.jpeg?h=225&w=225,
310334373,Tesco Scented Candle Spiced Berries & Apple 95G,https://www.tesco.com/groceries/en-GB/shop/home-and-ents/all?department=Home%20Accessories&viewAll=department&page=,£1.25,£13.16/kg,,,/groceries/en-GB/products/310334373,https://digitalcontent.api.tesco.com/v2/media/ghs/1b8262c3-1790-4eaf-ba1a-f5299fd1cf6d/b0b95c21-d75b-4b30-9416-7c537c02fc56_879564050.jpeg?h=225&w=225,
310372407,Hinch Large Ivory Pillar Candle,https://www.tesco.com/groceries/en-GB/shop/home-and-ents/all?department=Home%20Accessories&viewAll=department&page=,£4.00,£4.00/each,£3.00 Clubcard Price,,/groceries/en-GB/products/310372407,https://digitalcontent.api.tesco.com/v2/media/ghs/5ad486e4-362e-4ee8-80d3-b81f5a8b5d7e/60bf1534-f44c-4eb0-bb86-93f2d3cfd2aa_1150067731.jpeg?h=225&w=225,
310372252,Tesco Scented 30Ml Reed Diffuser Rhubarb & Elderberry,https://www.tesco.com/groceries/en-GB/shop/home-and-ents/all?department=Home%20Accessories&viewAll=department&page=,£1.50,£50.00/litre,,New,/groceries/en-GB/products/310372252,https://digitalcontent.api.tesco.com/v2/media/ghs/b184327d-3b2d-46a5-b1fa-ca2b3df56a15/a976b3fc-d0bf-4099-ae52-85f1d9bb09d3_747647483.jpeg?h=225&w=225,
290138745,Tesco Unfragranced Small Pillar Candle - White,https://www.tesco.com/groceries/en-GB/shop/home-and-ents/all?department=Home%20Accessories&viewAll=department&page=,£1.50,£1.50/each,,,/groceries/en-GB/products/290138745,https://digitalcontent.api.tesco.com/v2/media/ghs/d3e54144-ef10-441b-b735-b77ddd741395/4d1bd83b-b0b9-40bb-b26c-9bec8da00727_1297637907.jpeg?h=225&w=225,
310334387,Tesco Scented Candle Seasalt & Sandalwood 95G,https://www.tesco.com/groceries/en-GB/shop/home-and-ents/all?department=Home%20Accessories&viewAll=department&page=,£1.25,£13.16/kg,,New,/groceries/en-GB/products/310334387,https://digitalcontent.api.tesco.com/v2/media/ghs/93ecab9b-474c-4e0b-83ea-fcfb260a5fca/c7d34f03-bf71-4c8d-9594-fe6e75a63555_1739976602.jpeg?h=225&w=225,
311529556,Tesco Scented Candle Cinnamon & Clove 95G,https://www.tesco.com/groceries/en-GB/shop/home-and-ents/all?department=Home%20Accessories&viewAll=department&page=,£1.25,£13.16/kg,,,/groceries/en-GB/products/311529556,https://digitalcontent.api.tesco.com/v2/media/ghs/aa4163e5-5360-44b4-adc0-0b25c56257e2/b206fdf4-6900-4968-8a87-764de905e3b8_829436250.jpeg?h=225&w=225,
310334413,Tesco Scented Candle Rhubarb & Elderberry 95G,https://www.tesco.com/groceries/en-GB/shop/home-and-ents/all?department=Home%20Accessories&viewAll=department&page=,£1.25,£13.16/kg,,,/groceries/en-GB/products/310334413,https://digitalcontent.api.tesco.com/v2/media/ghs/ad8b6fc7-7ce7-4d0a-bf25-956d3ef9ec2a/e5dce0b1-91ae-476d-98fb-b4f124a0fff8_1183597298.jpeg?h=225&w=225,
310334396,Tesco Scented Candle Fig & Mulberry 95G,https://www.tesco.com/groceries/en-GB/shop/home-and-ents/all?department=Home%20Accessories&viewAll=department&page=,£1.25,£13.16/kg,,New,/groceries/en-GB/products/310334396,https://digitalcontent.api.tesco.com/v2/media/ghs/27d0c5ea-3bda-4094-82a8-242c73c07e26/72326b6c-a73d-4fc8-b819-7ebfa007e02e_1399655788.jpeg?h=225&w=225,
291997181,Tesco Tea Light And Dinner Candle Holder Clear,https://www.tesco.com/groceries/en-GB/shop/home-and-ents/all?department=Home%20Accessories&viewAll=department&page=,£0.60,£0.60/each,,,/groceries/en-GB/products/291997181,https://digitalcontent.api.tesco.com/v2/media/ghs/185e13fb-9df6-4cc2-a969-65de7a7af67b/44f9a50a-2d9b-4c04-89ba-ac7fb560733b_732758643.jpeg?h=225&w=225,
311392969,Fox & Ivy Floral Trinket Box,https://www.tesco.com/groceries/en-GB/shop/home-and-ents/all?department=Home%20Accessories&viewAll=department&page=,£14.00,£14.00/each,£10.50 Clubcard Price,,/groceries/en-GB/products/311392969,https://digitalcontent.api.tesco.com/v2/media/ghs/17a2b385-05c6-4bbd-8c73-61230a9724ce/17653648-5b98-418a-b585-f23fe6645b2a_217234587.jpeg?h=225&w=225,
310807586,Natures Wick Multi Wick Candle Lav&Oat Milk 433G,https://www.tesco.com/groceries/en-GB/shop/home-and-ents/all?department=Home%20Accessories&viewAll=department&page=,£16.50,£38.11/kg,,,/groceries/en-GB/products/310807586,https://digitalcontent.api.tesco.com/v2/media/ghs/41fe2c4d-b81e-4ec9-b260-fe864d3f5bb4/b61a801e-05b7-447f-bd45-3ee19418cd33_258064334.jpeg?h=225&w=225,
311393352,Hinch Ruched Cushion,https://www.tesco.com/groceries/en-GB/shop/home-and-ents/all?department=Home%20Accessories&viewAll=department&page=,£14.00,£14.00/each,£11.00 Clubcard Price,,/groceries/en-GB/products/311393352,https://digitalcontent.api.tesco.com/v2/media/ghs/706d996c-f5c6-4341-b26d-12d79613b040/962b9133-3e12-4421-b8c7-759bb0ca4dac_523929305.jpeg?h=225&w=225,
310529157,Hinch Stacking Storage White,https://www.tesco.com/groceries/en-GB/shop/home-and-ents/all?department=Home%20Accessories&viewAll=department&page=,£10.00,£10.00/each,,,/groceries/en-GB/products/310529157,https://digitalcontent.api.tesco.com/v2/media/ghs/045f886c-dec1-4b22-b2f0-a14aa138a02e/09de8574-b6d1-4ffc-b77c-1eb48fbae33c_1113369661.jpeg?h=225&w=225,
310310073,Tesco Apothecary Candle Cloche-Ylang &Orng Blossom 250G,https://www.tesco.com/groceries/en-GB/shop/home-and-ents/all?department=Home%20Accessories&viewAll=department&page=,£12.00,£48.00/kg,£9.00 Clubcard Price,,/groceries/en-GB/products/310310073,https://digitalcontent.api.tesco.com/v2/media/ghs/cfd2f7ad-5117-49bd-b9ed-ea1a7f98d195/28841d4a-25d7-4db6-9337-e68c9d7180ae_1542472359.jpeg?h=225&w=225,
311393260,Fox & Ivy Navy Cut Velvet Floral Cushion,https://www.tesco.com/groceries/en-GB/shop/home-and-ents/all?department=Home%20Accessories&viewAll=department&page=,£12.00,£12.00/each,,,/groceries/en-GB/products/311393260,https://digitalcontent.api.tesco.com/v2/media/ghs/f02935d5-85fe-4ee1-967d-8d0b506c0fbf/edc91ace-68af-46cd-9344-3d5520d9d180_469672419.jpeg?h=225&w=225,
311666807,Wax Lyrical Blue Reed Diffuser Eau De Mer 200Ml,https://www.tesco.com/groceries/en-GB/shop/home-and-ents/all?department=Home%20Accessories&viewAll=department&page=,£12.00,£60.00/litre,£9.00 Clubcard Price,,/groceries/en-GB/products/311666807,https://digitalcontent.api.tesco.com/v2/media/ghs/3dc4583b-cfe6-4789-a46d-3452168070d2/bb0b498c-8497-475d-9562-f912cf41956c_1538481086.jpeg?h=225&w=225,
309474622,Glade Aromatherapy Reed Diffuser Moment Of Zen 80Ml,https://www.tesco.com/groceries/en-GB/shop/home-and-ents/all?department=Home%20Accessories&viewAll=department&page=,£9.00,£112.50/litre,,,/groceries/en-GB/products/309474622,https://digitalcontent.api.tesco.com/v2/media/ghs/83e64d15-f123-4d94-a87b-b9e833cc6e67/7e92b666-c84e-444e-a95e-86c059c84c39_1024750978.jpeg?h=225&w=225,
311564375,Tesco Spa Green Candle Clary Sage & Mandarin 440G,https://www.tesco.com/groceries/en-GB/shop/home-and-ents/all?department=Home%20Accessories&viewAll=department&page=,£10.00,£22.73/kg,,,/groceries/en-GB/products/311564375,https://digitalcontent.api.tesco.com/v2/media/ghs/253f1164-0a66-4af2-b728-7e83bcdcb9cb/9d40d22d-5ba9-40a2-b897-ed542453dbd5_1865621520.jpeg?h=225&w=225,
310308710,Tesco Wellbeing Diffusing Gardenia & Sandal Wood 100Ml,https://www.tesco.com/groceries/en-GB/shop/home-and-ents/all?department=Home%20Accessories&viewAll=department&page=,£7.00,£70.00/litre,£5.25 Clubcard Price,,/groceries/en-GB/products/310308710,https://digitalcontent.api.tesco.com/v2/media/ghs/72d75da9-8793-4e6d-a56d-12201357d7df/6bbfaaba-4926-41f8-bbf7-da74befc645a_617730343.jpeg?h=225&w=225,
308622478,Tesco Photo Frame Double All Purpose 8X10 Oak,https://www.tesco.com/groceries/en-GB/shop/home-and-ents/all?department=Home%20Accessories&viewAll=department&page=,£5.00,£5.00/each,£3.75 Clubcard Price,,/groceries/en-GB/products/308622478,https://digitalcontent.api.tesco.com/v2/media/ghs/dd692d25-8cd2-4775-b5e9-e9406297ac55/754b15d6-ad64-4ce4-8b0e-48c9a6f71baa_1627893040.jpeg?h=225&w=225,
308622455,Tesco Photo Frame Double All Purpose 8X10 White,https://www.tesco.com/groceries/en-GB/shop/home-and-ents/all?department=Home%20Accessories&viewAll=department&page=,£5.00,£5.00/each,£3.75 Clubcard Price,,/groceries/en-GB/products/308622455,https://digitalcontent.api.tesco.com/v2/media/ghs/b46fcd64-a9f1-40a3-a7fc-72fc140119cc/6e008cdd-1dd4-465c-b154-a84ab5d2b80b_71696696.jpeg?h=225&w=225,
299644189,Tesco 6 Pack Dinner Candles White,https://www.tesco.com/groceries/en-GB/shop/home-and-ents/all?department=Home%20Accessories&viewAll=department&page=,£3.50,£0.58/each,,,/groceries/en-GB/products/299644189,https://digitalcontent.api.tesco.com/v2/media/ghs/d9e99b57-199c-454c-86f7-706c4fc0d85b/0550d3ce-0254-47b2-9846-fdc305753468_568732933.jpeg?h=225&w=225,
310334505,Tesco Scented Candle Vanilla & Honey 490G,https://www.tesco.com/groceries/en-GB/shop/home-and-ents/all?department=Home%20Accessories&viewAll=department&page=,£6.00,£12.25/kg,,,/groceries/en-GB/products/310334505,https://digitalcontent.api.tesco.com/v2/media/ghs/c10ef711-decc-4f54-b313-199e1641bae6/c99b9c04-d57d-458a-97b7-c0062c2c1bbf_1788806264.jpeg?h=225&w=225,
299644195,Tesco 6 Pack Dinner Candles Ivory,https://www.tesco.com/groceries/en-GB/shop/home-and-ents/all?department=Home%20Accessories&viewAll=department&page=,£3.50,£0.58/each,,,/groceries/en-GB/products/299644195,https://digitalcontent.api.tesco.com/v2/media/ghs/525aef06-239d-4985-bd1a-dfb609c90122/58861602-bac1-4b71-b485-5c829c2869fd_1500272374.jpeg?h=225&w=225,
310807528,Yankee 4 Votive Gift Set,https://www.tesco.com/groceries/en-GB/shop/home-and-ents/all?department=Home%20Accessories&viewAll=department&page=,£6.00,£1.50/each,Any 3 for 2 Clubcard Price - Cheapest Product Free - Selected Yankee Candle,,/groceries/en-GB/products/310807528,https://digitalcontent.api.tesco.com/v2/media/ghs/b77843cf-52be-407a-a2ab-71d1af23f5f2/ff11c5b0-3bfc-4ee7-975f-41f4e49518dc_1709580013.jpeg?h=225&w=225,
259523301,Tesco Unfragranced Medium Pillar Candle - Ivory,https://www.tesco.com/groceries/en-GB/shop/home-and-ents/all?department=Home%20Accessories&viewAll=department&page=,£2.75,£2.75/each,,,/groceries/en-GB/products/259523301,https://digitalcontent.api.tesco.com/v2/media/ghs/7d5a1a60-5196-431d-923f-a8b755a83fd5/acee6235-60ab-4d9c-b048-a8984ab9e8d8_162430017.jpeg?h=225&w=225,
312356211,Tontarelli Rhino Box With Lid 6L,https://www.tesco.com/groceries/en-GB/shop/home-and-ents/all?department=Home%20Accessories&viewAll=department&page=,£4.00,£4.00/each,,New,/groceries/en-GB/products/312356211,https://digitalcontent.api.tesco.com/v2/media/ghs-mktg/b0b04216-fa73-466d-a9d7-c9fcfa1ce9b3/no-image.jpeg,
310372494,Tesco Timeless Candle - Peony Blush 300G,https://www.tesco.com/groceries/en-GB/shop/home-and-ents/all?department=Home%20Accessories&viewAll=department&page=,£4.00,£13.34/kg,,,/groceries/en-GB/products/310372494,https://digitalcontent.api.tesco.com/v2/media/ghs/df476748-4a43-4b35-8015-65f04b316172/ca4be0a1-7a92-4d0f-ad79-676823e9a17e_619522844.jpeg?h=225&w=225,
310372471,Tesco Timeless Candle - Pomegranate 300G,https://www.tesco.com/groceries/en-GB/shop/home-and-ents/all?department=Home%20Accessories&viewAll=department&page=,£4.00,£13.34/kg,,,/groceries/en-GB/products/310372471,https://digitalcontent.api.tesco.com/v2/media/ghs/36e82bb7-7684-4f0a-85ac-862083134541/728d11c9-07dd-4486-9edd-5f33640f15cc_365158099.jpeg?h=225&w=225,
297478509,Yankee 6 Wax Melts Cosy Up,https://www.tesco.com/groceries/en-GB/shop/home-and-ents/all?department=Home%20Accessories&viewAll=department&page=,£3.75,£3.75/each,,,/groceries/en-GB/products/297478509,https://digitalcontent.api.tesco.com/v2/media/ghs/b16c45fc-da8a-465a-9702-52a178cc3221/e64fa637-e99d-4677-9823-2b7f9bcabe77_1834845549.jpeg?h=225&w=225,
308622379,Tesco Basic Plastic Frame Black A4,https://www.tesco.com/groceries/en-GB/shop/home-and-ents/all?department=Home%20Accessories&viewAll=department&page=,£3.50,£3.50/each,£2.60 Clubcard Price,,/groceries/en-GB/products/308622379,https://digitalcontent.api.tesco.com/v2/media/ghs/37cc4431-7684-4643-b6dc-c993d0101585/a871bbc8-e885-4ccf-8a29-e6bd8f67a16e_1871183530.jpeg?h=225&w=225,
311564565,Tesco Timeless Candle Noir Myrrh & Vanilla Bean 300G,https://www.tesco.com/groceries/en-GB/shop/home-and-ents/all?department=Home%20Accessories&viewAll=department&page=,£4.00,£13.34/kg,,,/groceries/en-GB/products/311564565,https://digitalcontent.api.tesco.com/v2/media/ghs/b3304a20-a85f-4ddf-a1a3-3580acf7e515/fbffa7ce-2d5c-4b7f-934b-2618b5a5516c_278723547.jpeg?h=225&w=225,
311371891,Tesco Photo Frame 2 In 1 Oak Effect,https://www.tesco.com/groceries/en-GB/shop/home-and-ents/all?department=Home%20Accessories&viewAll=department&page=,£3.00,£3.00/each,£2.25 Clubcard Price,,/groceries/en-GB/products/311371891,https://digitalcontent.api.tesco.com/v2/media/ghs/00addd5e-ab9b-48ec-9afb-cf39e98a8218/847209f8-a231-4cbf-a420-806779681401_1050435377.jpeg?h=225&w=225,
311677368,Candlelight Donut Candle Holder Small,https://www.tesco.com/groceries/en-GB/shop/home-and-ents/all?department=Home%20Accessories&viewAll=department&page=,£5.00,£5.00/each,£3.75 Clubcard Price,,/groceries/en-GB/products/311677368,https://digitalcontent.api.tesco.com/v2/media/ghs/bd039de6-8e6b-4dfd-ae27-c49c90ccd57e/905dc329-03d6-48aa-8d50-026bcc6dbdb0_891361646.jpeg?h=225&w=225,
307632560,Wham Studio 4.02 Grey,https://www.tesco.com/groceries/en-GB/shop/home-and-ents/all?department=Home%20Accessories&viewAll=department&page=,£2.50,£2.50/each,,,/groceries/en-GB/products/307632560,https://digitalcontent.api.tesco.com/v2/media/ghs/bd4abdbb-ac33-403b-b139-9c5a16fa89ef/74da98dc-9023-4bda-b9fc-d842c130986a_1168593885.jpeg?h=225&w=225,
310334436,Tesco Scented Candle Vanilla & Honey 285G,https://www.tesco.com/groceries/en-GB/shop/home-and-ents/all?department=Home%20Accessories&viewAll=department&page=,£4.00,£14.04/kg,,,/groceries/en-GB/products/310334436,https://digitalcontent.api.tesco.com/v2/media/ghs/c662ad02-d454-40d4-a0e0-da95b4e8ead7/917dff2b-6954-4da2-bf1e-2a2cebbe7a35_1439055017.jpeg?h=225&w=225,
307632599,Wham Studio 4.02 White,https://www.tesco.com/groceries/en-GB/shop/home-and-ents/all?department=Home%20Accessories&viewAll=department&page=,£2.50,£2.50/each,,,/groceries/en-GB/products/307632599,https://digitalcontent.api.tesco.com/v2/media/ghs/767c4567-d806-4520-8a07-11cc8e1aea84/d4a4ccc7-46bf-41d4-aa5f-b4364975638a_1454682900.jpeg?h=225&w=225,
310334459,Tesco Scented Candle Seasalt & Sandalwood 285G,https://www.tesco.com/groceries/en-GB/shop/home-and-ents/all?department=Home%20Accessories&viewAll=department&page=,£4.00,£14.04/kg,,,/groceries/en-GB/products/310334459,https://digitalcontent.api.tesco.com/v2/media/ghs/b5a8f5dd-6038-4e36-a080-bb8cf7eb36e4/ce445ea9-1307-4cac-8226-81aa6e101dfd_887429939.jpeg?h=225&w=225,
307632583,Wham Studio 4.01 White,https://www.tesco.com/groceries/en-GB/shop/home-and-ents/all?department=Home%20Accessories&viewAll=department&page=,£2.00,£2.00/each,,,/groceries/en-GB/products/307632583,https://digitalcontent.api.tesco.com/v2/media/ghs/2bfff377-1c01-4eaf-b78f-6d6cba5b6b60/f02a8b2b-34b7-44f0-9193-c1312c592f4f_1025904721.jpeg?h=225&w=225,
310308952,Tesco Scented Rhubarb & Elderberry Tealights 27Pk,https://www.tesco.com/groceries/en-GB/shop/home-and-ents/all?department=Home%20Accessories&viewAll=department&page=,£2.00,£0.07/each,,,/groceries/en-GB/products/310308952,https://digitalcontent.api.tesco.com/v2/media/ghs/12114738-07a4-4bc3-b220-53bb9d1c9031/24e63faf-9950-4321-bfd0-9bc20455d13d_2072731868.jpeg?h=225&w=225,
296205795,Tesco Vanilla & Honey 27Pk Tealights,https://www.tesco.com/groceries/en-GB/shop/home-and-ents/all?department=Home%20Accessories&viewAll=department&page=,£2.00,£2.00/each,,,/groceries/en-GB/products/296205795,https://digitalcontent.api.tesco.com/v2/media/ghs/bca23934-9df1-448a-afac-0a2357112391/38ea15c5-3846-41d8-ac26-cb5f6e99c9b0_240276140.jpeg?h=225&w=225,
307812007,Tesco Scented Mango & Pineapple Tealights 27Pk,https://www.tesco.com/groceries/en-GB/shop/home-and-ents/all?department=Home%20Accessories&viewAll=department&page=,£2.00,£0.07/each,,,/groceries/en-GB/products/307812007,https://digitalcontent.api.tesco.com/v2/media/ghs/6ce50892-4e29-4566-95a3-eea7e457da7c/7d75e52f-f22c-4ce3-bc1f-d79a5fa53e9e_743384443.jpeg?h=225&w=225,
304941740,Recycled Glass Heart Vase,https://www.tesco.com/groceries/en-GB/shop/home-and-ents/all?department=Home%20Accessories&viewAll=department&page=,£3.00,£3.00/each,,,/groceries/en-GB/products/304941740,https://digitalcontent.api.tesco.com/v2/media/ghs/98506a46-b351-423a-b97c-705d31465b9a/snapshotimagehandler_1279696428.jpeg?h=225&w=225,
311529412,Tesco Cinnamon & Clove Diffuser 30Ml,https://www.tesco.com/groceries/en-GB/shop/home-and-ents/all?department=Home%20Accessories&viewAll=department&page=,£1.50,£50.00/litre,,,/groceries/en-GB/products/311529412,https://digitalcontent.api.tesco.com/v2/media/ghs/6a0a8307-0166-4747-869e-f7c1725c5742/7ae54028-488e-4dba-adc2-0396e16e0172_1102610148.jpeg?h=225&w=225,
309318578,Hinch Small Grey Pillar Candle,https://www.tesco.com/groceries/en-GB/shop/home-and-ents/all?department=Home%20Accessories&viewAll=department&page=,£3.00,£3.00/each,£2.25 Clubcard Price,,/groceries/en-GB/products/309318578,https://digitalcontent.api.tesco.com/v2/media/ghs/c5c4699f-4520-4e9e-9f27-a5262460fa1a/9a74ae29-2abe-4633-8579-74e59dd6404b_1417976037.jpeg?h=225&w=225,
296206886,Tesco Spiced Berries & Apple Melt,https://www.tesco.com/groceries/en-GB/shop/home-and-ents/all?department=Home%20Accessories&viewAll=department&page=,£0.70,£0.70/each,,,/groceries/en-GB/products/296206886,https://digitalcontent.api.tesco.com/v2/media/ghs/6eb96afc-b8f6-4ace-beed-4f73fd52e302/010cb50c-98da-4acb-8fef-5f813b7c2ea7_2068423774.jpeg?h=225&w=225,
306350589,Keep It Handy Mini Storage Boxes 6 Pack,https://www.tesco.com/groceries/en-GB/shop/home-and-ents/all?department=Home%20Accessories&viewAll=department&page=,£1.00,£0.17/each,,,/groceries/en-GB/products/306350589,https://digitalcontent.api.tesco.com/v2/media/ghs/8e33fba4-56fb-4710-9a7f-a4074faa674f/a79b4dc9-4377-4a6b-a8e7-9c1bfc4a1ceb_922637872.jpeg?h=225&w=225,
310308946,Tesco Scented Wax Melt - Rhubarb & Elderberry,https://www.tesco.com/groceries/en-GB/shop/home-and-ents/all?department=Home%20Accessories&viewAll=department&page=,£0.70,£0.70/each,,,/groceries/en-GB/products/310308946,https://digitalcontent.api.tesco.com/v2/media/ghs/81e24e81-f067-4d17-9f9e-6b046f8c1aca/8cd95459-f51a-4b24-8228-98276ba2d2ea_1839409059.jpeg?h=225&w=225,
310569826,Tesco Rattan Diffuser Reeds X20,https://www.tesco.com/groceries/en-GB/shop/home-and-ents/all?department=Home%20Accessories&viewAll=department&page=,£0.60,£0.03/each,45p Clubcard Price,,/groceries/en-GB/products/310569826,https://digitalcontent.api.tesco.com/v2/media/ghs/6a725213-a2bc-4c7a-ae15-105f13868eb8/8796d2fc-cc0c-4bd6-9787-3efa6ee39ea7_1840147905.jpeg?h=225&w=225,
311393337,Hinch Embroidered Floral Cushion,https://www.tesco.com/groceries/en-GB/shop/home-and-ents/all?department=Home%20Accessories&viewAll=department&page=,£15.00,£15.00/each,,,/groceries/en-GB/products/311393337,https://digitalcontent.api.tesco.com/v2/media/ghs/dce02775-79ec-482f-a686-e96751a8c403/c5b7e61c-54a8-47ab-9e3b-570eac57dd88_1205120454.jpeg?h=225&w=225,
301680816,Tesco Water Hyacinth Medium Storage Basket,https://www.tesco.com/groceries/en-GB/shop/home-and-ents/all?department=Home%20Accessories&viewAll=department&page=,£10.00,£10.00/each,,,/groceries/en-GB/products/301680816,https://digitalcontent.api.tesco.com/v2/media/ghs/466cda35-9225-4105-aff8-7194edb6d404/59ab1fbe-1c0d-43cf-8e42-468e8fb4bb30_1604365831.jpeg?h=225&w=225,
309524103,Natures Wick Scented Candle Golden Hay,https://www.tesco.com/groceries/en-GB/shop/home-and-ents/all?department=Home%20Accessories&viewAll=department&page=,£12.50,£12.50/each,,,/groceries/en-GB/products/309524103,https://digitalcontent.api.tesco.com/v2/media/ghs/a6ff0b19-aa5c-4a09-88cf-c3840ce79fba/108f7ca8-0b66-4213-af0f-20ed30f8d362_1652017673.jpeg?h=225&w=225,
310310067,Tesco Apothecary Candle Cloche -Hemp Flwr&Musk 250G,https://www.tesco.com/groceries/en-GB/shop/home-and-ents/all?department=Home%20Accessories&viewAll=department&page=,£12.00,£48.00/kg,£9.00 Clubcard Price,,/groceries/en-GB/products/310310067,https://digitalcontent.api.tesco.com/v2/media/ghs/53dd8fd8-a58d-4809-a725-3fd5591dab02/1f3a778f-961e-461c-8660-f2a3db0da523_657912154.jpeg?h=225&w=225,
311393133,Fox & Ivy Ivory Faux Mongolian Fur Cushion,https://www.tesco.com/groceries/en-GB/shop/home-and-ents/all?department=Home%20Accessories&viewAll=department&page=,£10.00,£10.00/each,,,/groceries/en-GB/products/311393133,https://digitalcontent.api.tesco.com/v2/media/ghs/8d705c47-ea50-4842-868e-965275440e9d/02a1e20c-d2bc-48f9-b2d3-56f1209d7c76_1207651787.jpeg?h=225&w=225,
296223738,Yankee Candle Large Jar Cherry Vanilla,https://www.tesco.com/groceries/en-GB/shop/home-and-ents/all?department=Home%20Accessories&viewAll=department&page=,£15.00,£15.00/each,Any 3 for 2 Clubcard Price - Cheapest Product Free - Selected Yankee Candle,,/groceries/en-GB/products/296223738,https://digitalcontent.api.tesco.com/v2/media/ghs/0d9e504c-01aa-4a2c-a8dc-8f3e511c4551/c877df71-95e2-4333-96c0-77d2ee069f5a_1939494867.jpeg?h=225&w=225,
307725709,Tesco Apothecary Large Scented Candle - Neroli and Bergamot,https://www.tesco.com/groceries/en-GB/shop/home-and-ents/all?department=Home%20Accessories&viewAll=department&page=,£8.50,£24.29/kg,£6.35 Clubcard Price,,/groceries/en-GB/products/307725709,https://digitalcontent.api.tesco.com/v2/media/ghs/61cca3c3-cdd3-445b-a26d-97d9a069031d/1cd58ef3-13fd-43ad-9eca-9283278da622_1210882514.jpeg?h=225&w=225,
311789846,Candlelight Black Metal Candlestick,https://www.tesco.com/groceries/en-GB/shop/home-and-ents/all?department=Home%20Accessories&viewAll=department&page=,£6.00,£6.00/each,£4.50 Clubcard Price,,/groceries/en-GB/products/311789846,https://digitalcontent.api.tesco.com/v2/media/ghs/7443275b-d125-4f97-8dfb-e106aadde507/02897b31-46b8-4762-a858-fe81ef7e6e85_1815877771.jpeg?h=225&w=225,
311564790,Fox & Ivy Supercharged Cow Candle Wintertulip 130G,https://www.tesco.com/groceries/en-GB/shop/home-and-ents/all?department=Home%20Accessories&viewAll=department&page=,£8.00,£61.54/kg,,,/groceries/en-GB/products/311564790,https://digitalcontent.api.tesco.com/v2/media/ghs/3eab5a5e-2f15-4a69-acc1-3482fe6b797d/1c7e61dd-6bfa-4eba-9f14-bfb8328e0b66_415470478.jpeg?h=225&w=225,
304941256,Tesco Jumbo Cord Cushion Ochre,https://www.tesco.com/groceries/en-GB/shop/home-and-ents/all?department=Home%20Accessories&viewAll=department&page=,£8.00,£8.00/each,,,/groceries/en-GB/products/304941256,https://digitalcontent.api.tesco.com/v2/media/ghs/8aa8fe38-bf6f-4447-b401-2c26928fca6b/bdb80de2-7491-410e-99e0-97484034aa41_8992340.jpeg?h=225&w=225,
311393922,Tesco Black Jumbo Cord Cushion,https://www.tesco.com/groceries/en-GB/shop/home-and-ents/all?department=Home%20Accessories&viewAll=department&page=,£8.00,£8.00/each,,,/groceries/en-GB/products/311393922,https://digitalcontent.api.tesco.com/v2/media/ghs/c09fb521-bad8-4399-88fe-5ea1968a05df/874a4fad-8044-4903-9f8a-954ad38fd149_824645939.jpeg?h=225&w=225,
306455120,Tesco Jumbo Cord Cushion Navy,https://www.tesco.com/groceries/en-GB/shop/home-and-ents/all?department=Home%20Accessories&viewAll=department&page=,£8.00,£8.00/each,,,/groceries/en-GB/products/306455120,https://digitalcontent.api.tesco.com/v2/media/ghs/7c9c2a0d-e3cb-4e5e-88b1-1a32248551ed/08da15b5-502b-4a21-a4d5-ce48c6bcb8d7_2039971143.jpeg?h=225&w=225,
301680822,Tesco Water Hyacinth Small Storage Basket,https://www.tesco.com/groceries/en-GB/shop/home-and-ents/all?department=Home%20Accessories&viewAll=department&page=,£6.00,£6.00/each,,,/groceries/en-GB/products/301680822,https://digitalcontent.api.tesco.com/v2/media/ghs/9aec1906-b1ef-4be6-a5de-2c622951b253/dcecb978-ea92-41db-b625-366322eb3aa9_1302840546.jpeg?h=225&w=225,
307446037,Tesco Velour Cushion Yellow,https://www.tesco.com/groceries/en-GB/shop/home-and-ents/all?department=Home%20Accessories&viewAll=department&page=,£7.00,£7.00/each,,,/groceries/en-GB/products/307446037,https://digitalcontent.api.tesco.com/v2/media/ghs/5fe1a9db-a0e0-4b88-a55e-b654e8ebdb06/b7436241-0a2d-432d-9eb7-ff9b0374dca5_503087098.jpeg?h=225&w=225,
311393899,Tesco Black Velour Cushion,https://www.tesco.com/groceries/en-GB/shop/home-and-ents/all?department=Home%20Accessories&viewAll=department&page=,£7.00,£7.00/each,,,/groceries/en-GB/products/311393899,https://digitalcontent.api.tesco.com/v2/media/ghs/278520e6-ec38-43ab-b27e-54533d75d2bf/479d6968-d1c3-4208-a69c-b73fb3b823fb_32868451.jpeg?h=225&w=225,
306455137,Tesco Super Soft Throw Dark Grey,https://www.tesco.com/groceries/en-GB/shop/home-and-ents/all?department=Home%20Accessories&viewAll=department&page=,£6.00,£6.00/each,,,/groceries/en-GB/products/306455137,https://digitalcontent.api.tesco.com/v2/media/ghs/87c5e52f-39a4-4794-9b5b-11a1c2989294/e1a5127a-be11-45e9-94e5-653ee93d4c9d_841426992.jpeg?h=225&w=225,
308622449,Tesco Photo Frame Double All Purpose 8X10 Black,https://www.tesco.com/groceries/en-GB/shop/home-and-ents/all?department=Home%20Accessories&viewAll=department&page=,£5.00,£5.00/each,£3.75 Clubcard Price,,/groceries/en-GB/products/308622449,https://digitalcontent.api.tesco.com/v2/media/ghs/98b3156e-3d90-4e53-a5db-6ad0928e0631/b0801156-6857-4504-80fb-8dd515254f99_1268848139.jpeg?h=225&w=225,
307725744,Tesco Apothecary 2 x 40ml Reed Diffuser Set - Neroli and Bergamot,https://www.tesco.com/groceries/en-GB/shop/home-and-ents/all?department=Home%20Accessories&viewAll=department&page=,£8.00,£4.00/each,£6.00 Clubcard Price,,/groceries/en-GB/products/307725744,https://digitalcontent.api.tesco.com/v2/media/ghs/d73fe4cb-fdca-4fc8-9231-1fdd5f857238/319bc657-05b9-4f9f-9580-9345c05f09c5_1504286305.jpeg?h=225&w=225,
310334494,Tesco Scented Candle White Linen & Orchied 515G,https://www.tesco.com/groceries/en-GB/shop/home-and-ents/all?department=Home%20Accessories&viewAll=department&page=,£6.00,£11.66/kg,,,/groceries/en-GB/products/310334494,https://digitalcontent.api.tesco.com/v2/media/ghs/93f17958-53a0-47d4-ab4f-04170ac74040/df43327a-42ec-4103-b5f3-c4d2eff32a7f_832130442.jpeg?h=225&w=225,
297478475,Yankee 6 Wax Melts White Linen & Lace,https://www.tesco.com/groceries/en-GB/shop/home-and-ents/all?department=Home%20Accessories&viewAll=department&page=,£3.75,£3.75/each,,,/groceries/en-GB/products/297478475,https://digitalcontent.api.tesco.com/v2/media/ghs/7c301e0f-4758-4963-9d85-22616ba7b56c/71125be4-4c0e-4f91-86a0-b8b2b3a8ca07_1686614960.jpeg?h=225&w=225,
307830498,Yankee 6 Wax Melts - Fairy Floss,https://www.tesco.com/groceries/en-GB/shop/home-and-ents/all?department=Home%20Accessories&viewAll=department&page=,£3.75,£0.62/each,,,/groceries/en-GB/products/307830498,https://digitalcontent.api.tesco.com/v2/media/ghs/f00b6909-e9c7-454f-b58b-76d8262d51af/a1655383-fbfe-4de7-a30c-7edbfb34db6c_1082856229.jpeg?h=225&w=225,
311371902,Tesco Photo Frame 2 In 1 White,https://www.tesco.com/groceries/en-GB/shop/home-and-ents/all?department=Home%20Accessories&viewAll=department&page=,£3.00,£3.00/each,£2.25 Clubcard Price,,/groceries/en-GB/products/311371902,https://digitalcontent.api.tesco.com/v2/media/ghs/6d760a65-dc14-4fdd-8544-645b7ad8cb27/986290ed-7cba-422c-86d2-42580a87f738_998461553.jpeg?h=225&w=225,
311564513,Tesco White Linen & Orchid Diffuser 100Ml,https://www.tesco.com/groceries/en-GB/shop/home-and-ents/all?department=Home%20Accessories&viewAll=department&page=,£4.50,£45.00/litre,,,/groceries/en-GB/products/311564513,https://digitalcontent.api.tesco.com/v2/media/ghs/99aabd1e-ad25-4f92-b7a5-7a9e342e7b11/6371a338-d143-4fc6-9075-643ece583c01_1824807865.jpeg?h=225&w=225,
311564527,Tesco Seasalt & Sandal Wood Diffuser 100Ml,https://www.tesco.com/groceries/en-GB/shop/home-and-ents/all?department=Home%20Accessories&viewAll=department&page=,£4.50,£45.00/litre,,,/groceries/en-GB/products/311564527,https://digitalcontent.api.tesco.com/v2/media/ghs/309d68b4-840d-4275-9087-2d60520bc5a1/64a1276d-d42a-4929-a0a2-6084198eed4b_1389205362.jpeg?h=225&w=225,
311564507,Tesco Fig & Mulberry Diffuser 100Ml,https://www.tesco.com/groceries/en-GB/shop/home-and-ents/all?department=Home%20Accessories&viewAll=department&page=,£4.50,£45.00/litre,,,/groceries/en-GB/products/311564507,https://digitalcontent.api.tesco.com/v2/media/ghs/ad4218a0-beda-4e3b-99db-c52d893deb28/6601f551-d07d-4a6c-9eb4-e252f89a319d_1737261020.jpeg?h=225&w=225,
311564496,Tesco Spiced Berries & Apple Diffuser 100Ml,https://www.tesco.com/groceries/en-GB/shop/home-and-ents/all?department=Home%20Accessories&viewAll=department&page=,£4.50,£45.00/litre,,,/groceries/en-GB/products/311564496,https://digitalcontent.api.tesco.com/v2/media/ghs/d833c24e-72ef-442e-87e5-7eaaf7753861/1a713b43-b63e-466d-a1f0-e0dfcd8b8f35_1752510441.jpeg?h=225&w=225,
311564536,Tesco Vanilla & Honey Diffuser 100Ml,https://www.tesco.com/groceries/en-GB/shop/home-and-ents/all?department=Home%20Accessories&viewAll=department&page=,£4.50,£45.00/litre,,,/groceries/en-GB/products/311564536,https://digitalcontent.api.tesco.com/v2/media/ghs/b8c0ac47-4ad6-4ca0-939e-3359bf66aac6/08ef6702-b3a6-4664-812a-a85c1e81e80b_328785265.jpeg?h=225&w=225,
307725669,Tesco Apothecary Scented Candle - Neroli and Bergamot,https://www.tesco.com/groceries/en-GB/shop/home-and-ents/all?department=Home%20Accessories&viewAll=department&page=,£4.00,£28.58/kg,£3.00 Clubcard Price,,/groceries/en-GB/products/307725669,https://digitalcontent.api.tesco.com/v2/media/ghs/cf4788c8-9650-410f-be16-3f986dc3000b/f2f2389a-33c7-43ac-921d-4da74e77f499_970015322.jpeg?h=225&w=225,
311393882,Tesco Navy Cushion Cover,https://www.tesco.com/groceries/en-GB/shop/home-and-ents/all?department=Home%20Accessories&viewAll=department&page=,£4.00,£4.00/each,,,/groceries/en-GB/products/311393882,https://digitalcontent.api.tesco.com/v2/media/ghs/c3094f8c-948e-4596-8e81-b6cb43b3b321/04dfcacd-5ec1-4b4f-9ff9-6a38da00c0d1_1316143216.jpeg?h=225&w=225,
308622363,Tesco Basic Plastic Frame Silver A4,https://www.tesco.com/groceries/en-GB/shop/home-and-ents/all?department=Home%20Accessories&viewAll=department&page=,£3.50,£3.50/each,£2.60 Clubcard Price,,/groceries/en-GB/products/308622363,https://digitalcontent.api.tesco.com/v2/media/ghs/0226784a-8593-4982-b122-1c21dc933340/73725ad4-a4c9-4001-9e71-ba6d3980a38d_878077146.jpeg?h=225&w=225,
311371931,Tesco Photo Frame 2 In 1 Grey,https://www.tesco.com/groceries/en-GB/shop/home-and-ents/all?department=Home%20Accessories&viewAll=department&page=,£3.00,£3.00/each,£2.25 Clubcard Price,,/groceries/en-GB/products/311371931,https://digitalcontent.api.tesco.com/v2/media/ghs/77fbe9e3-3668-432e-8a56-953c6d090a46/69fe8644-9491-423d-a7bc-7cde30541690_1902287824.jpeg?h=225&w=225,
311371948,Tesco Photo Frame 2 In 1 Black,https://www.tesco.com/groceries/en-GB/shop/home-and-ents/all?department=Home%20Accessories&viewAll=department&page=,£3.00,£3.00/each,£2.25 Clubcard Price,,/groceries/en-GB/products/311371948,https://digitalcontent.api.tesco.com/v2/media/ghs/41d04df1-0eeb-4ce4-9989-412f0cae1812/1736430b-7056-4d70-9333-8eb9939298b5_551958136.jpeg?h=225&w=225,
307725329,Hinch Fragranced Candle White Jasmine 215G,https://www.tesco.com/groceries/en-GB/shop/home-and-ents/all?department=Home%20Accessories&viewAll=department&page=,£6.00,£27.91/kg,£4.50 Clubcard Price,,/groceries/en-GB/products/307725329,https://digitalcontent.api.tesco.com/v2/media/ghs/18e5a722-84a5-4a6a-8ae5-db066d6bd4f0/e4e6f357-7085-42fb-ba54-75b2ddfd1baa_675023118.jpeg?h=225&w=225,
311529487,Tesco Winter Fruits Jar Candle Blackberry 120G,https://www.tesco.com/groceries/en-GB/shop/home-and-ents/all?department=Home%20Accessories&viewAll=department&page=,£3.50,£29.17/kg,,,/groceries/en-GB/products/311529487,https://digitalcontent.api.tesco.com/v2/media/ghs/7e2c4007-d68f-4282-a0e4-90c4408e4466/ee635cf3-e9d5-4b69-b974-95c0dd4bc954_1032088790.jpeg?h=225&w=225,
310334465,Tesco Scented Candle Fig & Mulberry 285G,https://www.tesco.com/groceries/en-GB/shop/home-and-ents/all?department=Home%20Accessories&viewAll=department&page=,£4.00,£14.04/kg,,,/groceries/en-GB/products/310334465,https://digitalcontent.api.tesco.com/v2/media/ghs/e21a8f48-de66-4db9-8844-a2fb37f8d7ed/19fe11d6-18d1-4006-96d4-55fd82a0ee1c_957999027.jpeg?h=225&w=225,
311936189,Yankee Pumpkin Harvest 6 Wax Melts 75G,https://www.tesco.com/groceries/en-GB/shop/home-and-ents/all?department=Home%20Accessories&viewAll=department&page=,£3.75,£50.00/kg,,,/groceries/en-GB/products/311936189,https://digitalcontent.api.tesco.com/v2/media/ghs/c9f97fe9-e279-4a0f-b3fe-2df95f861fbc/2a36917e-e641-4da1-946c-1bdb2e53f97a_1549167863.jpeg?h=225&w=225,
307632554,Wham Studio 4.01 Grey,https://www.tesco.com/groceries/en-GB/shop/home-and-ents/all?department=Home%20Accessories&viewAll=department&page=,£2.00,£2.00/each,,,/groceries/en-GB/products/307632554,https://digitalcontent.api.tesco.com/v2/media/ghs/80881924-27b9-44a2-a4c0-51faa5694388/120aef98-51cb-4719-976c-fac9f582861f_1113242222.jpeg?h=225&w=225,
309318584,Hinch Large Grey Pillar Candle,https://www.tesco.com/groceries/en-GB/shop/home-and-ents/all?department=Home%20Accessories&viewAll=department&page=,£4.00,£4.00/each,£3.00 Clubcard Price,,/groceries/en-GB/products/309318584,https://digitalcontent.api.tesco.com/v2/media/ghs/be97f65a-b65b-4003-abd0-c6520bfc6dcb/294baf68-f288-463b-ad1f-0bd52073f194_1835976116.jpeg?h=225&w=225,
310730278,Bayswood Artificial Orchid Stem,https://www.tesco.com/groceries/en-GB/shop/home-and-ents/all?department=Home%20Accessories&viewAll=department&page=,£3.00,£3.00/each,£2.25 Clubcard Price,,/groceries/en-GB/products/310730278,https://digitalcontent.api.tesco.com/v2/media/ghs/1c99faf7-6c04-4e89-b669-7d42a604319f/18a614b4-e0d0-4cbb-9aa8-f28cdcacaabf_322553836.jpeg?h=225&w=225,
311730490,Hinch Pre-Scnted Reeds Diffuser Olive & Aloe,https://www.tesco.com/groceries/en-GB/shop/home-and-ents/all?department=Home%20Accessories&viewAll=department&page=,£15.00,£15.00/each,£11.00 Clubcard Price,,/groceries/en-GB/products/311730490,https://digitalcontent.api.tesco.com/v2/media/ghs/172cf89f-f7e0-426f-84ff-99b264255709/e35aa7ab-3592-4463-abfe-d913bf63291b_1991623654.jpeg?h=225&w=225,
311426637,Yankee Candle Large Jar Pumpkin Harvest 538G,https://www.tesco.com/groceries/en-GB/shop/home-and-ents/all?department=Home%20Accessories&viewAll=department&page=,£15.00,£27.89/kg,Any 3 for 2 Clubcard Price - Cheapest Product Free - Selected Yankee Candle,,/groceries/en-GB/products/311426637,https://digitalcontent.api.tesco.com/v2/media/ghs/28f91faf-a684-4055-87cc-adbbdc094bc1/0ca482de-d3c3-410d-82ad-7fca3804fca3_1262859142.jpeg?h=225&w=225,
310730232,Bayswood Artificial Premium Plant,https://www.tesco.com/groceries/en-GB/shop/home-and-ents/all?department=Home%20Accessories&viewAll=department&page=,£18.00,£18.00/each,£13.50 Clubcard Price,,/groceries/en-GB/products/310730232,https://digitalcontent.api.tesco.com/v2/media/ghs/e0457ec0-0c0a-4849-a785-6483f24e4b99/ccc91906-ea5a-4060-a94a-51e38d6909e1_2069853938.jpeg?h=225&w=225,
310525118,Natures Wick 284G Candle Bergamot,https://www.tesco.com/groceries/en-GB/shop/home-and-ents/all?department=Home%20Accessories&viewAll=department&page=,£12.50,£44.02/kg,,,/groceries/en-GB/products/310525118,https://digitalcontent.api.tesco.com/v2/media/ghs/35108923-7c8b-4714-b989-777721a70c01/2dda6476-0143-4b5c-ab34-b6ff96b20949_2095784244.jpeg?h=225&w=225,
311730530,Hinch Scented Candle Olive & Aloe 400G,https://www.tesco.com/groceries/en-GB/shop/home-and-ents/all?department=Home%20Accessories&viewAll=department&page=,£12.00,£30.00/kg,£9.00 Clubcard Price,,/groceries/en-GB/products/311730530,https://digitalcontent.api.tesco.com/v2/media/ghs/c6b838e7-a810-46b5-a360-18ae2efa5c4f/dd8e7095-f2cd-4b72-897d-da6a82c8e396_1473192687.jpeg?h=225&w=225,
310309191,Fox & Ivy Floral Candle Cloche-Rose & Sweet Pea 250G,https://www.tesco.com/groceries/en-GB/shop/home-and-ents/all?department=Home%20Accessories&viewAll=department&page=,£12.00,£48.00/kg,£9.00 Clubcard Price,,/groceries/en-GB/products/310309191,https://digitalcontent.api.tesco.com/v2/media/ghs/8d946d51-c122-48ec-8d0b-c92772777281/f4766bb0-e3ed-45d3-9290-3aa22bd3eb3f_160163866.jpeg?h=225&w=225,
310529166,Hinch Caddy,https://www.tesco.com/groceries/en-GB/shop/home-and-ents/all?department=Home%20Accessories&viewAll=department&page=,£8.00,£8.00/each,,,/groceries/en-GB/products/310529166,https://digitalcontent.api.tesco.com/v2/media/ghs/aaaccf97-0dc9-4d44-9a70-cb1f9f1cfc58/62d9b69b-0f2a-4b1b-b101-6f1633b760d0_1420177340.jpeg?h=225&w=225,
309484368,Glade Aromatherapy Candle Calm Mind 260G,https://www.tesco.com/groceries/en-GB/shop/home-and-ents/all?department=Home%20Accessories&viewAll=department&page=,£9.00,£34.62/kg,,,/groceries/en-GB/products/309484368,https://digitalcontent.api.tesco.com/v2/media/ghs/64c0fbf4-a6fc-451e-941d-60975039a76f/5abc5d36-bb46-429e-97af-89d43023c28b_527711670.jpeg?h=225&w=225,
309465852,Glade Aromatherapy Candle Zen 260G,https://www.tesco.com/groceries/en-GB/shop/home-and-ents/all?department=Home%20Accessories&viewAll=department&page=,£9.00,£34.62/kg,,,/groceries/en-GB/products/309465852,https://digitalcontent.api.tesco.com/v2/media/ghs/ab38eb8e-0314-4db4-8473-8f99f0ebafc4/50d9aade-ace0-4d93-8c4a-515d5ba80df8_1112977992.jpeg?h=225&w=225,
310307437,Hinch Ceramic Photo Frame - 5X7,https://www.tesco.com/groceries/en-GB/shop/home-and-ents/all?department=Home%20Accessories&viewAll=department&page=,£10.00,£10.00/each,£7.50 Clubcard Price,,/groceries/en-GB/products/310307437,https://digitalcontent.api.tesco.com/v2/media/ghs/449f6df5-cf45-4023-8a8c-c2cfe1eb8168/0a742fd9-682f-41fd-81a8-989f7bac8bcb_1528815945.jpeg?h=225&w=225,
310307636,Hinch Relaxed Tufted Cushion Small - White,https://www.tesco.com/groceries/en-GB/shop/home-and-ents/all?department=Home%20Accessories&viewAll=department&page=,£10.00,£10.00/each,£8.00 Clubcard Price,,/groceries/en-GB/products/310307636,https://digitalcontent.api.tesco.com/v2/media/ghs/f3a14346-ce39-47d5-a3be-76ba69bf9936/78f89d1a-4c73-40cd-bf47-aeb5079279e1_1513535780.jpeg?h=225&w=225,
311393070,Fox & Ivy Cuddle Up Cushion,https://www.tesco.com/groceries/en-GB/shop/home-and-ents/all?department=Home%20Accessories&viewAll=department&page=,£9.00,£9.00/each,,,/groceries/en-GB/products/311393070,https://digitalcontent.api.tesco.com/v2/media/ghs/017fa377-a831-49a5-ae52-0fdc8351291a/70be3e7c-1ce9-4062-89e6-1c5c951e2f0a_1631710108.jpeg?h=225&w=225,
296225720,Yankee Candle Large Jar Cosy Up,https://www.tesco.com/groceries/en-GB/shop/home-and-ents/all?department=Home%20Accessories&viewAll=department&page=,£15.00,£15.00/each,Any 3 for 2 Clubcard Price - Cheapest Product Free - Selected Yankee Candle,,/groceries/en-GB/products/296225720,https://digitalcontent.api.tesco.com/v2/media/ghs/525f8b99-7153-4841-9c80-73eaab668453/d3b917c7-c1f7-4595-ba04-a7fd7b5d89cc_956695020.jpeg?h=225&w=225,
296225454,Yankee Candle Large Jar White Linen & Lace,https://www.tesco.com/groceries/en-GB/shop/home-and-ents/all?department=Home%20Accessories&viewAll=department&page=,£15.00,£15.00/each,Any 3 for 2 Clubcard Price - Cheapest Product Free - Selected Yankee Candle,,/groceries/en-GB/products/296225454,https://digitalcontent.api.tesco.com/v2/media/ghs/41224e3a-8684-4421-aaeb-496b42a23a42/923b85ad-53b4-4fba-a4d6-9019c57d8c7b_1501068567.jpeg?h=225&w=225,
310310107,Tesco Apothecary Diffuser -Hemp Flwr& Usk 100Ml,https://www.tesco.com/groceries/en-GB/shop/home-and-ents/all?department=Home%20Accessories&viewAll=department&page=,£8.50,£85.00/litre,£6.35 Clubcard Price,,/groceries/en-GB/products/310310107,https://digitalcontent.api.tesco.com/v2/media/ghs/4a27428e-4c1f-432a-be51-4044ebb33fe2/365ce4e2-d090-4dc5-9d2e-9feb3da8ed32_709524567.jpeg?h=225&w=225,
306455159,Tesco Super Soft Throw Navy,https://www.tesco.com/groceries/en-GB/shop/home-and-ents/all?department=Home%20Accessories&viewAll=department&page=,£6.00,£6.00/each,,,/groceries/en-GB/products/306455159,https://digitalcontent.api.tesco.com/v2/media/ghs/58058279-2ab1-4d54-983b-d860c380dc96/1a2a8fb6-71b7-4c06-8669-da961ecb44ba_2085873783.jpeg?h=225&w=225,
311393980,Tesco Teal Super Soft Throw,https://www.tesco.com/groceries/en-GB/shop/home-and-ents/all?department=Home%20Accessories&viewAll=department&page=,£6.00,£6.00/each,,,/groceries/en-GB/products/311393980,https://digitalcontent.api.tesco.com/v2/media/ghs/90c658b7-ec30-43f3-99de-fc9449eb4143/41506363-a974-4f1d-906a-6745c6825e2c_550505072.jpeg?h=225&w=225,
311730576,Hinch Scented Candle Olive & Aloe 210G,https://www.tesco.com/groceries/en-GB/shop/home-and-ents/all?department=Home%20Accessories&viewAll=department&page=,£7.00,£33.34/kg,£5.25 Clubcard Price,,/groceries/en-GB/products/311730576,https://digitalcontent.api.tesco.com/v2/media/ghs/5a63f70e-120d-4641-8f48-0db19f285fc6/24bb7b05-3cae-44ed-a34c-a6793c05c460_538730885.jpeg?h=225&w=225,
304847989,Tesco Over Door Hooks Chrome,https://www.tesco.com/groceries/en-GB/shop/home-and-ents/all?department=Home%20Accessories&viewAll=department&page=,£5.00,£5.00/each,,,/groceries/en-GB/products/304847989,https://digitalcontent.api.tesco.com/v2/media/ghs/6436ee97-556d-4262-9205-3d04196f3820/b54cd8a9-ef63-434e-8064-6a40a45d22a3_1633697678.jpeg?h=225&w=225,
307446020,Tesco Velour Cushion Charcoal,https://www.tesco.com/groceries/en-GB/shop/home-and-ents/all?department=Home%20Accessories&viewAll=department&page=,£7.00,£7.00/each,,,/groceries/en-GB/products/307446020,https://digitalcontent.api.tesco.com/v2/media/ghs/b6ae9bed-60d7-44aa-81df-f4eff360f9c0/83235614-4095-414d-873c-f3edb6ef7db9_1959575416.jpeg?h=225&w=225,
311393041,Fox & Ivy Daschund Throw,https://www.tesco.com/groceries/en-GB/shop/home-and-ents/all?department=Home%20Accessories&viewAll=department&page=,£7.00,£7.00/each,,,/groceries/en-GB/products/311393041,https://digitalcontent.api.tesco.com/v2/media/ghs/0a857b89-f403-4a78-b3f2-2ec7189f376c/72ff4703-ca75-41c4-9a37-d9ab2b64f1be_865319393.jpeg?h=225&w=225,
310307740,Fox & Ivy Printed Cushion Bee,https://www.tesco.com/groceries/en-GB/shop/home-and-ents/all?department=Home%20Accessories&viewAll=department&page=,£7.00,£7.00/each,£5.50 Clubcard Price,,/groceries/en-GB/products/310307740,https://digitalcontent.api.tesco.com/v2/media/ghs/6762c68b-808b-4ce1-ac24-11addceb6de2/5ffa487b-7ebe-48fd-9472-119b0f7ab8bb_2125099514.jpeg?h=225&w=225,
308697613,Fox & Ivy Sparkle 160G Candle- Silver Birch & Cedar,https://www.tesco.com/groceries/en-GB/shop/home-and-ents/all?department=Home%20Accessories&viewAll=department&page=,£6.50,£6.50/each,£4.85 Clubcard Price,,/groceries/en-GB/products/308697613,https://digitalcontent.api.tesco.com/v2/media/ghs/1a37e563-6b9a-434b-ae81-343eb85d8512/a5c1af97-86a7-4fae-8cf5-577a4198f4e1_1760415177.jpeg?h=225&w=225,
310529120,Hinch Storage Basket Grey,https://www.tesco.com/groceries/en-GB/shop/home-and-ents/all?department=Home%20Accessories&viewAll=department&page=,£6.00,£6.00/each,,,/groceries/en-GB/products/310529120,https://digitalcontent.api.tesco.com/v2/media/ghs/af4503de-1513-434f-af51-79fb779c02db/98b4b4d2-a89e-458b-8803-0d2d1ce4548c_458919811.jpeg?h=225&w=225,
310334534,Tesco Scented Candle Fig & Mulberry 490G,https://www.tesco.com/groceries/en-GB/shop/home-and-ents/all?department=Home%20Accessories&viewAll=department&page=,£6.00,£12.25/kg,,,/groceries/en-GB/products/310334534,https://digitalcontent.api.tesco.com/v2/media/ghs/30b21405-942e-4606-aaa3-1a42d387a54d/782d7612-784b-456c-8e03-01e5518171ab_1135855618.jpeg?h=225&w=225,
310334528,Tesco Scented Candle Seasalt & Sandalwood 490G,https://www.tesco.com/groceries/en-GB/shop/home-and-ents/all?department=Home%20Accessories&viewAll=department&page=,£6.00,£12.25/kg,,,/groceries/en-GB/products/310334528,https://digitalcontent.api.tesco.com/v2/media/ghs/6d73f270-ae69-4e57-8547-13dcbf306f4d/bcb92177-4a9a-4e54-a326-6c76b17824c5_963537779.jpeg?h=225&w=225,
311437221,Candlelight Led Sprkl Candle 70G Aromatic Shea,https://www.tesco.com/groceries/en-GB/shop/home-and-ents/all?department=Home%20Accessories&viewAll=department&page=,£8.50,£121.43/kg,£6.35 Clubcard Price,,/groceries/en-GB/products/311437221,https://digitalcontent.api.tesco.com/v2/media/ghs/f7c0ea48-cd73-4e45-a4bf-1a1efd5ffd66/b130d27e-90f6-49bc-a7c4-915fefa9b984_616646620.jpeg?h=225&w=225,
310308756,Tesco Wellbeing 2P Diffusing Grapefruit & Raspberry 40Ml,https://www.tesco.com/groceries/en-GB/shop/home-and-ents/all?department=Home%20Accessories&viewAll=department&page=,£6.00,£3.00/each,£4.50 Clubcard Price,,/groceries/en-GB/products/310308756,https://digitalcontent.api.tesco.com/v2/media/ghs/3cc19675-3347-476b-8cb5-acd291d5227d/ecefe47a-0808-4424-99c6-57c7bbc5b345_1121731630.jpeg?h=225&w=225,
311730455,Fox & Ivy Floral Winter Flowering Iris Diffuser 50Ml,https://www.tesco.com/groceries/en-GB/shop/home-and-ents/all?department=Home%20Accessories&viewAll=department&page=,£6.00,£120.00/litre,£4.50 Clubcard Price,,/groceries/en-GB/products/311730455,https://digitalcontent.api.tesco.com/v2/media/ghs/c34e8c6a-5bed-4b8a-b03b-1e70391d418a/f50d4a08-b4a6-464a-a1f2-46ff74254c31_251519543.jpeg?h=225&w=225,
307725698,Tesco Apothecary Large Scented Candle – Ylang Ylang and Orange Blossom,https://www.tesco.com/groceries/en-GB/shop/home-and-ents/all?department=Home%20Accessories&viewAll=department&page=,£8.50,£24.29/kg,£6.35 Clubcard Price,,/groceries/en-GB/products/307725698,https://digitalcontent.api.tesco.com/v2/media/ghs/448649ce-4576-4733-9c2b-82492a1044f3/a13a7920-0546-4d28-9b0e-59bfa8d70593_1344395862.jpeg?h=225&w=225,
307725404,Hinch Scented 100Ml Pillow Spray Lavender,https://www.tesco.com/groceries/en-GB/shop/home-and-ents/all?department=Home%20Accessories&viewAll=department&page=,£6.00,£60.00/litre,£4.50 Clubcard Price,,/groceries/en-GB/products/307725404,https://digitalcontent.api.tesco.com/v2/media/ghs/dc24165f-510d-4572-a61c-fd050179620a/b56cd2aa-a6cf-4e55-956d-f4614336eb16_707779654.jpeg?h=225&w=225,
310307247,Fox & Ivy Refreshing Bird Tealight Holder,https://www.tesco.com/groceries/en-GB/shop/home-and-ents/all?department=Home%20Accessories&viewAll=department&page=,£4.00,£4.00/each,£3.00 Clubcard Price,,/groceries/en-GB/products/310307247,https://digitalcontent.api.tesco.com/v2/media/ghs/1d5bca54-bbf4-4f65-84b4-a98fe5fe9f3a/0eaec3f8-3463-4b16-a8b5-3e726b5d62a7_1685501096.jpeg?h=225&w=225,
311564761,Fox & Ivy Alchemy Black Dinner Candles 2 Pack,https://www.tesco.com/groceries/en-GB/shop/home-and-ents/all?department=Home%20Accessories&viewAll=department&page=,£3.00,£1.50/each,,,/groceries/en-GB/products/311564761,https://digitalcontent.api.tesco.com/v2/media/ghs/54a3c36c-a200-40f3-b095-5730e6528135/1865ac11-7979-413c-9dc2-e8780bbd051d_1617621834.jpeg?h=225&w=225,
311940157,Yankee Candle Small Jar Toasted Marshmallow 104G,https://www.tesco.com/groceries/en-GB/shop/home-and-ents/all?department=Home%20Accessories&viewAll=department&page=,£5.50,£52.89/kg,Any 3 for 2 Clubcard Price - Cheapest Product Free - Selected Yankee Candle,,/groceries/en-GB/products/311940157,https://digitalcontent.api.tesco.com/v2/media/ghs/dc057a52-b6cb-4f22-b077-a62e760cec7c/a7805dfc-2e28-47f4-9a62-76b11ebe8c70_668039642.jpeg?h=225&w=225,
297532780,Yankee 6 Wax Melts Exotic Fruits,https://www.tesco.com/groceries/en-GB/shop/home-and-ents/all?department=Home%20Accessories&viewAll=department&page=,£3.75,£3.75/each,,,/groceries/en-GB/products/297532780,https://digitalcontent.api.tesco.com/v2/media/ghs/1c26b2c8-9a36-4c4e-b8bb-45af55ba3d2d/1f06fbbf-7fa2-44ef-8706-f9155c82c1a6_1471890780.jpeg?h=225&w=225,
311564542,Tesco Mango & Pineapple Diffuser 100Ml,https://www.tesco.com/groceries/en-GB/shop/home-and-ents/all?department=Home%20Accessories&viewAll=department&page=,£4.50,£45.00/litre,,,/groceries/en-GB/products/311564542,https://digitalcontent.api.tesco.com/v2/media/ghs/a89d1a01-29e5-4066-8f26-8d95eacb6164/b35ecb4e-a932-46df-af19-faf975dba550_2073006567.jpeg?h=225&w=225,
311730392,Tesco Apothecary Candle Eucalyptus & Pine Needles 140G,https://www.tesco.com/groceries/en-GB/shop/home-and-ents/all?department=Home%20Accessories&viewAll=department&page=,£4.00,£28.58/kg,£3.00 Clubcard Price,,/groceries/en-GB/products/311730392,https://digitalcontent.api.tesco.com/v2/media/ghs/dce68fdf-1c67-4852-8e42-d05b875ba362/0748bad9-b562-49ab-9309-e2d1d565530b_806159292.jpeg?h=225&w=225,
310310044,Tesco Apothecary 140G Candle Hemp Flower & Musk,https://www.tesco.com/groceries/en-GB/shop/home-and-ents/all?department=Home%20Accessories&viewAll=department&page=,£4.00,£28.58/kg,£3.00 Clubcard Price,,/groceries/en-GB/products/310310044,https://digitalcontent.api.tesco.com/v2/media/ghs/d38672e7-e472-4d09-8986-84883a288f73/a7ff8dff-0ba6-4832-ba2d-4c232b1bfc16_126389504.jpeg?h=225&w=225,
307725652,Tesco Apothecary Scented Candle – Ylang Ylang and Orange Blossom,https://www.tesco.com/groceries/en-GB/shop/home-and-ents/all?department=Home%20Accessories&viewAll=department&page=,£4.00,£28.58/kg,£3.00 Clubcard Price,,/groceries/en-GB/products/307725652,https://digitalcontent.api.tesco.com/v2/media/ghs/8860aab0-6b8d-4d38-a796-89cf092afd73/acbec90a-1156-4d95-912b-7893867e6ef4_2051047100.jpeg?h=225&w=225,
311393867,Tesco Ochre Cushion Cover,https://www.tesco.com/groceries/en-GB/shop/home-and-ents/all?department=Home%20Accessories&viewAll=department&page=,£4.00,£4.00/each,,,/groceries/en-GB/products/311393867,https://digitalcontent.api.tesco.com/v2/media/ghs/7d3ef590-ffee-4cc1-9321-6eac36603792/3f19e406-6dee-4ab8-b857-9eb9b32585e7_993896952.jpeg?h=225&w=225,
311680029,Yankee Wild Berry Fizz 6 Wax Melts 75G,https://www.tesco.com/groceries/en-GB/shop/home-and-ents/all?department=Home%20Accessories&viewAll=department&page=,£3.75,£50.00/kg,,,/groceries/en-GB/products/311680029,https://digitalcontent.api.tesco.com/v2/media/ghs/a3b03040-accb-4d2f-abd0-f5b1253bbcbc/579dfff6-6586-4315-adab-4c199d30754e_1794141514.jpeg?h=225&w=225,
310807488,Yankee 6 Wax Melts Duvet Day,https://www.tesco.com/groceries/en-GB/shop/home-and-ents/all?department=Home%20Accessories&viewAll=department&page=,£3.75,£0.62/each,,,/groceries/en-GB/products/310807488,https://digitalcontent.api.tesco.com/v2/media/ghs/2cc8d6cc-0955-4008-9f3e-6bdb7ca64e64/dfae7736-45cb-4b12-a509-eb52854ca8f5_2018568094.jpeg?h=225&w=225,
311564605,Tesco Timeless Wax Melts Mandarin Lime & Basil 70G,https://www.tesco.com/groceries/en-GB/shop/home-and-ents/all?department=Home%20Accessories&viewAll=department&page=,£2.00,£28.58/kg,,,/groceries/en-GB/products/311564605,https://digitalcontent.api.tesco.com/v2/media/ghs/e83293c9-3b7b-43b0-8869-46720e05b80c/1d0af18a-70a2-4588-9897-69447a36c1af_2101695137.jpeg?h=225&w=225,
311564594,Tesco Timeless Wax Melts Pomegrante 70G,https://www.tesco.com/groceries/en-GB/shop/home-and-ents/all?department=Home%20Accessories&viewAll=department&page=,£2.00,£28.58/kg,,,/groceries/en-GB/products/311564594,https://digitalcontent.api.tesco.com/v2/media/ghs/b40b0f81-9381-4f05-96d1-d27983548efe/edd8e4eb-ce5f-40e1-a35c-0418886cbaee_172867484.jpeg?h=225&w=225,
310730249,Bayswood Artificial Fridge Magnets,https://www.tesco.com/groceries/en-GB/shop/home-and-ents/all?department=Home%20Accessories&viewAll=department&page=,£2.50,£2.50/each,£1.85 Clubcard Price,,/groceries/en-GB/products/310730249,https://digitalcontent.api.tesco.com/v2/media/ghs/0d780d83-d34d-4d0e-a5f7-962cf9fd44b7/8bf16bd8-2ae1-4206-9ada-08341b3c0ca1_1530324804.jpeg?h=225&w=225,
312716650,Salter White Ultrasonic Diffuser 80Ml,https://www.tesco.com/groceries/en-GB/shop/home-and-ents/all?department=Home%20Accessories&viewAll=department&page=,£28.00,£28.00/each,£21.00 Clubcard Price,,/groceries/en-GB/products/312716650,https://digitalcontent.api.tesco.com/v2/media/ghs/59fa20d8-efe9-44cd-85b6-679a56510dc3/6ed8338a-e4e8-4700-ae72-0d2845afd368_2121476998.jpeg?h=225&w=225,
310307204,Fox & Ivy Refreshing Love Bird Lamp,https://www.tesco.com/groceries/en-GB/shop/home-and-ents/all?department=Home%20Accessories&viewAll=department&page=,£25.00,£25.00/each,,,/groceries/en-GB/products/310307204,https://digitalcontent.api.tesco.com/v2/media/ghs/0bf844b7-24ae-4532-a0bf-953307fcc48c/962cbe3b-2f12-45ad-b879-7d4aa186c17a_574890903.jpeg?h=225&w=225,
311394040,Tesco Graphite Teddy Throw,https://www.tesco.com/groceries/en-GB/shop/home-and-ents/all?department=Home%20Accessories&viewAll=department&page=,£13.00,£13.00/each,,,/groceries/en-GB/products/311394040,https://digitalcontent.api.tesco.com/v2/media/ghs/3ee83ce0-4905-42c4-ad8f-ffef7a290ae8/4bf4588b-48a4-48a1-91cc-19d77a9c9b5f_2060994987.jpeg?h=225&w=225,
308499842,Natures Wick 433G Candle- Woodland Rose,https://www.tesco.com/groceries/en-GB/shop/home-and-ents/all?department=Home%20Accessories&viewAll=department&page=,£16.50,£38.11/kg,,,/groceries/en-GB/products/308499842,https://digitalcontent.api.tesco.com/v2/media/ghs/51497bf3-b9c1-409b-9d73-0ab2ecf88bd6/snapshotimagehandler_1415680640.jpeg?h=225&w=225,
311393147,Fox & Ivy Highland Cow Doorstop,https://www.tesco.com/groceries/en-GB/shop/home-and-ents/all?department=Home%20Accessories&viewAll=department&page=,£12.00,£12.00/each,,,/groceries/en-GB/products/311393147,https://digitalcontent.api.tesco.com/v2/media/ghs/2f9b6441-affa-43ef-af49-fe40dd6cd3b1/29cc188d-29d5-4fc9-93fd-40c052e9632b_305188198.jpeg?h=225&w=225,
310310087,Tesco Apothecary Xl Cnd-Neroli& Bergamot 650G,https://www.tesco.com/groceries/en-GB/shop/home-and-ents/all?department=Home%20Accessories&viewAll=department&page=,£15.00,£23.08/kg,£11.00 Clubcard Price,,/groceries/en-GB/products/310310087,https://digitalcontent.api.tesco.com/v2/media/ghs/4e9f3d1e-91a7-4fc9-8318-d6bc616ba38b/029bac12-4889-41ea-a369-fe4468171886_512917429.jpeg?h=225&w=225,
306725969,Yankee Candle Large 538G Jar Vanilla Frosting,https://www.tesco.com/groceries/en-GB/shop/home-and-ents/all?department=Home%20Accessories&viewAll=department&page=,£15.00,£27.89/kg,Any 3 for 2 Clubcard Price - Cheapest Product Free - Selected Yankee Candle,,/groceries/en-GB/products/306725969,https://digitalcontent.api.tesco.com/v2/media/ghs/3e3bd399-3ad3-47c9-9a52-35da6a61feda/68ce3a59-9dd9-4d32-850e-f5dee699e18c_1641572213.jpeg?h=225&w=225,
310807459,Yankee Candle Large 538G Jar Duvet Day,https://www.tesco.com/groceries/en-GB/shop/home-and-ents/all?department=Home%20Accessories&viewAll=department&page=,£15.00,£27.89/kg,Any 3 for 2 Clubcard Price - Cheapest Product Free - Selected Yankee Candle,,/groceries/en-GB/products/310807459,https://digitalcontent.api.tesco.com/v2/media/ghs/0f9f6921-9c14-46d5-89ac-dae7fd8fd345/6b104b35-dacc-48f2-bd24-304f9eb6f8b5_1757648071.jpeg?h=225&w=225,
311393254,Fox & Ivy Teal Floral Cushion,https://www.tesco.com/groceries/en-GB/shop/home-and-ents/all?department=Home%20Accessories&viewAll=department&page=,£12.00,£12.00/each,,,/groceries/en-GB/products/311393254,https://digitalcontent.api.tesco.com/v2/media/ghs/5e41630e-9dfa-4bfd-9922-8d347a11d714/e803fa45-9fec-49c9-82e6-1f8df3424f8e_688477383.jpeg?h=225&w=225,
311393110,Fox & Ivy Fluffy Highland Cow Cushion,https://www.tesco.com/groceries/en-GB/shop/home-and-ents/all?department=Home%20Accessories&viewAll=department&page=,£12.00,£12.00/each,,,/groceries/en-GB/products/311393110,https://digitalcontent.api.tesco.com/v2/media/ghs/e59d2019-9bb4-45ec-9fa7-ab29deede649/ca4a4eea-9bae-41d0-987c-5d1fcac93b84_142372105.jpeg?h=225&w=225,
311806787,Candlelight Navy & Ochre Vase,https://www.tesco.com/groceries/en-GB/shop/home-and-ents/all?department=Home%20Accessories&viewAll=department&page=,£12.00,£12.00/each,£9.00 Clubcard Price,,/groceries/en-GB/products/311806787,https://digitalcontent.api.tesco.com/v2/media/ghs/94662cf2-ebd9-4d8a-b2bd-d75fb474d2fd/6430b720-583a-4be2-8724-59718a4ce6bc_1378179394.jpeg?h=225&w=225,
310807540,Yankee 2 Small Jar Gift Set,https://www.tesco.com/groceries/en-GB/shop/home-and-ents/all?department=Home%20Accessories&viewAll=department&page=,£11.00,£5.50/each,Any 3 for 2 Clubcard Price - Cheapest Product Free - Selected Yankee Candle,,/groceries/en-GB/products/310807540,https://digitalcontent.api.tesco.com/v2/media/ghs/3f1a8974-437b-4686-8f27-33a5596c8ce7/63132265-8f9f-4821-9ab3-e0d3c313494d_22847947.jpeg?h=225&w=225,
310807436,Yankee Candle Medium 340G Jar Duvet Day,https://www.tesco.com/groceries/en-GB/shop/home-and-ents/all?department=Home%20Accessories&viewAll=department&page=,£12.00,£35.30/kg,Any 3 for 2 Clubcard Price - Cheapest Product Free - Selected Yankee Candle,,/groceries/en-GB/products/310807436,https://digitalcontent.api.tesco.com/v2/media/ghs/94d4fe79-7736-4815-aeef-6cb685d7974c/c9f1093c-0691-44a3-b2a9-7820050b5a7e_1021824226.jpeg?h=225&w=225,
310730255,Bayswood Artificial Green Trailing Pot,https://www.tesco.com/groceries/en-GB/shop/home-and-ents/all?department=Home%20Accessories&viewAll=department&page=,£14.00,£14.00/each,£10.50 Clubcard Price,,/groceries/en-GB/products/310730255,https://digitalcontent.api.tesco.com/v2/media/ghs/e167c07f-293a-4c3a-8b92-eab12ea1b538/98ac4221-bdd9-4187-9fae-12f0be4ce5cb_1894529552.jpeg?h=225&w=225,
311564381,Tesco Spa White Cashmere & Almond Milk Diffuser 150Ml,https://www.tesco.com/groceries/en-GB/shop/home-and-ents/all?department=Home%20Accessories&viewAll=department&page=,£10.00,£66.67/litre,,,/groceries/en-GB/products/311564381,https://digitalcontent.api.tesco.com/v2/media/ghs/a3070d7b-710b-4aca-b9b0-ea958b64b5fe/f326878f-d7c0-4865-8b7e-8e34ca34d07c_1097136041.jpeg?h=225&w=225,
310372511,Tesco Timeless M- Wick Candle- Pomegranate 700G,https://www.tesco.com/groceries/en-GB/shop/home-and-ents/all?department=Home%20Accessories&viewAll=department&page=,£10.00,£14.29/kg,,,/groceries/en-GB/products/310372511,https://digitalcontent.api.tesco.com/v2/media/ghs/8fe54b76-d1f3-4d01-96b4-a217dcdfb0c6/1c5bf9e4-805e-4deb-b6e5-a4e7667a3e31_1204744555.jpeg?h=225&w=225,
306753049,Nature Wick Scented Multi Wick Candle Smoked Vanilla,https://www.tesco.com/groceries/en-GB/shop/home-and-ents/all?department=Home%20Accessories&viewAll=department&page=,£16.50,£16.50/each,,,/groceries/en-GB/products/306753049,https://digitalcontent.api.tesco.com/v2/media/ghs/60066006-c3e4-4941-824b-f61f024668f7/86d956a6-7513-49f4-8641-e79acf0e920f_924273461.jpeg?h=225&w=225,
311394005,Tesco Ochre Super Soft Throw,https://www.tesco.com/groceries/en-GB/shop/home-and-ents/all?department=Home%20Accessories&viewAll=department&page=,£6.00,£6.00/each,,,/groceries/en-GB/products/311394005,https://digitalcontent.api.tesco.com/v2/media/ghs/5c76c47d-3bda-4dcf-a6de-30c9658b53b2/0ee4a2e7-4c75-4a07-9d00-f084c16f70c5_932091829.jpeg?h=225&w=225,
311393997,Tesco Black Super Soft Throw,https://www.tesco.com/groceries/en-GB/shop/home-and-ents/all?department=Home%20Accessories&viewAll=department&page=,£6.00,£6.00/each,,,/groceries/en-GB/products/311393997,https://digitalcontent.api.tesco.com/v2/media/ghs/91dfead6-519d-4282-b5c8-553dd2541e22/340d8a68-7853-48de-89d5-c55b108c9190_1164931494.jpeg?h=225&w=225,
310279991,Fox & Ivy Sunny Yellow Bee Ceramic Jug,https://www.tesco.com/groceries/en-GB/shop/home-and-ents/all?department=Home%20Accessories&viewAll=department&page=,£10.00,£10.00/each,,,/groceries/en-GB/products/310279991,https://digitalcontent.api.tesco.com/v2/media/ghs/3aadd029-743d-4810-9275-f8c212f7f794/8508418f-3405-48c6-bcad-5b902fc38159_222825439.jpeg?h=225&w=225,
307725789,Tesco Apothecary 100ml Reed Diffuser - Neroli and Bergamot,https://www.tesco.com/groceries/en-GB/shop/home-and-ents/all?department=Home%20Accessories&viewAll=department&page=,£8.50,£85.00/litre,£6.35 Clubcard Price,,/groceries/en-GB/products/307725789,https://digitalcontent.api.tesco.com/v2/media/ghs/c886aebd-1fe5-4d5e-a381-bd6d3a64ef7d/044ad588-4186-4827-81b8-4e5963cf74f2_1559390624.jpeg?h=225&w=225,
307725738,Tesco Apothecary 2 x 40ml Reed Diffusers - Ylang Ylang and Orange Blossom,https://www.tesco.com/groceries/en-GB/shop/home-and-ents/all?department=Home%20Accessories&viewAll=department&page=,£8.00,£4.00/each,£6.00 Clubcard Price,,/groceries/en-GB/products/307725738,https://digitalcontent.api.tesco.com/v2/media/ghs/e2d0bcf3-d0c8-4bb6-a9e1-30901d67d366/2311d028-8d8d-4ed7-83d1-3c7a266d5bb9_815473105.jpeg?h=225&w=225,
311393916,Tesco Olive Velour Cushion,https://www.tesco.com/groceries/en-GB/shop/home-and-ents/all?department=Home%20Accessories&viewAll=department&page=,£7.00,£7.00/each,,New,/groceries/en-GB/products/311393916,https://digitalcontent.api.tesco.com/v2/media/ghs/f3137c75-5999-424c-8a4b-b450c6f1f37b/216df618-0b1a-4d98-9d01-41317bc5a25a_912455425.jpeg?h=225&w=225,
311393035,Fox & Ivy Daschund Cushion,https://www.tesco.com/groceries/en-GB/shop/home-and-ents/all?department=Home%20Accessories&viewAll=department&page=,£7.00,£7.00/each,,,/groceries/en-GB/products/311393035,https://digitalcontent.api.tesco.com/v2/media/ghs/5d5ccb77-8fc2-4342-ab30-649fac8e3dc9/5f6ca7a4-69d7-4596-8865-46dcb36994bf_655474764.jpeg?h=225&w=225,
307446072,Tesco Velour Cushion Navy,https://www.tesco.com/groceries/en-GB/shop/home-and-ents/all?department=Home%20Accessories&viewAll=department&page=,£7.00,£7.00/each,,,/groceries/en-GB/products/307446072,https://digitalcontent.api.tesco.com/v2/media/ghs/7811a4d4-b98c-4fb7-94f0-5913e2ad4d1d/83fa6e54-f020-45fe-ad63-b2170f0c84c5_1568389837.jpeg?h=225&w=225,
310307832,Fox & Ivy Printed Throw - Bee,https://www.tesco.com/groceries/en-GB/shop/home-and-ents/all?department=Home%20Accessories&viewAll=department&page=,£7.00,£7.00/each,,,/groceries/en-GB/products/310307832,https://digitalcontent.api.tesco.com/v2/media/ghs/3a8df02a-abe9-423d-9c8b-12a38bce0274/db1c530a-ca0e-4b8a-87cc-109c02e4e89a_2145868949.jpeg?h=225&w=225,
310307711,Fox & Ivy Printed Cushion Rabbit,https://www.tesco.com/groceries/en-GB/shop/home-and-ents/all?department=Home%20Accessories&viewAll=department&page=,£7.00,£7.00/each,£5.50 Clubcard Price,,/groceries/en-GB/products/310307711,https://digitalcontent.api.tesco.com/v2/media/ghs/d831e78b-c6f6-421e-8faf-832f85d6e25d/b8e79178-e9f2-41f3-b33a-9d38a22d762c_886329233.jpeg?h=225&w=225,
311393907,Tesco Teal Velour Cushion,https://www.tesco.com/groceries/en-GB/shop/home-and-ents/all?department=Home%20Accessories&viewAll=department&page=,£7.00,£7.00/each,,,/groceries/en-GB/products/311393907,https://digitalcontent.api.tesco.com/v2/media/ghs/28727df4-a29a-454b-a098-8285468807c5/0c481437-7a4d-4b82-8f51-9f4273988879_1066074194.jpeg?h=225&w=225,
310529137,Hinch Storage Basket White,https://www.tesco.com/groceries/en-GB/shop/home-and-ents/all?department=Home%20Accessories&viewAll=department&page=,£6.00,£6.00/each,,,/groceries/en-GB/products/310529137,https://digitalcontent.api.tesco.com/v2/media/ghs/864f519e-4343-42a0-be0b-2be4034f14a9/6bdac8b7-60f8-4abd-a6dc-4401066d74de_1416975932.jpeg?h=225&w=225,
304847950,Tesco Wire Hanging Shelf Storage,https://www.tesco.com/groceries/en-GB/shop/home-and-ents/all?department=Home%20Accessories&viewAll=department&page=,£5.00,£5.00/each,,,/groceries/en-GB/products/304847950,https://digitalcontent.api.tesco.com/v2/media/ghs/2947632b-1bb7-4d18-8404-a760dbba08ec/d9d025a3-e203-470e-b7f5-15f5e1242157_797303107.jpeg?h=225&w=225,
310334511,Tesco Scented Candle Spiced Berries & Apple 490G,https://www.tesco.com/groceries/en-GB/shop/home-and-ents/all?department=Home%20Accessories&viewAll=department&page=,£6.00,£12.25/kg,,,/groceries/en-GB/products/310334511,https://digitalcontent.api.tesco.com/v2/media/ghs/efc12f0a-2dd9-48f1-883c-486469ebb399/d2840a17-ec1b-4cb5-a985-9fae750de0cc_983828662.jpeg?h=225&w=225,
310307803,Fox & Ivy Printed Throw - Rabbit,https://www.tesco.com/groceries/en-GB/shop/home-and-ents/all?department=Home%20Accessories&viewAll=department&page=,£6.00,£6.00/each,,,/groceries/en-GB/products/310307803,https://digitalcontent.api.tesco.com/v2/media/ghs/7647a017-a366-4783-9e62-2770bbc96b2f/92c9cd31-29bf-4957-b0e4-2d73e1e887d4_1067258713.jpeg?h=225&w=225,
310372557,Tesco Timeless Diffuser- Pomegranate 100Ml,https://www.tesco.com/groceries/en-GB/shop/home-and-ents/all?department=Home%20Accessories&viewAll=department&page=,£6.00,£60.00/litre,,,/groceries/en-GB/products/310372557,https://digitalcontent.api.tesco.com/v2/media/ghs/d00dd8cc-97b4-407f-ab3d-cd7e095cae48/5d82e8c3-54a3-4835-8793-1890c4b73f47_941031330.jpeg?h=225&w=225,
307632600,Wham Studio 5.02 White,https://www.tesco.com/groceries/en-GB/shop/home-and-ents/all?department=Home%20Accessories&viewAll=department&page=,£4.00,£4.00/each,,,/groceries/en-GB/products/307632600,https://digitalcontent.api.tesco.com/v2/media/ghs/251bff59-252b-48fc-9977-7d6501b732ca/4facbe97-0ea9-42e3-9fc2-d0a9dc190277_1289283324.jpeg?h=225&w=225,
311730432,Tesco Apothecary Tin Candle Eucalyptus & Pine Needles 170G,https://www.tesco.com/groceries/en-GB/shop/home-and-ents/all?department=Home%20Accessories&viewAll=department&page=,£5.00,£29.42/kg,£3.75 Clubcard Price,,/groceries/en-GB/products/311730432,https://digitalcontent.api.tesco.com/v2/media/ghs/eacfe109-7f07-4186-bde2-b2dabf257817/32f63b7e-bcac-4b34-8c62-97a95de459b8_1645274273.jpeg?h=225&w=225,
310308687,Tesco Wellbeing Candle Ceramic Gardenia & Sandal Wood 230G,https://www.tesco.com/groceries/en-GB/shop/home-and-ents/all?department=Home%20Accessories&viewAll=department&page=,£5.00,£21.74/kg,£3.75 Clubcard Price,,/groceries/en-GB/products/310308687,https://digitalcontent.api.tesco.com/v2/media/ghs/2222fec7-a605-432b-b3f4-c1d22d689bb4/ffe73e94-5689-4cfe-932f-75996c30601c_2135193327.jpeg?h=225&w=225,
302738374,Yankee Candle Small Jar - Cherry Vanilla,https://www.tesco.com/groceries/en-GB/shop/home-and-ents/all?department=Home%20Accessories&viewAll=department&page=,£5.50,£5.50/each,Any 3 for 2 Clubcard Price - Cheapest Product Free - Selected Yankee Candle,,/groceries/en-GB/products/302738374,https://digitalcontent.api.tesco.com/v2/media/ghs/95d747ea-b53b-406e-b7a6-9e12d781003e/4be66100-9894-45af-a443-eb51169a9175_1185022419.jpeg?h=225&w=225,
310307279,Fox & Ivy Pillar Candle Holder - Small,https://www.tesco.com/groceries/en-GB/shop/home-and-ents/all?department=Home%20Accessories&viewAll=department&page=,£5.00,£5.00/each,£3.75 Clubcard Price,,/groceries/en-GB/products/310307279,https://digitalcontent.api.tesco.com/v2/media/ghs/59cadfb5-5235-44d1-b958-4c0ef69e8ec1/00a22af0-212d-45d8-a1da-0e40c447b55b_1117196453.jpeg?h=225&w=225,
311529504,Tesco Winter Fruits Diffuser Pomegranate 100Ml,https://www.tesco.com/groceries/en-GB/shop/home-and-ents/all?department=Home%20Accessories&viewAll=department&page=,£5.00,£50.00/litre,,,/groceries/en-GB/products/311529504,https://digitalcontent.api.tesco.com/v2/media/ghs/4fb34dfc-c58c-45cf-8ea0-d86e36048c36/cfbe3d46-fc74-484e-a49d-9d4da6403c16_1745672350.jpeg?h=225&w=225,
311564692,Fox And Ivy Sparkle Tealight Holder,https://www.tesco.com/groceries/en-GB/shop/home-and-ents/all?department=Home%20Accessories&viewAll=department&page=,£3.00,£3.00/each,£2.25 Clubcard Price,,/groceries/en-GB/products/311564692,https://digitalcontent.api.tesco.com/v2/media/ghs/aa72619f-65d0-4d4a-aadb-83d717fc22f5/85ddf2f9-de75-48f6-bd1f-45278186ff52_395755479.jpeg?h=225&w=225,
310807471,Yankee 6 Wax Melts Vanilla Frosting,https://www.tesco.com/groceries/en-GB/shop/home-and-ents/all?department=Home%20Accessories&viewAll=department&page=,£3.75,£0.62/each,,,/groceries/en-GB/products/310807471,https://digitalcontent.api.tesco.com/v2/media/ghs/98a6ce22-3ff6-4ca5-b142-631582d66d4a/8d895054-238d-471d-9e4b-7284a7bc9c85_1951069678.jpeg?h=225&w=225,
311371919,Tesco Photo Frame 2 In 1 Silver,https://www.tesco.com/groceries/en-GB/shop/home-and-ents/all?department=Home%20Accessories&viewAll=department&page=,£3.00,£3.00/each,£2.25 Clubcard Price,,/groceries/en-GB/products/311371919,https://digitalcontent.api.tesco.com/v2/media/ghs/80559510-c824-4c0b-ad37-1b20639e112e/c87d6513-1119-434e-9e47-3f97c2b2b6ef_890770204.jpeg?h=225&w=225,
311529464,Tesco Winter Fruits Jar Candle Pomegrante 120G,https://www.tesco.com/groceries/en-GB/shop/home-and-ents/all?department=Home%20Accessories&viewAll=department&page=,£3.50,£29.17/kg,,,/groceries/en-GB/products/311529464,https://digitalcontent.api.tesco.com/v2/media/ghs/fa64d8cb-9438-4b7d-a78d-9de4640249eb/e0e37afd-b432-424e-a239-ffaacff7f3bd_187198923.jpeg?h=225&w=225,
311529435,Tesco Winter Fruits Ceramic Candle Fig 80G,https://www.tesco.com/groceries/en-GB/shop/home-and-ents/all?department=Home%20Accessories&viewAll=department&page=,£4.50,£56.25/kg,,,/groceries/en-GB/products/311529435,https://digitalcontent.api.tesco.com/v2/media/ghs/66764cd4-020a-4812-aa99-e1aeb34710aa/246e6396-6c00-457e-b707-592155f22f35_1635592241.jpeg?h=225&w=225,
308299330,Bayswood Artifloral Stem - Pampas Grass,https://www.tesco.com/groceries/en-GB/shop/home-and-ents/all?department=Home%20Accessories&viewAll=department&page=,£3.00,£3.00/each,£2.25 Clubcard Price,,/groceries/en-GB/products/308299330,https://digitalcontent.api.tesco.com/v2/media/ghs/c29e451f-8b1f-41d3-a60d-9d1a5ec2bfa0/0e986596-47db-41fa-af0f-f8a38d9a7979_824911432.jpeg?h=225&w=225,
307927753,Tesco Ceramic Oil Burner White,https://www.tesco.com/groceries/en-GB/shop/home-and-ents/all?department=Home%20Accessories&viewAll=department&page=,£4.00,£4.00/each,£3.00 Clubcard Price,,/groceries/en-GB/products/307927753,https://digitalcontent.api.tesco.com/v2/media/ghs/a1a7189f-f512-4a35-bdcf-4a561ff3b75d/2e530bcd-0133-4458-b171-f34123f0d8c8_1945705321.jpeg?h=225&w=225,
311393248,Fox & Ivy Velvet Sherpa Throw,https://www.tesco.com/groceries/en-GB/shop/home-and-ents/all?department=Home%20Accessories&viewAll=department&page=,£28.00,£28.00/each,,,/groceries/en-GB/products/311393248,https://digitalcontent.api.tesco.com/v2/media/ghs/254b6688-6acb-4bbd-911d-d7e945039885/5d4274bf-4d10-48cc-b79a-3dc3d2c2e096_888522816.jpeg?h=225&w=225,
311393179,Fox & Ivy Ochre Faux Rabbit Fur Throw,https://www.tesco.com/groceries/en-GB/shop/home-and-ents/all?department=Home%20Accessories&viewAll=department&page=,£25.00,£25.00/each,,,/groceries/en-GB/products/311393179,https://digitalcontent.api.tesco.com/v2/media/ghs/2f7602e8-1cbc-436d-9a6e-07d6b53dadde/1bcfbec3-da8c-4d47-af94-d4862a8a2661_553747770.jpeg?h=225&w=225,
311393093,Fox & Ivy Ginger Sherpa Velvet Throw,https://www.tesco.com/groceries/en-GB/shop/home-and-ents/all?department=Home%20Accessories&viewAll=department&page=,£28.00,£28.00/each,,New,/groceries/en-GB/products/311393093,https://digitalcontent.api.tesco.com/v2/media/ghs/f213be6d-62e8-47cf-814c-e0e3cbcafc6d/a1fc8f93-4431-45fe-b198-7afa07e572fc_482263142.jpeg?h=225&w=225,
310555877,Hinch Tufted Rug - Grey,https://www.tesco.com/groceries/en-GB/shop/home-and-ents/all?department=Home%20Accessories&viewAll=department&page=,£25.00,£25.00/each,,,/groceries/en-GB/products/310555877,https://digitalcontent.api.tesco.com/v2/media/ghs/36da5128-044c-4514-9f40-849cd336dc89/d63df90a-31d5-41ae-b2ca-89af9cfd0aa5_1424110874.jpeg?h=225&w=225,
302729932,Wham 9L Handy Box 3 Pack,https://www.tesco.com/groceries/en-GB/shop/home-and-ents/all?department=Home%20Accessories&viewAll=department&page=,£12.00,£4.00/each,,,/groceries/en-GB/products/302729932,https://digitalcontent.api.tesco.com/v2/media/ghs/37612066-f310-4e1c-a487-a8ebb9342a35/31f4a8e8-358e-47ce-b7f2-96a9c5cace6f_779345767.jpeg?h=225&w=225,
306753061,Natures Wick Large Candle Sage & White Pepper,https://www.tesco.com/groceries/en-GB/shop/home-and-ents/all?department=Home%20Accessories&viewAll=department&page=,£16.50,£16.50/each,,,/groceries/en-GB/products/306753061,https://digitalcontent.api.tesco.com/v2/media/ghs/4d347d20-18e8-44c1-b128-821b4d716d08/ea7f9684-7ee4-4b32-a8b4-1241d1a45100_786508623.jpeg?h=225&w=225,
304941279,Tesco Large Super Soft Throw Navy,https://www.tesco.com/groceries/en-GB/shop/home-and-ents/all?department=Home%20Accessories&viewAll=department&page=,£12.00,£12.00/each,,,/groceries/en-GB/products/304941279,https://digitalcontent.api.tesco.com/v2/media/ghs/a2e054b4-e7ca-49c9-b708-e2433f9f1eb6/70fd4131-6844-4f0c-afbc-6d19de09f6dd_1057655788.jpeg?h=225&w=225,
311674089,Yankee Candle Large Jar Toasted Marshmallow 538G,https://www.tesco.com/groceries/en-GB/shop/home-and-ents/all?department=Home%20Accessories&viewAll=department&page=,£15.00,£27.89/kg,Any 3 for 2 Clubcard Price - Cheapest Product Free - Selected Yankee Candle,,/groceries/en-GB/products/311674089,https://digitalcontent.api.tesco.com/v2/media/ghs/6603abcd-ccf5-4cbf-904c-7f45c700581c/1cc98d6d-fa80-4cc7-9b73-98004a965bae_285448089.jpeg?h=225&w=225,
311693446,Yankee Candle Large Jar Wild Berry Fizz 538G,https://www.tesco.com/groceries/en-GB/shop/home-and-ents/all?department=Home%20Accessories&viewAll=department&page=,£15.00,£27.89/kg,Any 3 for 2 Clubcard Price - Cheapest Product Free - Selected Yankee Candle,,/groceries/en-GB/products/311693446,https://digitalcontent.api.tesco.com/v2/media/ghs/b16a7863-83f8-4e1c-9d5b-49a693c021b0/43e137c5-499e-4e3e-be2b-9c300d19f540_610192843.jpeg?h=225&w=225,
310307627,Hinch Relaxed Tufted Cushion - White,https://www.tesco.com/groceries/en-GB/shop/home-and-ents/all?department=Home%20Accessories&viewAll=department&page=,£14.00,£14.00/each,,,/groceries/en-GB/products/310307627,https://digitalcontent.api.tesco.com/v2/media/ghs/fa8137c7-77e6-4748-a3ba-17e36def3eed/e4f34858-a4d3-4d40-9a6a-d356d36e4a11_1633203861.jpeg?h=225&w=225,
310730284,Bayswood Artificial Poppy Spray,https://www.tesco.com/groceries/en-GB/shop/home-and-ents/all?department=Home%20Accessories&viewAll=department&page=,£18.00,£18.00/each,£13.50 Clubcard Price,,/groceries/en-GB/products/310730284,https://digitalcontent.api.tesco.com/v2/media/ghs/31e3fc4a-3c98-42e6-a0c6-6a477e8e109e/673c3a7e-890a-4fb6-923b-57ddea164447_1182822895.jpeg?h=225&w=225,
311730501,Hinch Soft Pampas Scented Candle 400G,https://www.tesco.com/groceries/en-GB/shop/home-and-ents/all?department=Home%20Accessories&viewAll=department&page=,£12.00,£30.00/kg,£9.00 Clubcard Price,,/groceries/en-GB/products/311730501,https://digitalcontent.api.tesco.com/v2/media/ghs/1ffc1699-6b1e-4c71-9a7a-e1746d260e2b/690c1046-4282-4481-b7bb-3c50832024cf_1724023662.jpeg?h=225&w=225,
310807534,Yankee 8 Votive Gift Set,https://www.tesco.com/groceries/en-GB/shop/home-and-ents/all?department=Home%20Accessories&viewAll=department&page=,£12.00,£1.50/each,Any 3 for 2 Clubcard Price - Cheapest Product Free - Selected Yankee Candle,,/groceries/en-GB/products/310807534,https://digitalcontent.api.tesco.com/v2/media/ghs/00f33068-473f-4d5a-b537-2d575cb238bb/8f9044ad-223e-4393-b7f8-63c43f6863a5_1777261806.jpeg?h=225&w=225,
311846508,Bayswood Artificial Eucalyptus Wreath,https://www.tesco.com/groceries/en-GB/shop/home-and-ents/all?department=Home%20Accessories&viewAll=department&page=,£15.00,£15.00/each,,,/groceries/en-GB/products/311846508,https://digitalcontent.api.tesco.com/v2/media/ghs/d0d7a859-5ad7-4fea-a926-3ca53c849d2e/dbb8f8e1-c0a6-4841-a4e7-75da139672e1_411475090.jpeg?h=225&w=225,
299876710,Yankee Candle Medium 340G Jar Vanilla Frosting,https://www.tesco.com/groceries/en-GB/shop/home-and-ents/all?department=Home%20Accessories&viewAll=department&page=,£12.00,£35.30/kg,Any 3 for 2 Clubcard Price - Cheapest Product Free - Selected Yankee Candle,,/groceries/en-GB/products/299876710,https://digitalcontent.api.tesco.com/v2/media/ghs/459304bc-996c-4a02-ad46-b0c42739a0df/snapshotimagehandler_1975408837.jpeg?h=225&w=225,
311937741,Yankee Candle Medium Jar Wild Berry Fizz 340G,https://www.tesco.com/groceries/en-GB/shop/home-and-ents/all?department=Home%20Accessories&viewAll=department&page=,£12.00,£35.30/kg,Any 3 for 2 Clubcard Price - Cheapest Product Free - Selected Yankee Candle,,/groceries/en-GB/products/311937741,https://digitalcontent.api.tesco.com/v2/media/ghs/dc4dad8f-9a40-4de8-abfc-77b683bba960/7252394a-8492-4708-b138-107c30d6778c_964791970.jpeg?h=225&w=225,
311956050,Yankee Candle Medium Jar Toasted Marshmallow 340G,https://www.tesco.com/groceries/en-GB/shop/home-and-ents/all?department=Home%20Accessories&viewAll=department&page=,£12.00,£35.30/kg,Any 3 for 2 Clubcard Price - Cheapest Product Free - Selected Yankee Candle,,/groceries/en-GB/products/311956050,https://digitalcontent.api.tesco.com/v2/media/ghs/ddf173d3-42f1-47a0-8715-1e999a5a44aa/24162716-cc18-4c08-9e85-491b17b3debf_30581532.jpeg?h=225&w=225,
311564703,Tesco Spa White Candle Cashmere & Amld Milk 440G,https://www.tesco.com/groceries/en-GB/shop/home-and-ents/all?department=Home%20Accessories&viewAll=department&page=,£10.00,£22.73/kg,,,/groceries/en-GB/products/311564703,https://digitalcontent.api.tesco.com/v2/media/ghs/2c903c47-eb37-4d0b-81f9-a194b4af9ba6/d9be5080-cf98-42a6-bfb4-361420fc60ff_1715260733.jpeg?h=225&w=225,
307830383,Yankee Candle Large 538G Jar Fairy Floss,https://www.tesco.com/groceries/en-GB/shop/home-and-ents/all?department=Home%20Accessories&viewAll=department&page=,£15.00,£27.89/kg,Any 3 for 2 Clubcard Price - Cheapest Product Free - Selected Yankee Candle,,/groceries/en-GB/products/307830383,https://digitalcontent.api.tesco.com/v2/media/ghs/d8ba36f4-6dc8-4b0d-b39b-c1623bd9a5bf/05966973-065d-460f-89b3-c2268f1e333d_394771021.jpeg?h=225&w=225,
311393104,Fox & Ivy Teal Faux Mongolian Cushion,https://www.tesco.com/groceries/en-GB/shop/home-and-ents/all?department=Home%20Accessories&viewAll=department&page=,£10.00,£10.00/each,,,/groceries/en-GB/products/311393104,https://digitalcontent.api.tesco.com/v2/media/ghs/a4db7fd1-48e6-421e-8f3a-12b1bd5c64a4/fa5a4259-1f85-4b27-983a-95948e9428ee_1656581448.jpeg?h=225&w=225,
311393162,Fox And Ivy Faux Rabbit Fur Cushion Ochre,https://www.tesco.com/groceries/en-GB/shop/home-and-ents/all?department=Home%20Accessories&viewAll=department&page=,£10.00,£10.00/each,,,/groceries/en-GB/products/311393162,https://digitalcontent.api.tesco.com/v2/media/ghs/0276354a-2ae5-41f7-8ca0-041d14101424/03e5ab17-001e-45ab-ae8a-8e520d3bc65b_1668836334.jpeg?h=225&w=225,
310372309,Hinch Relaxed Diffuser-Spa Retreat 100Ml,https://www.tesco.com/groceries/en-GB/shop/home-and-ents/all?department=Home%20Accessories&viewAll=department&page=,£10.00,£100.00/litre,,,/groceries/en-GB/products/310372309,https://digitalcontent.api.tesco.com/v2/media/ghs/0e365e1c-4e2e-42e7-91ab-97f3307f4b6e/387c3a23-f88d-4a8a-9313-004784e73a8a_1228229554.jpeg?h=225&w=225,
310310050,Tesco Apothecary Large Candle Hemp Flower & Musk 350G,https://www.tesco.com/groceries/en-GB/shop/home-and-ents/all?department=Home%20Accessories&viewAll=department&page=,£8.50,£24.29/kg,£6.35 Clubcard Price,,/groceries/en-GB/products/310310050,https://digitalcontent.api.tesco.com/v2/media/ghs/7a2bd6fb-a038-4c0f-964d-9a4bae9a90d7/d2631ed0-0891-46df-ae2c-a94746afee3e_1974861059.jpeg?h=225&w=225,
311730403,Tesco Apothecary Eucalyptus & Pine Needles Candle 350G,https://www.tesco.com/groceries/en-GB/shop/home-and-ents/all?department=Home%20Accessories&viewAll=department&page=,£8.50,£24.29/kg,£6.35 Clubcard Price,,/groceries/en-GB/products/311730403,https://digitalcontent.api.tesco.com/v2/media/ghs/aee4072d-debb-4954-b166-e95316e12f2c/436aed68-514c-42be-a26b-bfac6eaac3f9_1250940389.jpeg?h=225&w=225,
310307170,Fox & Ivy Dreaming Wood Effect Clock,https://www.tesco.com/groceries/en-GB/shop/home-and-ents/all?department=Home%20Accessories&viewAll=department&page=,£9.00,£9.00/each,,,/groceries/en-GB/products/310307170,https://digitalcontent.api.tesco.com/v2/media/ghs/779e86fc-689c-4eb3-9a9c-371141b7e8a8/00b6fe41-bb01-4d94-a2f6-caac69852ec5_1339905133.jpeg?h=225&w=225,
311393945,Tesco Teal Jumbo Cord Cushion,https://www.tesco.com/groceries/en-GB/shop/home-and-ents/all?department=Home%20Accessories&viewAll=department&page=,£8.00,£8.00/each,,,/groceries/en-GB/products/311393945,https://digitalcontent.api.tesco.com/v2/media/ghs/7571bad8-f1fe-423c-bb86-c75dca5046e7/3a339daa-3428-416a-8f50-428e03cbb00c_1644370351.jpeg?h=225&w=225,
311229871,Candlelight Organe/Pnk Lightup Candle 390G,https://www.tesco.com/groceries/en-GB/shop/home-and-ents/all?department=Home%20Accessories&viewAll=department&page=,£8.50,£21.80/kg,£6.35 Clubcard Price,,/groceries/en-GB/products/311229871,https://digitalcontent.api.tesco.com/v2/media/ghs/caa0eaef-14c5-48aa-b551-adbed5e2c290/e8154755-d805-42e9-b001-e71f3bd0b0cc_1959669566.jpeg?h=225&w=225,
311564663,Fox & Ivy Sparkle Led Pillar Candle 20Cm,https://www.tesco.com/groceries/en-GB/shop/home-and-ents/all?department=Home%20Accessories&viewAll=department&page=,£7.00,£7.00/each,£5.25 Clubcard Price,,/groceries/en-GB/products/311564663,https://digitalcontent.api.tesco.com/v2/media/ghs/361795b6-3322-4370-8bd2-83f1a8e56722/b4ee4f27-89f3-42c2-a57d-01bbf9fe48b6_312764679.jpeg?h=225&w=225,
310307285,Fox & Ivy Pillar Candle Holder - Large,https://www.tesco.com/groceries/en-GB/shop/home-and-ents/all?department=Home%20Accessories&viewAll=department&page=,£7.00,£7.00/each,£5.25 Clubcard Price,,/groceries/en-GB/products/310307285,https://digitalcontent.api.tesco.com/v2/media/ghs/c73bc0ac-f259-4ab9-92c9-417489654a93/ea376555-7567-4293-9f85-db5c21408a31_1631511570.jpeg?h=225&w=225,
308634821,Hinch Heart Photo Frame 4X6,https://www.tesco.com/groceries/en-GB/shop/home-and-ents/all?department=Home%20Accessories&viewAll=department&page=,£6.00,£6.00/each,£4.50 Clubcard Price,,/groceries/en-GB/products/308634821,https://digitalcontent.api.tesco.com/v2/media/ghs/5ee706a1-0a17-4f6b-a59e-37263638675a/07d7a7d1-b9c9-443d-8e63-306f3d5e02c5_1097905289.jpeg?h=225&w=225,
311371885,Tesco Silver Photo Frame Double Aperture 8X10,https://www.tesco.com/groceries/en-GB/shop/home-and-ents/all?department=Home%20Accessories&viewAll=department&page=,£5.00,£5.00/each,£3.75 Clubcard Price,,/groceries/en-GB/products/311371885,https://digitalcontent.api.tesco.com/v2/media/ghs/48155966-49c3-4b45-80a9-744c4907adb1/b1251a5a-f883-457b-afaf-c75b641bc876_616383045.jpeg?h=225&w=225,
308622461,Tesco Photo Frame Double All Purpose 8X10 Grey,https://www.tesco.com/groceries/en-GB/shop/home-and-ents/all?department=Home%20Accessories&viewAll=department&page=,£5.00,£5.00/each,£3.75 Clubcard Price,,/groceries/en-GB/products/308622461,https://digitalcontent.api.tesco.com/v2/media/ghs/1a3bf0cf-1274-422b-bd0a-5865661658d0/69953bb0-8b17-4992-842a-bbe553f46efa_1304635439.jpeg?h=225&w=225,
311564628,Tesco Spa White Candle Cashmere & Amld Milk 230G,https://www.tesco.com/groceries/en-GB/shop/home-and-ents/all?department=Home%20Accessories&viewAll=department&page=,£6.00,£26.09/kg,,,/groceries/en-GB/products/311564628,https://digitalcontent.api.tesco.com/v2/media/ghs/1c22b958-4a68-4758-b416-77e02c7a3846/9e6643a1-a2cf-4a87-90ee-b97286553bd4_1325279993.jpeg?h=225&w=225,
311800540,Wax Lyrical Bright Orange 192G Candle Flamenco,https://www.tesco.com/groceries/en-GB/shop/home-and-ents/all?department=Home%20Accessories&viewAll=department&page=,£6.00,£31.25/kg,£4.50 Clubcard Price,,/groceries/en-GB/products/311800540,https://digitalcontent.api.tesco.com/v2/media/ghs/9518f0d2-81fc-482a-a034-7a35c5940bcc/b97709f1-d550-4f32-88df-18d665db473b_1250887617.jpeg?h=225&w=225,
310309035,Fox & Ivy Floral 50Ml Diffuser Wild Rose & Sweet Pea,https://www.tesco.com/groceries/en-GB/shop/home-and-ents/all?department=Home%20Accessories&viewAll=department&page=,£6.00,£120.00/litre,£4.50 Clubcard Price,,/groceries/en-GB/products/310309035,https://digitalcontent.api.tesco.com/v2/media/ghs/9a81afde-ab65-4f14-9758-8cea473a1bde/ad313026-c745-4c95-8087-e29b668254c0_1321778429.jpeg?h=225&w=225,
311564657,Fox & Ivy Sparkle Led Pillar Candle 15Cm,https://www.tesco.com/groceries/en-GB/shop/home-and-ents/all?department=Home%20Accessories&viewAll=department&page=,£6.00,£6.00/each,£4.50 Clubcard Price,,/groceries/en-GB/products/311564657,https://digitalcontent.api.tesco.com/v2/media/ghs/b5a98690-60f2-48c9-a748-789c952643bc/80044f46-5755-4923-912d-fbcddceea6a8_430873611.jpeg?h=225&w=225,
310308670,Tesco Wellbeing Candle Ceramic Chamomile Blonde Wood 230G,https://www.tesco.com/groceries/en-GB/shop/home-and-ents/all?department=Home%20Accessories&viewAll=department&page=,£5.00,£21.74/kg,£3.75 Clubcard Price,,/groceries/en-GB/products/310308670,https://digitalcontent.api.tesco.com/v2/media/ghs/6d5bcf34-6118-4865-90fc-8cce16148fbe/a05222ea-2dba-40bf-9f98-5d920dedbe7c_583329809.jpeg?h=225&w=225,
311693890,Yankee Candle Small Jar Pumpkin Harvest 104G,https://www.tesco.com/groceries/en-GB/shop/home-and-ents/all?department=Home%20Accessories&viewAll=department&page=,£5.50,£52.89/kg,Any 3 for 2 Clubcard Price - Cheapest Product Free - Selected Yankee Candle,,/groceries/en-GB/products/311693890,https://digitalcontent.api.tesco.com/v2/media/ghs/dd8164d2-5158-4a9c-a039-11fd36650543/f32969d9-5723-4a7f-b423-245d6beda959_83938146.jpeg?h=225&w=225,
311392946,Fox & Ivy Ochre Photo Frame 4X6,https://www.tesco.com/groceries/en-GB/shop/home-and-ents/all?department=Home%20Accessories&viewAll=department&page=,£4.00,£4.00/each,£3.00 Clubcard Price,,/groceries/en-GB/products/311392946,https://digitalcontent.api.tesco.com/v2/media/ghs/0a96d010-728a-444b-b83c-800b9c4320fb/bdf01f29-a99e-4b7d-b47d-287d06a1193b_429734536.jpeg?h=225&w=225,
311944565,Yankee Toasted Marshmallow 6 Wax Melts 75G,https://www.tesco.com/groceries/en-GB/shop/home-and-ents/all?department=Home%20Accessories&viewAll=department&page=,£3.75,£50.00/kg,,,/groceries/en-GB/products/311944565,https://digitalcontent.api.tesco.com/v2/media/ghs/8700f003-183f-432a-b845-678c27786718/db1448ff-03cc-4b65-80bb-241aa7f095f3_208372112.jpeg?h=225&w=225,
297478452,Yankee 6 Wax Melts Cherry Vanilla,https://www.tesco.com/groceries/en-GB/shop/home-and-ents/all?department=Home%20Accessories&viewAll=department&page=,£3.75,£3.75/each,,,/groceries/en-GB/products/297478452,https://digitalcontent.api.tesco.com/v2/media/ghs/c10c2a87-6a68-4868-a11a-014531e218e8/69c60d67-ccbe-42ff-a8b3-28506001ab20_873346117.jpeg?h=225&w=225,
310334488,Tesco Scented Candle Rhubarb & Elderberry 285G,https://www.tesco.com/groceries/en-GB/shop/home-and-ents/all?department=Home%20Accessories&viewAll=department&page=,£4.00,£14.04/kg,,,/groceries/en-GB/products/310334488,https://digitalcontent.api.tesco.com/v2/media/ghs/73f3295c-4180-401d-a63d-9f53b5aa1ca0/c1bd5242-2d20-483f-9a54-f3eb92e54f7d_1045163444.jpeg?h=225&w=225,
307830331,Yankee Candle Small 104G Jar Fairy Floss,https://www.tesco.com/groceries/en-GB/shop/home-and-ents/all?department=Home%20Accessories&viewAll=department&page=,£5.50,£52.89/kg,Any 3 for 2 Clubcard Price - Cheapest Product Free - Selected Yankee Candle,,/groceries/en-GB/products/307830331,https://digitalcontent.api.tesco.com/v2/media/ghs/0e124b89-4995-4142-985c-f90e5619df3b/cb1ca18d-c289-48fc-bfa7-9bf643040d54_740064634.jpeg?h=225&w=225,
311529510,Tesco Winter Fruits Diffuser Fig 100Ml,https://www.tesco.com/groceries/en-GB/shop/home-and-ents/all?department=Home%20Accessories&viewAll=department&page=,£5.00,£50.00/litre,,,/groceries/en-GB/products/311529510,https://digitalcontent.api.tesco.com/v2/media/ghs/a0736355-d8f8-40fe-b0ef-7d28ef898f62/e9a1d363-93c2-456a-ac66-a2f3d602af4c_708110198.jpeg?h=225&w=225,
311529470,Tesco Winter Fruits Jar Candle Fig 120G,https://www.tesco.com/groceries/en-GB/shop/home-and-ents/all?department=Home%20Accessories&viewAll=department&page=,£3.50,£29.17/kg,,,/groceries/en-GB/products/311529470,https://digitalcontent.api.tesco.com/v2/media/ghs/983fb753-98bf-414d-9ead-4c18e11e8b71/a30f9aa7-6386-430d-b1c7-122ebd68c659_361086611.jpeg?h=225&w=225,
306753032,Natures Wick Large Candle Cashmere Wool,https://www.tesco.com/groceries/en-GB/shop/home-and-ents/all?department=Home%20Accessories&viewAll=department&page=,£16.50,£16.50/each,,,/groceries/en-GB/products/306753032,https://digitalcontent.api.tesco.com/v2/media/ghs/1c2fa3b2-88c2-4735-998f-9edf9da4f7b0/6f19a96e-7512-4efc-b307-10a8f004711b_249916140.jpeg?h=225&w=225,
311393058,Fox & Ivy Daschund Draft Excluder,https://www.tesco.com/groceries/en-GB/shop/home-and-ents/all?department=Home%20Accessories&viewAll=department&page=,£14.00,£14.00/each,,New,/groceries/en-GB/products/311393058,https://digitalcontent.api.tesco.com/v2/media/ghs/81c7a516-beb4-4a4a-ab58-0a4b9895ea9b/71e0c7eb-cea7-4775-9f21-b990bb6beb0c_812291971.jpeg?h=225&w=225,
311937211,Natures Wick Sun-Ripnd Pear Candle 433.2G,https://www.tesco.com/groceries/en-GB/shop/home-and-ents/all?department=Home%20Accessories&viewAll=department&page=,£16.50,£38.09/kg,,,/groceries/en-GB/products/311937211,https://digitalcontent.api.tesco.com/v2/media/ghs/1c912dda-cf0e-404d-8d68-adc4b7485a88/76d32c9b-b28b-4ca5-b8ea-97dba5359df1_414024427.jpeg?h=225&w=225,
311394057,Tesco Navy Teddy Throw,https://www.tesco.com/groceries/en-GB/shop/home-and-ents/all?department=Home%20Accessories&viewAll=department&page=,£13.00,£13.00/each,,,/groceries/en-GB/products/311394057,https://digitalcontent.api.tesco.com/v2/media/ghs/e41e9c82-a179-4007-9f2d-18725062c411/6c753a0b-4851-4fec-99e4-33c226e65d7c_1823575232.jpeg?h=225&w=225,
311730461,Hinch Pre-Scntd Reeds Diffuser Soft Pampas,https://www.tesco.com/groceries/en-GB/shop/home-and-ents/all?department=Home%20Accessories&viewAll=department&page=,£15.00,£15.00/each,£11.00 Clubcard Price,,/groceries/en-GB/products/311730461,https://digitalcontent.api.tesco.com/v2/media/ghs/0ebb960c-c5e0-4eb2-86ed-46bea0a203f2/7071b823-9dac-4d2f-90b1-0d843014d792_1827795854.jpeg?h=225&w=225,
311730484,Hinch Pre-Scnted Reeds Diffuser Cotton Flower,https://www.tesco.com/groceries/en-GB/shop/home-and-ents/all?department=Home%20Accessories&viewAll=department&page=,£15.00,£15.00/each,£11.00 Clubcard Price,,/groceries/en-GB/products/311730484,https://digitalcontent.api.tesco.com/v2/media/ghs/ed047107-2c3e-4ef1-94b7-80513b411950/58fe2678-7cd1-490e-9fd5-0f2f6f1c0f43_1024714163.jpeg?h=225&w=225,
310372344,Hinch Relaxed Large Candle With Lid Spa Retreat 350G,https://www.tesco.com/groceries/en-GB/shop/home-and-ents/all?department=Home%20Accessories&viewAll=department&page=,£10.00,£28.58/kg,,,/groceries/en-GB/products/310372344,https://digitalcontent.api.tesco.com/v2/media/ghs/aa35480f-9c84-4247-bc8b-421862222f70/d9d20794-1402-451c-a6a7-fb0a3e56f2fb_870539148.jpeg?h=225&w=225,
311730518,Hinch Eucalyptus & White Tea Candle 400G,https://www.tesco.com/groceries/en-GB/shop/home-and-ents/all?department=Home%20Accessories&viewAll=department&page=,£12.00,£30.00/kg,,,/groceries/en-GB/products/311730518,https://digitalcontent.api.tesco.com/v2/media/ghs/e357d977-6788-46c6-99b7-15fa36d1b8bd/3c4ad360-04d3-4631-adca-f1cacd6f736d_477133133.jpeg?h=225&w=225,
311945443,Yankee Candle Medium Jar Pumpkin Harvest 340G,https://www.tesco.com/groceries/en-GB/shop/home-and-ents/all?department=Home%20Accessories&viewAll=department&page=,£12.00,£35.30/kg,Any 3 for 2 Clubcard Price - Cheapest Product Free - Selected Yankee Candle,,/groceries/en-GB/products/311945443,https://digitalcontent.api.tesco.com/v2/media/ghs/9f6d1b7d-33e6-4133-a454-f4715089fb10/59ee80a9-21df-4409-9182-96d729cf2fbd_1446602154.jpeg?h=225&w=225,
307808128,Yankee Candle Medium 340G Jar Fairy Floss,https://www.tesco.com/groceries/en-GB/shop/home-and-ents/all?department=Home%20Accessories&viewAll=department&page=,£12.00,£35.30/kg,Any 3 for 2 Clubcard Price - Cheapest Product Free - Selected Yankee Candle,,/groceries/en-GB/products/307808128,https://digitalcontent.api.tesco.com/v2/media/ghs/5082583e-f279-4748-ba7e-ff14f7e33688/36bbb50a-f787-4048-9bf9-9c9a9e86588a_905170536.jpeg?h=225&w=225,
310730226,Baywood Artificial Trailing Leaves,https://www.tesco.com/groceries/en-GB/shop/home-and-ents/all?department=Home%20Accessories&viewAll=department&page=,£14.00,£14.00/each,£10.50 Clubcard Price,,/groceries/en-GB/products/310730226,https://digitalcontent.api.tesco.com/v2/media/ghs/7e3673ff-3f96-4272-a0a4-06827262c4eb/1f14147f-ac57-40f0-bc70-3cbf1547b099_2037498292.jpeg?h=225&w=225,
310730105,Bayswood Artificial Wild Flowers,https://www.tesco.com/groceries/en-GB/shop/home-and-ents/all?department=Home%20Accessories&viewAll=department&page=,£14.00,£14.00/each,£10.50 Clubcard Price,,/groceries/en-GB/products/310730105,https://digitalcontent.api.tesco.com/v2/media/ghs/f8803248-7177-4712-a2ed-36f47ede0218/6c7880de-7b4e-4927-9e6c-e64f08f74aa4_402263473.jpeg?h=225&w=225,
311564571,Tesco Timeless Noir Myrrh &Vani Bean Candle 700G,https://www.tesco.com/groceries/en-GB/shop/home-and-ents/all?department=Home%20Accessories&viewAll=department&page=,£10.00,£14.29/kg,,,/groceries/en-GB/products/311564571,https://digitalcontent.api.tesco.com/v2/media/ghs/1d965747-9937-433b-88fd-c8907c8fe4af/8843c58a-b6e8-4251-8112-ad383baf412d_1903643147.jpeg?h=225&w=225,
310882719,Foliages Artifloral Money Plant,https://www.tesco.com/groceries/en-GB/shop/home-and-ents/all?department=Home%20Accessories&viewAll=department&page=,£12.00,£12.00/each,£9.00 Clubcard Price,,/groceries/en-GB/products/310882719,https://digitalcontent.api.tesco.com/v2/media/ghs/dc268c32-6e45-4255-afb2-d7bcdfc26341/0c418b1a-8a5c-452d-9b3c-f55d38ab5cd9_1375565734.jpeg?h=225&w=225,
304143819,Fox & Ivy Decorative Tray,https://www.tesco.com/groceries/en-GB/shop/home-and-ents/all?department=Home%20Accessories&viewAll=department&page=,£12.00,£12.00/each,£9.00 Clubcard Price,,/groceries/en-GB/products/304143819,https://digitalcontent.api.tesco.com/v2/media/ghs/aaf32b27-f895-46bf-9115-ec06863a4046/924bba03-c753-4107-9fd8-56636b47c082_477279302.jpeg?h=225&w=225,
311564686,Fox & Ivy Silver Wax Melt Burner,https://www.tesco.com/groceries/en-GB/shop/home-and-ents/all?department=Home%20Accessories&viewAll=department&page=,£6.00,£6.00/each,£4.50 Clubcard Price,,/groceries/en-GB/products/311564686,https://digitalcontent.api.tesco.com/v2/media/ghs/a7f8d060-daeb-4cd8-9e56-cfb5b46a08b0/cc7d8a92-b318-4056-80f3-f0fb987cc009_1386537958.jpeg?h=225&w=225,
310307423,Hinch Ceramic Photo Frame - 4X6,https://www.tesco.com/groceries/en-GB/shop/home-and-ents/all?department=Home%20Accessories&viewAll=department&page=,£8.00,£8.00/each,£6.00 Clubcard Price,,/groceries/en-GB/products/310307423,https://digitalcontent.api.tesco.com/v2/media/ghs/b0a77214-b132-4865-8293-156699ffa70b/2a083663-8d3a-42fb-bd97-ef29837c8433_1913071206.jpeg?h=225&w=225,
311564784,Fox & Ivy Humble Bird Candle White Musk & Lavender 440G,https://www.tesco.com/groceries/en-GB/shop/home-and-ents/all?department=Home%20Accessories&viewAll=department&page=,£8.00,£18.19/kg,,,/groceries/en-GB/products/311564784,https://digitalcontent.api.tesco.com/v2/media/ghs/777cdf11-8387-449c-b8fb-bfed47a9a71e/89b17e14-cba9-402b-b4ab-0681ccc8b68a_1977065310.jpeg?h=225&w=225,
310529189,Hinch Mini Rope Basket,https://www.tesco.com/groceries/en-GB/shop/home-and-ents/all?department=Home%20Accessories&viewAll=department&page=,£6.00,£6.00/each,,,/groceries/en-GB/products/310529189,https://digitalcontent.api.tesco.com/v2/media/ghs/ecb48d36-c110-4a1d-822b-28eb20492ed9/47f12ec6-fd32-4f43-96d4-46432cf1a67b_2001958192.jpeg?h=225&w=225,
311564677,Fox & Ivy Sparkle Gift Set Silver Birch&Cedar,https://www.tesco.com/groceries/en-GB/shop/home-and-ents/all?department=Home%20Accessories&viewAll=department&page=,£8.00,£8.00/each,£6.00 Clubcard Price,,/groceries/en-GB/products/311564677,https://digitalcontent.api.tesco.com/v2/media/ghs/66a971b7-63bd-483c-87ca-d5b9f8ca994a/786b733a-8f65-4d80-8d50-8747faba60f4_234826482.jpeg?h=225&w=225,
296225460,Yankee Candle Medium Jar Cherry Vanilla,https://www.tesco.com/groceries/en-GB/shop/home-and-ents/all?department=Home%20Accessories&viewAll=department&page=,£12.00,£12.00/each,Any 3 for 2 Clubcard Price - Cheapest Product Free - Selected Yankee Candle,,/groceries/en-GB/products/296225460,https://digitalcontent.api.tesco.com/v2/media/ghs/d28b7547-175a-44e1-a816-ac278d52900a/d74b5cb8-6254-42e4-9d0d-e4126d6cb924_964196922.jpeg?h=225&w=225,
311780717,Wax Lyrical Moonlit Forest Pot Pourri 400G,https://www.tesco.com/groceries/en-GB/shop/home-and-ents/all?department=Home%20Accessories&viewAll=department&page=,£8.00,£20.00/kg,,,/groceries/en-GB/products/311780717,https://digitalcontent.api.tesco.com/v2/media/ghs/e5959288-6c8e-4a05-8fcf-c847f7cbf739/3efce40f-3542-49c0-a072-0d2f93b6656f_2001778227.jpeg?h=225&w=225,
311799022,Wax Lyrical Winter Spice Pot Pourri 400G,https://www.tesco.com/groceries/en-GB/shop/home-and-ents/all?department=Home%20Accessories&viewAll=department&page=,£8.00,£20.00/kg,,New,/groceries/en-GB/products/311799022,https://digitalcontent.api.tesco.com/v2/media/ghs/db3ce07d-7eac-476d-972f-8ae458219d67/8e4009ef-ffbd-494b-a338-921be77c2549_983329208.jpeg?h=225&w=225,
311730426,Tesco Apothecary 2 Pack 40Ml Eucalyptus & Pine Needles Diffuser,https://www.tesco.com/groceries/en-GB/shop/home-and-ents/all?department=Home%20Accessories&viewAll=department&page=,£8.00,£200.00/litre,£6.00 Clubcard Price,,/groceries/en-GB/products/311730426,https://digitalcontent.api.tesco.com/v2/media/ghs/f08eabb7-46a6-4d6c-8d68-5bccde1a1492/84c6944c-9f22-4d9c-8910-e0052af75eb8_1760421666.jpeg?h=225&w=225,
302738408,Yankee Candle Large 538G Jar Sugared Blossom,https://www.tesco.com/groceries/en-GB/shop/home-and-ents/all?department=Home%20Accessories&viewAll=department&page=,£15.00,£27.89/kg,Any 3 for 2 Clubcard Price - Cheapest Product Free - Selected Yankee Candle,,/groceries/en-GB/products/302738408,https://digitalcontent.api.tesco.com/v2/media/ghs/0119076f-3fb1-412a-ad3e-cf4b84e5d97e/905ec676-69a5-4bcd-b07c-ae432944d429_786084262.jpeg?h=225&w=225,
311730547,Hinch Soft Pampas Scented Candle 210G,https://www.tesco.com/groceries/en-GB/shop/home-and-ents/all?department=Home%20Accessories&viewAll=department&page=,£7.00,£33.34/kg,£5.25 Clubcard Price,,/groceries/en-GB/products/311730547,https://digitalcontent.api.tesco.com/v2/media/ghs/380e1eca-c5bb-4d5b-8806-246d10247641/f56852f7-a120-4efb-8808-0dd2697b9ce1_461642788.jpeg?h=225&w=225,
307725773,Tesco Apothecary 100ml Reed Diffuser - Ylang Ylang and Orange,https://www.tesco.com/groceries/en-GB/shop/home-and-ents/all?department=Home%20Accessories&viewAll=department&page=,£8.50,£85.00/litre,£6.35 Clubcard Price,,/groceries/en-GB/products/307725773,https://digitalcontent.api.tesco.com/v2/media/ghs/1f7d937d-d3d0-4ca5-bc39-2e0aa9732f5d/e173cd1c-e101-49d4-8558-675d5d5e63dd_1473546605.jpeg?h=225&w=225,
311393006,Fox & Ivy Hedgehog Cushion,https://www.tesco.com/groceries/en-GB/shop/home-and-ents/all?department=Home%20Accessories&viewAll=department&page=,£7.00,£7.00/each,,,/groceries/en-GB/products/311393006,https://digitalcontent.api.tesco.com/v2/media/ghs/18588b46-ba28-4be9-a345-cc07b59eca1f/f8e9d6fb-98ab-4cdd-9529-a8360c97b53a_687005244.jpeg?h=225&w=225,
311393064,Fox & Ivy Squirrel Cushion,https://www.tesco.com/groceries/en-GB/shop/home-and-ents/all?department=Home%20Accessories&viewAll=department&page=,£7.00,£7.00/each,,,/groceries/en-GB/products/311393064,https://digitalcontent.api.tesco.com/v2/media/ghs/16c59aaa-b399-47be-bfb4-97a1356048f3/0be9dd58-7098-4099-a530-7da44a6317a3_1852172589.jpeg?h=225&w=225,
310280003,Fox & Ivy Sunny Yellow Bee Clock,https://www.tesco.com/groceries/en-GB/shop/home-and-ents/all?department=Home%20Accessories&viewAll=department&page=,£7.00,£7.00/each,,,/groceries/en-GB/products/310280003,https://digitalcontent.api.tesco.com/v2/media/ghs/7a8209df-7b0e-4efb-96bb-1b39f48b0c2a/299b26b6-1d5b-4997-96da-fec53574bfab_1647828753.jpeg?h=225&w=225,
311564640,Tesco Spa Green Candle Clary Sage & Mandarin 230G,https://www.tesco.com/groceries/en-GB/shop/home-and-ents/all?department=Home%20Accessories&viewAll=department&page=,£6.00,£26.09/kg,,,/groceries/en-GB/products/311564640,https://digitalcontent.api.tesco.com/v2/media/ghs/5551b7a7-fcbd-445a-bfed-457f393cf6a3/6669823d-175c-4c98-a2d6-30e3ded2ed99_1871842554.jpeg?h=225&w=225,
309524092,Natures Wick Scented Candle Wild Honey,https://www.tesco.com/groceries/en-GB/shop/home-and-ents/all?department=Home%20Accessories&viewAll=department&page=,£12.50,£12.50/each,,,/groceries/en-GB/products/309524092,https://digitalcontent.api.tesco.com/v2/media/ghs/bb2a8846-9cab-40e9-a792-bad266a11f22/9059d586-041f-4dbf-8ff5-d6ad389db3b6_1502967284.jpeg?h=225&w=225,
311846629,Bayswood Artificial Purple Pearls,https://www.tesco.com/groceries/en-GB/shop/home-and-ents/all?department=Home%20Accessories&viewAll=department&page=,£8.00,£8.00/each,£6.00 Clubcard Price,,/groceries/en-GB/products/311846629,https://digitalcontent.api.tesco.com/v2/media/ghs/2abe1e15-1633-4a8a-b1c2-30886f7149e4/6f119459-8e69-4ebe-9518-0785f680e9c3_723506114.jpeg?h=225&w=225,
310882691,Foliages Artifloral 3 Plants,https://www.tesco.com/groceries/en-GB/shop/home-and-ents/all?department=Home%20Accessories&viewAll=department&page=,£8.00,£8.00/each,£6.00 Clubcard Price,,/groceries/en-GB/products/310882691,https://digitalcontent.api.tesco.com/v2/media/ghs/13e4245d-25f8-4397-a348-ec133ff688a5/8f4e6d75-75e0-4984-a937-11328d3f151c_1204172694.jpeg?h=225&w=225,
310372577,Tesco Timeless Diffuser-Peony Blush 100Ml,https://www.tesco.com/groceries/en-GB/shop/home-and-ents/all?department=Home%20Accessories&viewAll=department&page=,£6.00,£60.00/litre,,,/groceries/en-GB/products/310372577,https://digitalcontent.api.tesco.com/v2/media/ghs/77f997f9-fb45-4bc5-a78e-23b80e55faad/601a0fad-a5fa-4eee-9c5f-d9cdfa33c0f3_511075906.jpeg?h=225&w=225,
311564588,Tesco Timeless Noir Myrrh &Vani Bean Diffuser 100Ml,https://www.tesco.com/groceries/en-GB/shop/home-and-ents/all?department=Home%20Accessories&viewAll=department&page=,£6.00,£60.00/litre,,,/groceries/en-GB/products/311564588,https://digitalcontent.api.tesco.com/v2/media/ghs/bc0d05cc-f84c-4d18-a585-c699a16813be/f9d134b6-cef7-43cf-b085-03b62bf5c0bb_1377571482.jpeg?h=225&w=225,
310372563,Tesco Timeless Diffuser-Mandrn Lime&Basil 100Ml,https://www.tesco.com/groceries/en-GB/shop/home-and-ents/all?department=Home%20Accessories&viewAll=department&page=,£6.00,£60.00/litre,,,/groceries/en-GB/products/310372563,https://digitalcontent.api.tesco.com/v2/media/ghs/d39237f0-af5f-4cf5-95da-94885c05d8ff/4947ecd9-de86-4a40-8ac8-0808bace76ad_2035723012.jpeg?h=225&w=225,
307632577,Wham Studio 5.02 Grey,https://www.tesco.com/groceries/en-GB/shop/home-and-ents/all?department=Home%20Accessories&viewAll=department&page=,£4.00,£4.00/each,,,/groceries/en-GB/products/307632577,https://digitalcontent.api.tesco.com/v2/media/ghs/3d739ab1-8d8a-4959-8033-1fed99f55594/79dd71b3-94a4-4ffa-9338-b248198bb9e4_1572111840.jpeg?h=225&w=225,
310675487,Yankee Clean Cotton Aromatherapy Oil 10Ml,https://www.tesco.com/groceries/en-GB/shop/home-and-ents/all?department=Home%20Accessories&viewAll=department&page=,£6.00,£600.00/litre,Any 3 for 2 Clubcard Price - Cheapest Product Free - Selected Yankee Candle,,/groceries/en-GB/products/310675487,https://digitalcontent.api.tesco.com/v2/media/ghs/cfd9b0f6-3e96-4e7d-a411-260b3280a215/7de4f990-310b-464d-87f5-dc08214a8a11_687718390.jpeg?h=225&w=225,
302738351,Yankee Candle Small Jar Cosy Up,https://www.tesco.com/groceries/en-GB/shop/home-and-ents/all?department=Home%20Accessories&viewAll=department&page=,£5.50,£5.50/each,Any 3 for 2 Clubcard Price - Cheapest Product Free - Selected Yankee Candle,,/groceries/en-GB/products/302738351,https://digitalcontent.api.tesco.com/v2/media/ghs/2422e176-0c4b-418d-a113-b417beb44c23/d9251605-0532-4e72-87b5-5c5ba1852e07_83058806.jpeg?h=225&w=225,
311392897,Fox & Ivy Teal Frame 4X6,https://www.tesco.com/groceries/en-GB/shop/home-and-ents/all?department=Home%20Accessories&viewAll=department&page=,£4.00,£4.00/each,£3.00 Clubcard Price,,/groceries/en-GB/products/311392897,https://digitalcontent.api.tesco.com/v2/media/ghs/07251bbb-e03f-4b6f-b423-303d06e8e086/3022aa8d-c28d-4105-b8dc-980305868894_1212858959.jpeg?h=225&w=225,
311529533,Tesco Winter Fruits Diffuser Cherry 100Ml,https://www.tesco.com/groceries/en-GB/shop/home-and-ents/all?department=Home%20Accessories&viewAll=department&page=,£5.00,£50.00/litre,,,/groceries/en-GB/products/311529533,https://digitalcontent.api.tesco.com/v2/media/ghs/1cb7d741-ebf4-40be-9d5a-5eaee66aa9b1/4d43160d-7cb2-4e86-ab65-793d13d6bd0d_2115029857.jpeg?h=225&w=225,
311789230,Yankee Golden Flowers 6 Wax Melts 75G,https://www.tesco.com/groceries/en-GB/shop/home-and-ents/all?department=Home%20Accessories&viewAll=department&page=,£3.75,£50.00/kg,,,/groceries/en-GB/products/311789230,https://digitalcontent.api.tesco.com/v2/media/ghs/e5697440-6ffd-4445-9a91-29c1ac2459fc/138333d9-b402-429d-8a22-06d4ff437190_597948550.jpeg?h=225&w=225,
311529458,Tesco Winter Fruits Ceramic Candle Cherry 80G,https://www.tesco.com/groceries/en-GB/shop/home-and-ents/all?department=Home%20Accessories&viewAll=department&page=,£4.50,£56.25/kg,,,/groceries/en-GB/products/311529458,https://digitalcontent.api.tesco.com/v2/media/ghs/f8dd9f55-e900-4204-afe8-c4c9d284002b/a36356ee-67a1-4081-bbec-3c6134068c07_1341044768.jpeg?h=225&w=225,
310307262,Fox & Ivy Refreshing Glass Water Mister,https://www.tesco.com/groceries/en-GB/shop/home-and-ents/all?department=Home%20Accessories&viewAll=department&page=,£4.00,£4.00/each,£3.00 Clubcard Price,,/groceries/en-GB/products/310307262,https://digitalcontent.api.tesco.com/v2/media/ghs/d8e9d15d-b545-4354-804e-8eec517832ca/0e5d6c0e-4f74-4233-bcc9-ca81a4c48783_449534791.jpeg?h=225&w=225,
311393156,Fox & Ivy Highland Cow Sherpa Throw,https://www.tesco.com/groceries/en-GB/shop/home-and-ents/all?department=Home%20Accessories&viewAll=department&page=,£20.00,£20.00/each,,,/groceries/en-GB/products/311393156,https://digitalcontent.api.tesco.com/v2/media/ghs/5409924f-348c-458d-a958-ed0bf61fc5b0/f6da6648-3392-4c2e-8abc-e82ebbc1b7dd_1710197898.jpeg?h=225&w=225,
302781782,Tesco Large Super Soft Throw Grey,https://www.tesco.com/groceries/en-GB/shop/home-and-ents/all?department=Home%20Accessories&viewAll=department&page=,£12.00,£12.00/each,,,/groceries/en-GB/products/302781782,https://digitalcontent.api.tesco.com/v2/media/ghs/65b84aec-cdc0-4cba-a104-ba6f37010c04/b725b5c1-9f27-4a87-aeeb-e0cb3f33bc8e_244802277.jpeg?h=225&w=225,
311394063,Tesco Ochre Teddy Throw,https://www.tesco.com/groceries/en-GB/shop/home-and-ents/all?department=Home%20Accessories&viewAll=department&page=,£13.00,£13.00/each,,,/groceries/en-GB/products/311394063,https://digitalcontent.api.tesco.com/v2/media/ghs/c850c7df-47d4-4258-a133-cf6b6c1c2dca/16e3e43a-7936-4164-ab17-a865c914cbdc_1783910605.jpeg?h=225&w=225,
302509110,Tesco Super Soft Throw Ochre,https://www.tesco.com/groceries/en-GB/shop/home-and-ents/all?department=Home%20Accessories&viewAll=department&page=,£12.00,£12.00/each,,,/groceries/en-GB/products/302509110,https://digitalcontent.api.tesco.com/v2/media/ghs/1e29f0e4-193b-4271-a0dd-4e662e70435e/87220c13-5c7f-422c-b034-7f6a4e70471a_571379945.jpeg?h=225&w=225,
311394028,Tesco Black Oversized Super Soft Throw,https://www.tesco.com/groceries/en-GB/shop/home-and-ents/all?department=Home%20Accessories&viewAll=department&page=,£12.00,£12.00/each,,,/groceries/en-GB/products/311394028,https://digitalcontent.api.tesco.com/v2/media/ghs/ba53138a-29da-4667-8dad-f28d1a9bd1d2/183da1a6-0e74-4a96-ac16-9c9ea099b67e_379548201.jpeg?h=225&w=225,
311079727,Tesco Pet Toy Basket,https://www.tesco.com/groceries/en-GB/shop/home-and-ents/all?department=Home%20Accessories&viewAll=department&page=,£10.00,£10.00/each,,,/groceries/en-GB/products/311079727,https://digitalcontent.api.tesco.com/v2/media/ghs/baf74ac9-4b68-4f9b-9b56-6b2a1e5b21d9/d255c267-509a-423a-b2ae-20586eec590c_393484111.jpeg?h=225&w=225,
310308606,Tesco Apothecary Pampers Set-Neroli &Bergamot,https://www.tesco.com/groceries/en-GB/shop/home-and-ents/all?department=Home%20Accessories&viewAll=department&page=,£14.00,£14.00/each,£10.50 Clubcard Price,,/groceries/en-GB/products/310308606,https://digitalcontent.api.tesco.com/v2/media/ghs/fd2c9985-8f7e-4c5a-ac21-46ba2878a4b0/b631cea2-0650-451a-8dba-dc7771b4371c_1604708134.jpeg?h=225&w=225,
311730478,Hinch Pre-Scnted Reeds Diffuser Eucalyptus & White Tea,https://www.tesco.com/groceries/en-GB/shop/home-and-ents/all?department=Home%20Accessories&viewAll=department&page=,£15.00,£15.00/each,,,/groceries/en-GB/products/311730478,https://digitalcontent.api.tesco.com/v2/media/ghs/f33243de-49dc-4b80-aed7-6b0fdd4b353b/7a5b87ed-372e-4e94-a052-6f354836b176_436794867.jpeg?h=225&w=225,
310307256,Fox & Ivy Refreshing Bird Calendar,https://www.tesco.com/groceries/en-GB/shop/home-and-ents/all?department=Home%20Accessories&viewAll=department&page=,£10.00,£10.00/each,£7.50 Clubcard Price,,/groceries/en-GB/products/310307256,https://digitalcontent.api.tesco.com/v2/media/ghs/cf589962-8d7d-46bb-b9e7-55ea8335665a/733ddd32-04e7-4af6-8828-bc9c0fbfd408_365400614.jpeg?h=225&w=225,
311253305,Yankee Candle Large Jar Golden Flowers 538G,https://www.tesco.com/groceries/en-GB/shop/home-and-ents/all?department=Home%20Accessories&viewAll=department&page=,£15.00,£27.89/kg,Any 3 for 2 Clubcard Price - Cheapest Product Free - Selected Yankee Candle,,/groceries/en-GB/products/311253305,https://digitalcontent.api.tesco.com/v2/media/ghs/40401774-8022-4b9e-9cbb-6f59f510c6cb/219dbcfe-df15-4170-9780-32d2788e17ee_1499109330.jpeg?h=225&w=225,
310807557,Yankee Melt Burner & Wax Melt Gift Set,https://www.tesco.com/groceries/en-GB/shop/home-and-ents/all?department=Home%20Accessories&viewAll=department&page=,£14.00,£14.00/each,Any 3 for 2 Clubcard Price - Cheapest Product Free - Selected Yankee Candle,,/groceries/en-GB/products/310807557,https://digitalcontent.api.tesco.com/v2/media/ghs/1053a801-f526-486c-acc1-05a57e817e96/025a484a-73cf-4da2-9886-fba4508f4927_584957176.jpeg?h=225&w=225,
308499836,Natures Wick 284G Candle- Woodland Rose,https://www.tesco.com/groceries/en-GB/shop/home-and-ents/all?department=Home%20Accessories&viewAll=department&page=,£12.50,£44.02/kg,,,/groceries/en-GB/products/308499836,https://digitalcontent.api.tesco.com/v2/media/ghs/a793684a-c7c3-4c93-a501-e9f939e1320e/9b2e89a4-7a2c-4618-a57e-c9d3f6165444_496025171.jpeg?h=225&w=225,
311730524,Hinch Scented Candle Cotton Flower 400G,https://www.tesco.com/groceries/en-GB/shop/home-and-ents/all?department=Home%20Accessories&viewAll=department&page=,£12.00,£30.00/kg,£9.00 Clubcard Price,,/groceries/en-GB/products/311730524,https://digitalcontent.api.tesco.com/v2/media/ghs/85648c75-8698-4fa9-b718-79a3f7e92cb0/e0f379b8-c590-4770-ac22-0c9dd4409d79_603896099.jpeg?h=225&w=225,
311846557,Bayswood Artificial Succulent Garden Face Pot,https://www.tesco.com/groceries/en-GB/shop/home-and-ents/all?department=Home%20Accessories&viewAll=department&page=,£16.00,£16.00/each,£12.00 Clubcard Price,,/groceries/en-GB/products/311846557,https://digitalcontent.api.tesco.com/v2/media/ghs/c20f3999-d96f-4485-96da-c392eec3b6cd/a228e7a3-492b-4a47-8b26-a83e567b2e58_904185120.jpeg?h=225&w=225,
306828175,Bayswood Artificial Grass In Cement Pot,https://www.tesco.com/groceries/en-GB/shop/home-and-ents/all?department=Home%20Accessories&viewAll=department&page=,£16.00,£16.00/each,£12.00 Clubcard Price,,/groceries/en-GB/products/306828175,https://digitalcontent.api.tesco.com/v2/media/ghs/61dba4e7-fb53-4341-a3c4-0bc6e3bc9985/79674b8d-1fb6-4c84-bb9f-71b953f43c33_757854222.jpeg?h=225&w=225,
306119104,Yankee Candle Medium 340G Jar Happy Birthday,https://www.tesco.com/groceries/en-GB/shop/home-and-ents/all?department=Home%20Accessories&viewAll=department&page=,£12.00,£35.30/kg,Any 3 for 2 Clubcard Price - Cheapest Product Free - Selected Yankee Candle,,/groceries/en-GB/products/306119104,https://digitalcontent.api.tesco.com/v2/media/ghs/a51bbff5-2da7-48fa-bd28-ad03f8d1c645/7a7e8f10-8688-4af4-9788-60ee074a8c27_531282852.jpeg?h=225&w=225,
306119162,Yankee Medium Jar - With Love,https://www.tesco.com/groceries/en-GB/shop/home-and-ents/all?department=Home%20Accessories&viewAll=department&page=,£12.00,£35.30/kg,Any 3 for 2 Clubcard Price - Cheapest Product Free - Selected Yankee Candle,,/groceries/en-GB/products/306119162,https://digitalcontent.api.tesco.com/v2/media/ghs/886ee088-465f-4f73-a455-f080c265c81c/21e06be7-4fa2-4273-841e-66824d368f1c_1015574242.jpeg?h=225&w=225,
311846520,Bayswood Artificial Wild Floral In Churn,https://www.tesco.com/groceries/en-GB/shop/home-and-ents/all?department=Home%20Accessories&viewAll=department&page=,£14.00,£14.00/each,£10.50 Clubcard Price,,/groceries/en-GB/products/311846520,https://digitalcontent.api.tesco.com/v2/media/ghs/e331709a-d968-43a0-96b8-1f478d0523db/12cd62e8-feb0-4730-acb0-c2d3ef3f27a7_55125502.jpeg?h=225&w=225,
311846572,Bayswood Green Artificial Fern Reactive Glaze,https://www.tesco.com/groceries/en-GB/shop/home-and-ents/all?department=Home%20Accessories&viewAll=department&page=,£14.00,£14.00/each,£10.50 Clubcard Price,,/groceries/en-GB/products/311846572,https://digitalcontent.api.tesco.com/v2/media/ghs/60a45d13-020a-4e82-8812-f2e700fdcbae/9e7456bf-3712-4217-b755-c99769e4082c_2050743773.jpeg?h=225&w=225,
311564717,Tesco Spa Grey Candle Geranium & Lavender 440G,https://www.tesco.com/groceries/en-GB/shop/home-and-ents/all?department=Home%20Accessories&viewAll=department&page=,£10.00,£22.73/kg,,,/groceries/en-GB/products/311564717,https://digitalcontent.api.tesco.com/v2/media/ghs/03764e66-cb97-4c3e-921f-b2dd4cae6605/70bc878c-0975-4a7f-9584-1ffdf898c982_1687891388.jpeg?h=225&w=225,
310309162,Fox & Ivy Floral Set Of 3 Pillar Cnd- Rose & Sweet Pea,https://www.tesco.com/groceries/en-GB/shop/home-and-ents/all?department=Home%20Accessories&viewAll=department&page=,£10.00,£3.34/each,£7.50 Clubcard Price,,/groceries/en-GB/products/310309162,https://digitalcontent.api.tesco.com/v2/media/ghs/9674f24f-8fe9-4fe1-abad-3aa73a88c471/c879160a-7331-4f90-b6d2-29d5e9697ff3_1156506753.jpeg?h=225&w=225,
296225736,Yankee Candle Medium Jar Cosy Up,https://www.tesco.com/groceries/en-GB/shop/home-and-ents/all?department=Home%20Accessories&viewAll=department&page=,£12.00,£12.00/each,Any 3 for 2 Clubcard Price - Cheapest Product Free - Selected Yankee Candle,,/groceries/en-GB/products/296225736,https://digitalcontent.api.tesco.com/v2/media/ghs/8d148539-a3c9-4ee1-a495-40d46a09aa1d/f9876180-95dc-41ba-bbcf-d154d4891fd9_2116062814.jpeg?h=225&w=225,
311564409,Tesco Spa Green Clary Sage & Mandarin Diffuser 150Ml,https://www.tesco.com/groceries/en-GB/shop/home-and-ents/all?department=Home%20Accessories&viewAll=department&page=,£10.00,£66.67/litre,,,/groceries/en-GB/products/311564409,https://digitalcontent.api.tesco.com/v2/media/ghs/4935b324-4123-45c0-82f4-66bdf58706cc/0daca9b8-c016-4b75-8568-f7d6447acc62_934628397.jpeg?h=225&w=225,
306455857,Fox & Ivy Deco Decorative Tray Gold,https://www.tesco.com/groceries/en-GB/shop/home-and-ents/all?department=Home%20Accessories&viewAll=department&page=,£12.00,£12.00/each,£9.00 Clubcard Price,,/groceries/en-GB/products/306455857,https://digitalcontent.api.tesco.com/v2/media/ghs/8579e4eb-e8b9-4d2f-867a-fe982ba680c9/edfc10f8-e0cf-439a-a404-96c259c4302c_1152609232.jpeg?h=225&w=225,
310079628,Candlelight 50G Light Up Candle Mulled Wine,https://www.tesco.com/groceries/en-GB/shop/home-and-ents/all?department=Home%20Accessories&viewAll=department&page=,£8.50,£170.00/kg,,,/groceries/en-GB/products/310079628,https://digitalcontent.api.tesco.com/v2/media/ghs/d8358635-aed8-4ec9-a7a5-bcd9b4b0f412/0236cb62-474d-4378-a200-faedeab9b44f_931215851.jpeg?h=225&w=225,
296225483,Yankee Candle Medium Jar White Linen & Lace,https://www.tesco.com/groceries/en-GB/shop/home-and-ents/all?department=Home%20Accessories&viewAll=department&page=,£12.00,£115.39/kg,Any 3 for 2 Clubcard Price - Cheapest Product Free - Selected Yankee Candle,,/groceries/en-GB/products/296225483,https://digitalcontent.api.tesco.com/v2/media/ghs/0b612786-e239-48ce-84c0-bffdae647732/15da95b2-56cc-4a5f-be91-134d6addd800_1905734115.jpeg?h=225&w=225,
311392952,Fox & Ivy Navy Frame 5X7,https://www.tesco.com/groceries/en-GB/shop/home-and-ents/all?department=Home%20Accessories&viewAll=department&page=,£6.00,£6.00/each,£4.50 Clubcard Price,,/groceries/en-GB/products/311392952,https://digitalcontent.api.tesco.com/v2/media/ghs/5a2236b6-709c-4ed1-9be0-e538cce61fa0/fee6f1f3-3ec5-46e1-ac37-55b752cd5840_1535334320.jpeg?h=225&w=225,
311392883,Fox & Ivy Teal Frame 5X7,https://www.tesco.com/groceries/en-GB/shop/home-and-ents/all?department=Home%20Accessories&viewAll=department&page=,£6.00,£6.00/each,£4.50 Clubcard Price,,/groceries/en-GB/products/311392883,https://digitalcontent.api.tesco.com/v2/media/ghs/796c802b-acf6-4ec9-8daf-7a8b38c261c5/0f8932ed-932b-4ed0-89a6-4704e0d93402_503629506.jpeg?h=225&w=225,
296953415,Yankee Candle Large Jar Exotic Fruits,https://www.tesco.com/groceries/en-GB/shop/home-and-ents/all?department=Home%20Accessories&viewAll=department&page=,£15.00,£15.00/each,Any 3 for 2 Clubcard Price - Cheapest Product Free - Selected Yankee Candle,,/groceries/en-GB/products/296953415,https://digitalcontent.api.tesco.com/v2/media/ghs/cd0d3b65-3a9d-4adf-8ff7-b77597f3ae4d/4a4015e9-7119-4a6b-9790-82345d5cd17c_510307238.jpeg?h=225&w=225,
311730567,Hinch Cotton Flower Scented Candle 210G,https://www.tesco.com/groceries/en-GB/shop/home-and-ents/all?department=Home%20Accessories&viewAll=department&page=,£7.00,£33.34/kg,£5.25 Clubcard Price,,/groceries/en-GB/products/311730567,https://digitalcontent.api.tesco.com/v2/media/ghs/a584ae11-1d87-4114-b11b-aba2066ba5ee/3abcf2e5-bd5f-4c51-bc47-0ad803c6c77f_1733542143.jpeg?h=225&w=225,
307725364,Hinch Diffuser White Jsmme 100Ml,https://www.tesco.com/groceries/en-GB/shop/home-and-ents/all?department=Home%20Accessories&viewAll=department&page=,£10.00,£100.00/litre,£7.50 Clubcard Price,,/groceries/en-GB/products/307725364,https://digitalcontent.api.tesco.com/v2/media/ghs/260f0481-40e4-4292-ab9c-903a750c4cc1/abbe364b-acb6-4974-a8f4-d48353da7e36_1331392973.jpeg?h=225&w=225,
311393202,Fox & Ivy Bird Cushion,https://www.tesco.com/groceries/en-GB/shop/home-and-ents/all?department=Home%20Accessories&viewAll=department&page=,£7.00,£7.00/each,,,/groceries/en-GB/products/311393202,https://digitalcontent.api.tesco.com/v2/media/ghs/05ed0ca2-c1cf-450e-aada-b3e2fd4d9a75/c54c29f4-dafe-4bdb-a566-f1f57cfc2108_933687712.jpeg?h=225&w=225,
310334557,Tesco Scented Candle Rhubarb & Elderberry 490G,https://www.tesco.com/groceries/en-GB/shop/home-and-ents/all?department=Home%20Accessories&viewAll=department&page=,£6.00,£12.25/kg,,,/groceries/en-GB/products/310334557,https://digitalcontent.api.tesco.com/v2/media/ghs/531b1a3e-6015-4d2d-87dc-d6d6f70a56f2/24b371e6-106c-463c-a468-d5314fe668b6_895079417.jpeg?h=225&w=225,
310307348,Hinch White Ceramic Planter,https://www.tesco.com/groceries/en-GB/shop/home-and-ents/all?department=Home%20Accessories&viewAll=department&page=,£8.00,£8.00/each,,,/groceries/en-GB/products/310307348,https://digitalcontent.api.tesco.com/v2/media/ghs/d8c82c46-565f-4706-a20c-9138f9f619b2/e9e3a273-fe5c-497a-a340-f3dd24bc2d2e_1070258115.jpeg?h=225&w=225,
311392819,Hinch Two Tone Ceramic Vase,https://www.tesco.com/groceries/en-GB/shop/home-and-ents/all?department=Home%20Accessories&viewAll=department&page=,£8.00,£8.00/each,,,/groceries/en-GB/products/311392819,https://digitalcontent.api.tesco.com/v2/media/ghs/0032db81-9f9c-453e-9512-ec0e3bf0263d/c6fdf6f7-0714-426c-b623-bc43dab9f9ac_1214298161.jpeg?h=225&w=225,
310334540,Tesco Scented Candle Mango & Pineapple 490G,https://www.tesco.com/groceries/en-GB/shop/home-and-ents/all?department=Home%20Accessories&viewAll=department&page=,£6.00,£12.25/kg,,,/groceries/en-GB/products/310334540,https://digitalcontent.api.tesco.com/v2/media/ghs/445a311d-083b-4f03-8b62-b9bfe5bc6cbb/7d11d83d-e411-443f-8ec9-68724d4c0fe3_1305937036.jpeg?h=225&w=225,
310308693,Tesco Wellbeing Candle Ceramic Grapefruit & Raspberry 230G,https://www.tesco.com/groceries/en-GB/shop/home-and-ents/all?department=Home%20Accessories&viewAll=department&page=,£5.00,£21.74/kg,£3.75 Clubcard Price,,/groceries/en-GB/products/310308693,https://digitalcontent.api.tesco.com/v2/media/ghs/b91ee569-ba74-4a51-a29f-f33fed3c5fb1/24b32713-d2cc-4a12-93f2-8c42e6faa982_1014676959.jpeg?h=225&w=225,
310807407,Yankee Candle Small 104G Jar- Duvet Day,https://www.tesco.com/groceries/en-GB/shop/home-and-ents/all?department=Home%20Accessories&viewAll=department&page=,£5.50,£52.89/kg,Any 3 for 2 Clubcard Price - Cheapest Product Free - Selected Yankee Candle,,/groceries/en-GB/products/310807407,https://digitalcontent.api.tesco.com/v2/media/ghs/bd22a0e7-e8d0-405e-9cac-2fc87c399fc1/7844af13-d578-4f69-95e5-2d02e537a9e5_1905188563.jpeg?h=225&w=225,
304320640,Yankee Candle Small 104G Jar Sugared Blossom,https://www.tesco.com/groceries/en-GB/shop/home-and-ents/all?department=Home%20Accessories&viewAll=department&page=,£5.50,£52.89/kg,Any 3 for 2 Clubcard Price - Cheapest Product Free - Selected Yankee Candle,,/groceries/en-GB/products/304320640,https://digitalcontent.api.tesco.com/v2/media/ghs/0156029f-31d9-486d-8b31-08788874bfa2/021d9552-a756-444c-ad61-c920719840b7_1945656113.jpeg?h=225&w=225,
311564559,Tesco Rhubarb & Elderberry Diffuser 100Ml,https://www.tesco.com/groceries/en-GB/shop/home-and-ents/all?department=Home%20Accessories&viewAll=department&page=,£4.50,£45.00/litre,,,/groceries/en-GB/products/311564559,https://digitalcontent.api.tesco.com/v2/media/ghs/6bc0a97f-23d4-4691-9019-2d5d6016cb00/703c16d6-ae6c-411c-bdcd-a73a39707069_618711254.jpeg?h=225&w=225,
307725335,Hinch Fragranced Candle Spring Flowers 215G,https://www.tesco.com/groceries/en-GB/shop/home-and-ents/all?department=Home%20Accessories&viewAll=department&page=,£6.00,£27.91/kg,£4.50 Clubcard Price,,/groceries/en-GB/products/307725335,https://digitalcontent.api.tesco.com/v2/media/ghs/83461441-24c9-4de1-ba46-4b691dc48686/a9e4246e-b87f-483b-b71a-30020a60f47a_1351341142.jpeg?h=225&w=225,
311393876,Tesco Graphite Cushion Cover,https://www.tesco.com/groceries/en-GB/shop/home-and-ents/all?department=Home%20Accessories&viewAll=department&page=,£4.00,£4.00/each,,,/groceries/en-GB/products/311393876,https://digitalcontent.api.tesco.com/v2/media/ghs/58994d57-35a2-43fe-8041-3d2d522acb12/d94993d9-3af7-486d-98e6-428f94eacbd6_1619939841.jpeg?h=225&w=225,
311730599,Hinch Pre-Scnted Reeds Refill Eucalyptus & White Tea,https://www.tesco.com/groceries/en-GB/shop/home-and-ents/all?department=Home%20Accessories&viewAll=department&page=,£4.00,£0.67/each,£3.00 Clubcard Price,,/groceries/en-GB/products/311730599,https://digitalcontent.api.tesco.com/v2/media/ghs/1cb660ae-e69e-4c5b-a095-9947fbac0f6b/f22a5640-4ffa-478f-bd63-2ac86a1a10f9_1861137011.jpeg?h=225&w=225,
311730607,Hinch Pre-Scnted Reeds Refill Cotton Flower,https://www.tesco.com/groceries/en-GB/shop/home-and-ents/all?department=Home%20Accessories&viewAll=department&page=,£4.00,£0.67/each,£3.00 Clubcard Price,,/groceries/en-GB/products/311730607,https://digitalcontent.api.tesco.com/v2/media/ghs/6c6446aa-c877-4115-9043-95e2829f231a/4a427083-6c1e-4652-becd-c7ad666e29c7_1885418313.jpeg?h=225&w=225,
310882702,Foliages Artifloral Tiger Tail,https://www.tesco.com/groceries/en-GB/shop/home-and-ents/all?department=Home%20Accessories&viewAll=department&page=,£5.00,£5.00/each,£3.75 Clubcard Price,,/groceries/en-GB/products/310882702,https://digitalcontent.api.tesco.com/v2/media/ghs/fc20e2aa-a174-4cc8-8c89-39b19f283519/e1a3e529-b045-42d9-bc71-ac5287153bb4_939171998.jpeg?h=225&w=225,
310334471,Tesco Scented Candle Mango & Pineapple 285G,https://www.tesco.com/groceries/en-GB/shop/home-and-ents/all?department=Home%20Accessories&viewAll=department&page=,£4.00,£14.04/kg,,,/groceries/en-GB/products/310334471,https://digitalcontent.api.tesco.com/v2/media/ghs/63228ee2-1892-4bab-a626-8c77136d4fc2/b007944f-6495-4a73-96e7-4bbaaae67344_797949694.jpeg?h=225&w=225,
311393185,Fox & Ivy Navy Faux Rabbit Fur Throw,https://www.tesco.com/groceries/en-GB/shop/home-and-ents/all?department=Home%20Accessories&viewAll=department&page=,£25.00,£25.00/each,,,/groceries/en-GB/products/311393185,https://digitalcontent.api.tesco.com/v2/media/ghs/e6636953-9243-408d-895c-0f394463e02c/7fefd290-5f3c-4a93-842b-1121aa119f0a_1943486657.jpeg?h=225&w=225,
310146486,Yankee Candle Aromatherapy Diffuser Kit Black Cherry,https://www.tesco.com/groceries/en-GB/shop/home-and-ents/all?department=Home%20Accessories&viewAll=department&page=,£28.00,£28.00/each,Any 3 for 2 Clubcard Price - Cheapest Product Free - Selected Yankee Candle,,/groceries/en-GB/products/310146486,https://digitalcontent.api.tesco.com/v2/media/ghs/f82f1988-cd5a-46c6-8587-f5d3efb11d84/1d662ac4-ac47-4371-a340-9801fec4601b_1392247810.jpeg?h=225&w=225,
306752959,Nature Wick Scented Candle Cashmere Wool,https://www.tesco.com/groceries/en-GB/shop/home-and-ents/all?department=Home%20Accessories&viewAll=department&page=,£12.50,£12.50/each,,,/groceries/en-GB/products/306752959,https://digitalcontent.api.tesco.com/v2/media/ghs/a310fe35-32bf-431c-97a3-9178fa5d569d/58283ec9-7d15-45e4-a4f5-74f519155338_1256040403.jpeg?h=225&w=225,
311780458,Himalayan Salt Lamp,https://www.tesco.com/groceries/en-GB/shop/home-and-ents/all?department=Home%20Accessories&viewAll=department&page=,£20.00,£20.00/each,,,/groceries/en-GB/products/311780458,https://digitalcontent.api.tesco.com/v2/media/ghs/05577aca-6cb3-4e95-bfdf-1d0b3426cdf1/e929476f-c72f-4899-9ef7-072ec2092817_128720915.jpeg?h=225&w=225,
310807603,Natures Wick Multi Wick Candle Orange Papaya 433G,https://www.tesco.com/groceries/en-GB/shop/home-and-ents/all?department=Home%20Accessories&viewAll=department&page=,£16.50,£38.11/kg,,,/groceries/en-GB/products/310807603,https://digitalcontent.api.tesco.com/v2/media/ghs/bb0f148d-af73-4c2c-855f-516eda344b55/60214725-3166-434b-8d7c-1b9b0d14dcf8_299372126.jpeg?h=225&w=225,
311394011,Tesco Teal Oversized Super Soft Throw,https://www.tesco.com/groceries/en-GB/shop/home-and-ents/all?department=Home%20Accessories&viewAll=department&page=,£12.00,£12.00/each,,,/groceries/en-GB/products/311394011,https://digitalcontent.api.tesco.com/v2/media/ghs/a93924eb-e6dd-4edc-9540-36bf10fa8f92/ec8b5ce2-c6f9-4051-8f8d-32bd3c774f8a_276630018.jpeg?h=225&w=225,
311392923,Fox & Ivy Highland Cow Calendar Block,https://www.tesco.com/groceries/en-GB/shop/home-and-ents/all?department=Home%20Accessories&viewAll=department&page=,£10.00,£10.00/each,£7.50 Clubcard Price,,/groceries/en-GB/products/311392923,https://digitalcontent.api.tesco.com/v2/media/ghs/35eb3271-b2e7-456b-9a4a-a56fde0d2052/3afb26fa-166d-4f58-929b-8e5b4498eec9_22850832.jpeg?h=225&w=225,
310807563,Natures Wick Candle Lav&Oat Milk 284G,https://www.tesco.com/groceries/en-GB/shop/home-and-ents/all?department=Home%20Accessories&viewAll=department&page=,£12.50,£44.02/kg,,,/groceries/en-GB/products/310807563,https://digitalcontent.api.tesco.com/v2/media/ghs/107d2dfd-a58d-49c0-b44f-f2bc462e64c3/1c411a6d-e4f1-49a3-90e2-59834f4138da_303163772.jpeg?h=225&w=225,
307446377,Fox And Ivy Daydream Fur Rug Ivory,https://www.tesco.com/groceries/en-GB/shop/home-and-ents/all?department=Home%20Accessories&viewAll=department&page=,£12.00,£12.00/each,,,/groceries/en-GB/products/307446377,https://digitalcontent.api.tesco.com/v2/media/ghs/f9c523a7-8e85-4542-80c3-0249eaac635f/3d0d147e-137e-481d-9c65-1ea858cbd1b2_2030028491.jpeg?h=225&w=225,
310372298,Hinch Relaxed Diffuser-Rse Milk 100Ml,https://www.tesco.com/groceries/en-GB/shop/home-and-ents/all?department=Home%20Accessories&viewAll=department&page=,£10.00,£100.00/litre,,,/groceries/en-GB/products/310372298,https://digitalcontent.api.tesco.com/v2/media/ghs/0a791223-da96-4ac6-b043-768d426d59ea/e2d3a6d1-4873-4c8e-b32c-2acb838e539e_1859843113.jpeg?h=225&w=225,
310730261,Bayswood Artificial Snake Plant,https://www.tesco.com/groceries/en-GB/shop/home-and-ents/all?department=Home%20Accessories&viewAll=department&page=,£16.00,£16.00/each,£12.00 Clubcard Price,,/groceries/en-GB/products/310730261,https://digitalcontent.api.tesco.com/v2/media/ghs/d2344adc-2768-4175-9917-17b2bb1820f0/97c6e0da-291f-443f-837b-87c8dcbba616_1815995581.jpeg?h=225&w=225,
310730134,Bayswood Artificial Olive Tree,https://www.tesco.com/groceries/en-GB/shop/home-and-ents/all?department=Home%20Accessories&viewAll=department&page=,£16.00,£16.00/each,£12.00 Clubcard Price,,/groceries/en-GB/products/310730134,https://digitalcontent.api.tesco.com/v2/media/ghs/a0fe1ac0-be09-4df6-9131-6141ab96612c/9804b200-0a74-48d0-bead-8b3fe065e9f7_1319675512.jpeg?h=225&w=225,
311846595,Bayswood Artificial Autumnal Plant,https://www.tesco.com/groceries/en-GB/shop/home-and-ents/all?department=Home%20Accessories&viewAll=department&page=,£16.00,£16.00/each,£12.00 Clubcard Price,,/groceries/en-GB/products/311846595,https://digitalcontent.api.tesco.com/v2/media/ghs/241069b1-fe99-472f-9f97-200f602f9e43/aba229b6-899f-479c-88b8-029d887e4021_455183860.jpeg?h=225&w=225,
310730301,Bayswood,https://www.tesco.com/groceries/en-GB/shop/home-and-ents/all?department=Home%20Accessories&viewAll=department&page=,£15.00,£15.00/each,£11.00 Clubcard Price,,/groceries/en-GB/products/310730301,https://digitalcontent.api.tesco.com/v2/media/ghs/f61ae2de-8318-438d-bbc6-1f46ef6ba030/55d932d1-fe38-4711-9059-695ba91a2548_212342308.jpeg?h=225&w=225,
309407749,Pampas In Cream Vase,https://www.tesco.com/groceries/en-GB/shop/home-and-ents/all?department=Home%20Accessories&viewAll=department&page=,£16.00,£16.00/each,£12.00 Clubcard Price,,/groceries/en-GB/products/309407749,https://digitalcontent.api.tesco.com/v2/media/ghs/30ce03d7-de1d-467d-bd0b-547405e7454f/ccb4a8e1-3fd2-4e9c-a83f-927ff0b0298c_61241691.jpeg?h=225&w=225,
310372528,Tesco Timeless M- Wick Cnd-Mandrn Lime&Basil 700G,https://www.tesco.com/groceries/en-GB/shop/home-and-ents/all?department=Home%20Accessories&viewAll=department&page=,£10.00,£14.29/kg,,,/groceries/en-GB/products/310372528,https://digitalcontent.api.tesco.com/v2/media/ghs/3018606f-18f5-43ec-af4c-3a5b61b3dbdc/69fac854-e449-4797-8d53-018e4b3507a5_1355552911.jpeg?h=225&w=225,
311392900,Fox & Ivy Squirrel Objet,https://www.tesco.com/groceries/en-GB/shop/home-and-ents/all?department=Home%20Accessories&viewAll=department&page=,£7.00,£7.00/each,£5.25 Clubcard Price,,/groceries/en-GB/products/311392900,https://digitalcontent.api.tesco.com/v2/media/ghs/3126ac86-9c49-4889-a268-1f1285f01fd2/69dccbfc-fc73-4feb-9ea8-377ed249c08d_521983508.jpeg?h=225&w=225,
307808186,Yankee Candle Large 538G Jar Mango Lemonade,https://www.tesco.com/groceries/en-GB/shop/home-and-ents/all?department=Home%20Accessories&viewAll=department&page=,£15.00,£27.89/kg,Any 3 for 2 Clubcard Price - Cheapest Product Free - Selected Yankee Candle,,/groceries/en-GB/products/307808186,https://digitalcontent.api.tesco.com/v2/media/ghs/ab8fd377-6bad-4732-a8e7-045c2f980f81/755714e5-9a49-499b-b743-9182b983138d_568144407.jpeg?h=225&w=225,
311846635,Bayswood Blue Glaze Artificial Orchid,https://www.tesco.com/groceries/en-GB/shop/home-and-ents/all?department=Home%20Accessories&viewAll=department&page=,£12.00,£12.00/each,£9.00 Clubcard Price,,/groceries/en-GB/products/311846635,https://digitalcontent.api.tesco.com/v2/media/ghs/32d0bc14-6a83-405b-9ad7-deecf1810928/60375e6c-3fb4-40fd-bfaa-caf64dbae4d9_558758322.jpeg?h=225&w=225,
310307331,Hinch White Ceramic Vase,https://www.tesco.com/groceries/en-GB/shop/home-and-ents/all?department=Home%20Accessories&viewAll=department&page=,£12.00,£12.00/each,£9.00 Clubcard Price,,/groceries/en-GB/products/310307331,https://digitalcontent.api.tesco.com/v2/media/ghs/e04ea4f6-ff39-4047-8d64-2ae29b38b880/0d3d7f38-5efc-48cf-9683-1888d0732cd9_1837872965.jpeg?h=225&w=225,
311393127,Fox & Ivy Highland Cow Cushion,https://www.tesco.com/groceries/en-GB/shop/home-and-ents/all?department=Home%20Accessories&viewAll=department&page=,£9.00,£9.00/each,,,/groceries/en-GB/products/311393127,https://digitalcontent.api.tesco.com/v2/media/ghs/feba9596-6b36-4eb5-861f-00c775d56577/494d7d4d-414a-4bb8-8c42-b513d61a0ac9_345700358.jpeg?h=225&w=225,
311564726,Fox & Ivy Belonging Diffuser Smoked Nutmeg 100Ml,https://www.tesco.com/groceries/en-GB/shop/home-and-ents/all?department=Home%20Accessories&viewAll=department&page=,£9.00,£90.00/litre,,,/groceries/en-GB/products/311564726,https://digitalcontent.api.tesco.com/v2/media/ghs/737f4adf-4107-4655-9b79-d8ee855b85e1/350c1f92-f1b9-4ed0-ad81-4609be45fdb7_1143579477.jpeg?h=225&w=225,
307808163,Yankee Candle Medium 340G Jar Mango Lemonade,https://www.tesco.com/groceries/en-GB/shop/home-and-ents/all?department=Home%20Accessories&viewAll=department&page=,£12.00,£35.30/kg,Any 3 for 2 Clubcard Price - Cheapest Product Free - Selected Yankee Candle,,/groceries/en-GB/products/307808163,https://digitalcontent.api.tesco.com/v2/media/ghs/d08e693c-2368-4b69-861d-564f1b93867b/8877578f-cda7-451f-b9da-7c11993ef8fc_699067215.jpeg?h=225&w=225,
310279962,Fox & Ivy Sunny Yellow Blue Vase,https://www.tesco.com/groceries/en-GB/shop/home-and-ents/all?department=Home%20Accessories&viewAll=department&page=,£6.00,£6.00/each,£4.50 Clubcard Price,,/groceries/en-GB/products/310279962,https://digitalcontent.api.tesco.com/v2/media/ghs/c1d27058-6dcd-436d-829f-a329ffc29bba/f5e2fcd0-df97-4b37-a61c-81ad6f21da16_1752043566.jpeg?h=225&w=225,
311951343,Candlelight Blue/Green Lightup Candle 390G,https://www.tesco.com/groceries/en-GB/shop/home-and-ents/all?department=Home%20Accessories&viewAll=department&page=,£8.50,£21.80/kg,£6.35 Clubcard Price,,/groceries/en-GB/products/311951343,https://digitalcontent.api.tesco.com/v2/media/ghs/27e88d9a-3ac1-41ac-9113-d378dd585e15/e795712a-30bc-424f-aa7b-52a333ae03c2_736585616.jpeg?h=225&w=225,
311393974,Tesco Olive Jumbo Cord Cushion,https://www.tesco.com/groceries/en-GB/shop/home-and-ents/all?department=Home%20Accessories&viewAll=department&page=,£8.00,£8.00/each,,,/groceries/en-GB/products/311393974,https://digitalcontent.api.tesco.com/v2/media/ghs/480b9618-0733-4946-9651-f6e7e8b7b050/61cb511a-b8ff-4563-84d0-5cceca1a57a3_626225002.jpeg?h=225&w=225,
311808301,Wax Lyrical Midnight Calm Pot Pourri 400G,https://www.tesco.com/groceries/en-GB/shop/home-and-ents/all?department=Home%20Accessories&viewAll=department&page=,£8.00,£20.00/kg,,,/groceries/en-GB/products/311808301,https://digitalcontent.api.tesco.com/v2/media/ghs/c46b8244-ab45-497e-91f8-2b2d0256fa55/64832b50-380d-455e-879f-fb18fd0c513e_1768415053.jpeg?h=225&w=225,
310310096,Tesco Apothecary 2 Pack Diff-Hemp Flwr&Musk 40Ml,https://www.tesco.com/groceries/en-GB/shop/home-and-ents/all?department=Home%20Accessories&viewAll=department&page=,£8.00,£4.00/each,£6.00 Clubcard Price,,/groceries/en-GB/products/310310096,https://digitalcontent.api.tesco.com/v2/media/ghs/37f31bfd-d9d8-4049-80a3-d67872da4d71/ae678806-17ed-4fec-bb79-b6417d7be851_1660037078.jpeg?h=225&w=225,
311730553,Hinch Eucalyptus & White Tea Candle Small 210G,https://www.tesco.com/groceries/en-GB/shop/home-and-ents/all?department=Home%20Accessories&viewAll=department&page=,£7.00,£33.34/kg,,,/groceries/en-GB/products/311730553,https://digitalcontent.api.tesco.com/v2/media/ghs/7f03f094-29ba-4a61-a53d-bc18071b7889/00c8b09f-f124-4962-8b81-f1cb696c1a55_488997491.jpeg?h=225&w=225,
307725370,Hinch 100Ml Diffuser Spring Flowers,https://www.tesco.com/groceries/en-GB/shop/home-and-ents/all?department=Home%20Accessories&viewAll=department&page=,£10.00,£100.00/litre,£7.50 Clubcard Price,,/groceries/en-GB/products/307725370,https://digitalcontent.api.tesco.com/v2/media/ghs/e64d314e-84b1-419d-9bf2-dccc5fa95a55/9548f88f-00d0-4dc9-9352-3092738a84d4_409347890.jpeg?h=225&w=225,
309293339,Bayswood Floral String Of Hearts,https://www.tesco.com/groceries/en-GB/shop/home-and-ents/all?department=Home%20Accessories&viewAll=department&page=,£9.00,£9.00/each,£6.75 Clubcard Price,,/groceries/en-GB/products/309293339,https://digitalcontent.api.tesco.com/v2/media/ghs/3c7b4d38-d606-4b3e-8b55-873135b3f716/0393a628-72b9-4d5d-bee0-333702b8c229_1310428481.jpeg?h=225&w=225,
311564749,Tesco Wire Wax Melt Burner,https://www.tesco.com/groceries/en-GB/shop/home-and-ents/all?department=Home%20Accessories&viewAll=department&page=,£7.00,£7.00/each,,,/groceries/en-GB/products/311564749,https://digitalcontent.api.tesco.com/v2/media/ghs/cbcaf8f4-6bf3-472c-9465-a10c2f4e0295/595863c4-4b88-4e87-97d4-cc580389df7d_1905982685.jpeg?h=225&w=225,
310308975,Fox & Ivy Floral 210G Candle Wild Rose & Sweet Pea,https://www.tesco.com/groceries/en-GB/shop/home-and-ents/all?department=Home%20Accessories&viewAll=department&page=,£6.00,£28.58/kg,£4.50 Clubcard Price,,/groceries/en-GB/products/310308975,https://digitalcontent.api.tesco.com/v2/media/ghs/992e04bb-9f17-491b-92af-421f6711fe37/d48a7ecf-6d96-4a08-8512-f104609fa8a3_1764953891.jpeg?h=225&w=225,
311730449,Fox & Ivy Floral Winter Flowering Iris Candle 210G,https://www.tesco.com/groceries/en-GB/shop/home-and-ents/all?department=Home%20Accessories&viewAll=department&page=,£6.00,£28.58/kg,£4.50 Clubcard Price,,/groceries/en-GB/products/311730449,https://digitalcontent.api.tesco.com/v2/media/ghs/98d33624-47b9-49a1-bad7-f17794c66af4/59d6c68f-f4e9-4d37-898c-f91aef9c6630_1746524938.jpeg?h=225&w=225,
310308923,Fox & Ivy Floral 210G Candle Meadow Poppy & Daisy,https://www.tesco.com/groceries/en-GB/shop/home-and-ents/all?department=Home%20Accessories&viewAll=department&page=,£6.00,£28.58/kg,£4.50 Clubcard Price,,/groceries/en-GB/products/310308923,https://digitalcontent.api.tesco.com/v2/media/ghs/f2a1df35-44a1-4156-83ee-03569450f550/173000e8-013a-4de7-ab7b-642983ca313b_51807824.jpeg?h=225&w=225,
310308733,Tesco Wellbeing 2 Pack Diffusing Chamomile & Blonde Wood 40Ml,https://www.tesco.com/groceries/en-GB/shop/home-and-ents/all?department=Home%20Accessories&viewAll=department&page=,£6.00,£3.00/each,£4.50 Clubcard Price,,/groceries/en-GB/products/310308733,https://digitalcontent.api.tesco.com/v2/media/ghs/1fc3266e-f3cc-4610-9542-1340f38197d8/aa4ca8a0-0df6-427a-b1d8-3f70a9bfe7ae_150173789.jpeg?h=225&w=225,
310172811,Yankee Pink Sands Aromatherapy Oil 10Ml,https://www.tesco.com/groceries/en-GB/shop/home-and-ents/all?department=Home%20Accessories&viewAll=department&page=,£6.00,£600.00/litre,Any 3 for 2 Clubcard Price - Cheapest Product Free - Selected Yankee Candle,,/groceries/en-GB/products/310172811,https://digitalcontent.api.tesco.com/v2/media/ghs/011654cf-a672-41ef-a1ee-ac3e45a7a3c9/d013c9c0-9979-45ca-b57a-5e60073e1052_1046384119.jpeg?h=225&w=225,
310187828,Yankee Black Cherry Aromatherapy Oil 10Ml,https://www.tesco.com/groceries/en-GB/shop/home-and-ents/all?department=Home%20Accessories&viewAll=department&page=,£6.00,£600.00/litre,Any 3 for 2 Clubcard Price - Cheapest Product Free - Selected Yankee Candle,,/groceries/en-GB/products/310187828,https://digitalcontent.api.tesco.com/v2/media/ghs/eccbec19-3fb0-4559-9466-f5c11adf8d1d/33cbe6a3-7595-4b47-922d-b3efe2cd7912_11458549.jpeg?h=225&w=225,
310882731,Foliages Artfloral Boxwood Grass,https://www.tesco.com/groceries/en-GB/shop/home-and-ents/all?department=Home%20Accessories&viewAll=department&page=,£6.00,£6.00/each,£4.50 Clubcard Price,,/groceries/en-GB/products/310882731,https://digitalcontent.api.tesco.com/v2/media/ghs/df337e30-98b8-4303-9257-f3d401c250c5/4cb418ba-a2f0-463c-b5ca-2111f5715c4a_855246428.jpeg?h=225&w=225,
311529527,Tesco Winter Fruits Diffuser Blackberry 100Ml,https://www.tesco.com/groceries/en-GB/shop/home-and-ents/all?department=Home%20Accessories&viewAll=department&page=,£5.00,£50.00/litre,,,/groceries/en-GB/products/311529527,https://digitalcontent.api.tesco.com/v2/media/ghs/734865e6-7db3-4abc-83d1-38f674a7c363/a8670ecb-138e-4ee3-acbb-8a1a0bcc2670_118398387.jpeg?h=225&w=225,
311730582,Hinch Pre-Scnted Reeds Refill Soft Pampas,https://www.tesco.com/groceries/en-GB/shop/home-and-ents/all?department=Home%20Accessories&viewAll=department&page=,£4.00,£0.67/each,£3.00 Clubcard Price,,/groceries/en-GB/products/311730582,https://digitalcontent.api.tesco.com/v2/media/ghs/7be723e8-1b77-4272-bc18-03d0b0962b92/3041bc5a-7ffa-41fc-b41f-dd208fbf26e8_1468532033.jpeg?h=225&w=225,
311371925,Tesco Photo Frame 2 In 1 Pink,https://www.tesco.com/groceries/en-GB/shop/home-and-ents/all?department=Home%20Accessories&viewAll=department&page=,£3.00,£3.00/each,£2.25 Clubcard Price,,/groceries/en-GB/products/311371925,https://digitalcontent.api.tesco.com/v2/media/ghs/210735a1-9ea0-4592-acd8-a76c110418e9/a460df51-f04d-4757-ba0e-f7966ef675c8_315610909.jpeg?h=225&w=225,
311846543,Bayswood Ombre Artificial Succulent Pot,https://www.tesco.com/groceries/en-GB/shop/home-and-ents/all?department=Home%20Accessories&viewAll=department&page=,£5.00,£5.00/each,£3.75 Clubcard Price,,/groceries/en-GB/products/311846543,https://digitalcontent.api.tesco.com/v2/media/ghs/978faf6d-2f41-4081-8418-9dac18f5fdd6/df0f626b-fbd0-4cf6-9bf7-0cb883cfe99c_1114875874.jpeg?h=225&w=225,
307725341,Hinch Fragranced Candle Lavender Blossom 215G,https://www.tesco.com/groceries/en-GB/shop/home-and-ents/all?department=Home%20Accessories&viewAll=department&page=,£6.00,£27.91/kg,£4.50 Clubcard Price,,/groceries/en-GB/products/307725341,https://digitalcontent.api.tesco.com/v2/media/ghs/854110e7-702d-4f10-b597-e4df32780dc2/f1f9d6b0-3430-4fb2-9e25-f619725dedb2_1298416023.jpeg?h=225&w=225,
311529429,Tesco Winter Fruits Ceramic Candle Pomegrante 80G,https://www.tesco.com/groceries/en-GB/shop/home-and-ents/all?department=Home%20Accessories&viewAll=department&page=,£4.50,£56.25/kg,,,/groceries/en-GB/products/311529429,https://digitalcontent.api.tesco.com/v2/media/ghs/31787fa9-ded1-458b-b0a5-0263b1119756/3b98d060-fa6e-4ee8-94da-2ea03f6c6f96_322662956.jpeg?h=225&w=225,
311529441,Tesco Winter Fruits Ceramic Candle Blackberry 80G,https://www.tesco.com/groceries/en-GB/shop/home-and-ents/all?department=Home%20Accessories&viewAll=department&page=,£4.50,£56.25/kg,,,/groceries/en-GB/products/311529441,https://digitalcontent.api.tesco.com/v2/media/ghs/efcfbd06-9e35-45d2-85b4-59810df7fbc2/3b95474c-befe-46ce-a7e9-ba88a9f2a2bc_1980926424.jpeg?h=225&w=225,
306752966,Nature Wick Scented Candle Smoked Vanilla,https://www.tesco.com/groceries/en-GB/shop/home-and-ents/all?department=Home%20Accessories&viewAll=department&page=,£12.50,£12.50/each,,,/groceries/en-GB/products/306752966,https://digitalcontent.api.tesco.com/v2/media/ghs/31850267-f5e1-4e2b-97cc-4064f84d3a51/2a14f5ef-a9c0-461a-a619-3af077b883b1_1034944980.jpeg?h=225&w=225,
309524132,Natures Wick Multi Wick Candle Wild Honey,https://www.tesco.com/groceries/en-GB/shop/home-and-ents/all?department=Home%20Accessories&viewAll=department&page=,£16.50,£16.50/each,,,/groceries/en-GB/products/309524132,https://digitalcontent.api.tesco.com/v2/media/ghs/cfe72494-a294-4687-b0e2-4ecfe517e4ca/06166af0-fe4b-4f3d-ae6f-c16d2293497f_1581454840.jpeg?h=225&w=225,
311393029,Fox & Ivy Hedgehog Doorstop,https://www.tesco.com/groceries/en-GB/shop/home-and-ents/all?department=Home%20Accessories&viewAll=department&page=,£12.00,£12.00/each,,,/groceries/en-GB/products/311393029,https://digitalcontent.api.tesco.com/v2/media/ghs/acda2024-f6e5-4817-9726-cb9d96447033/07f987d2-0876-48af-90de-6858dd7e0f60_1423590848.jpeg?h=225&w=225,
310310038,Fox & Ivy Black Planter,https://www.tesco.com/groceries/en-GB/shop/home-and-ents/all?department=Home%20Accessories&viewAll=department&page=,£10.00,£10.00/each,£7.50 Clubcard Price,,/groceries/en-GB/products/310310038,https://digitalcontent.api.tesco.com/v2/media/ghs/47952636-84ca-463f-8da3-e8a9ee55e218/edc586ac-da94-46ad-9b7a-8b30765235f1_693553384.jpeg?h=225&w=225,
297119204,Yankee Candle Large Jar Candy Cane Forest 538G,https://www.tesco.com/groceries/en-GB/shop/home-and-ents/all?department=Home%20Accessories&viewAll=department&page=,£15.00,£27.89/kg,Any 3 for 2 Clubcard Price - Cheapest Product Free - Selected Yankee Candle,,/groceries/en-GB/products/297119204,https://digitalcontent.api.tesco.com/v2/media/ghs/53d95f2d-1082-47f9-9a5f-ec0cfc597579/snapshotimagehandler_518063466.jpeg?h=225&w=225,
311846514,Bayswood Artificial Cotton In Vase,https://www.tesco.com/groceries/en-GB/shop/home-and-ents/all?department=Home%20Accessories&viewAll=department&page=,£18.00,£18.00/each,£13.50 Clubcard Price,,/groceries/en-GB/products/311846514,https://digitalcontent.api.tesco.com/v2/media/ghs/734f57c6-702f-47fa-baac-bb411cc55ce3/7ba26e7c-9816-4517-862f-ec5764cdb8b6_2013421547.jpeg?h=225&w=225,
310807577,Natures Wick Candle Orange Papaya 284G,https://www.tesco.com/groceries/en-GB/shop/home-and-ents/all?department=Home%20Accessories&viewAll=department&page=,£12.50,£44.02/kg,,,/groceries/en-GB/products/310807577,https://digitalcontent.api.tesco.com/v2/media/ghs/d06693c3-9db5-4328-b30d-6650a11ad5e2/242a7264-914e-467a-89f3-ad7c128deab3_578562941.jpeg?h=225&w=225,
306752989,Nature Wick Scented Candle Sage & White Pepper,https://www.tesco.com/groceries/en-GB/shop/home-and-ents/all?department=Home%20Accessories&viewAll=department&page=,£12.50,£12.50/each,,,/groceries/en-GB/products/306752989,https://digitalcontent.api.tesco.com/v2/media/ghs/e5408af5-8cf9-49e2-bea6-849723290600/c049f0ee-fd7a-4eee-86e3-3d58cb0d8791_1842967627.jpeg?h=225&w=225,
311846589,Bayswood Artificial Berries Plant,https://www.tesco.com/groceries/en-GB/shop/home-and-ents/all?department=Home%20Accessories&viewAll=department&page=,£16.00,£16.00/each,£12.00 Clubcard Price,,/groceries/en-GB/products/311846589,https://digitalcontent.api.tesco.com/v2/media/ghs/f80309ef-5d9e-41b7-8bd1-601f00f9777f/666d49f3-59ac-44cb-a873-238ffa967d36_714810078.jpeg?h=225&w=225,
311393297,Hinch Ribbed Glass Tray,https://www.tesco.com/groceries/en-GB/shop/home-and-ents/all?department=Home%20Accessories&viewAll=department&page=,£16.00,£16.00/each,£12.00 Clubcard Price,,/groceries/en-GB/products/311393297,https://digitalcontent.api.tesco.com/v2/media/ghs/e15bbae2-b549-4811-b1d7-3a35e9534612/b35e28eb-b279-43cb-a39b-216a7e5339e4_712966650.jpeg?h=225&w=225,
311666698,Way Lyrical Pink Reed Diffuser Oksygen 200Ml,https://www.tesco.com/groceries/en-GB/shop/home-and-ents/all?department=Home%20Accessories&viewAll=department&page=,£12.00,£60.00/litre,£9.00 Clubcard Price,,/groceries/en-GB/products/311666698,https://digitalcontent.api.tesco.com/v2/media/ghs/fb6024b8-6638-4859-ac41-4f6d4cbcef41/3eef1b1d-0078-4911-a2a8-5c5cde6e3fd9_443903936.jpeg?h=225&w=225,
311685531,Yankee Candle Medium Jar Golden Flwrs 340G,https://www.tesco.com/groceries/en-GB/shop/home-and-ents/all?department=Home%20Accessories&viewAll=department&page=,£12.00,£35.30/kg,Any 3 for 2 Clubcard Price - Cheapest Product Free - Selected Yankee Candle,,/groceries/en-GB/products/311685531,https://digitalcontent.api.tesco.com/v2/media/ghs/7ae0a3f2-2f65-4260-a291-2599970a1444/3758c5d6-6f0e-448b-8ba8-21b2b6f57341_783076329.jpeg?h=225&w=225,
310730128,Bayswood Artificial Orchid Leaf,https://www.tesco.com/groceries/en-GB/shop/home-and-ents/all?department=Home%20Accessories&viewAll=department&page=,£14.00,£14.00/each,£10.50 Clubcard Price,,/groceries/en-GB/products/310730128,https://digitalcontent.api.tesco.com/v2/media/ghs/c6c4f336-b7e6-4111-a957-ede21e6de80f/eef8ba11-d180-408a-81c0-8c5b648c23ef_1302577885.jpeg?h=225&w=225,
311799638,Candlelight Donut Vase,https://www.tesco.com/groceries/en-GB/shop/home-and-ents/all?department=Home%20Accessories&viewAll=department&page=,£12.00,£12.00/each,£9.00 Clubcard Price,,/groceries/en-GB/products/311799638,https://digitalcontent.api.tesco.com/v2/media/ghs/bb5b4f3c-f970-43ec-9a43-3a29d232842a/866124e9-a3b5-4287-bfa6-d0f6e4a0e095_665944249.jpeg?h=225&w=225,
302747530,Yankee Candle Medium 340G Jar Sugared Blossom,https://www.tesco.com/groceries/en-GB/shop/home-and-ents/all?department=Home%20Accessories&viewAll=department&page=,£12.00,£35.30/kg,Any 3 for 2 Clubcard Price - Cheapest Product Free - Selected Yankee Candle,,/groceries/en-GB/products/302747530,https://digitalcontent.api.tesco.com/v2/media/ghs/17e82577-18aa-457e-a2da-da1a3e7f3b90/030fcd73-0d93-4760-9b8a-653cf0aa80ef_163279956.jpeg?h=225&w=225,
311392998,Fox & Ivy Blue Frame 5X7,https://www.tesco.com/groceries/en-GB/shop/home-and-ents/all?department=Home%20Accessories&viewAll=department&page=,£6.00,£6.00/each,£4.50 Clubcard Price,,/groceries/en-GB/products/311392998,https://digitalcontent.api.tesco.com/v2/media/ghs/74875cf7-9d8f-4e0d-b048-e2073462807d/5ea32055-7ff8-42f8-a30b-733673ca7e39_524697745.jpeg?h=225&w=225,
311846606,Bayswood Artificial Dahlia Plant,https://www.tesco.com/groceries/en-GB/shop/home-and-ents/all?department=Home%20Accessories&viewAll=department&page=,£10.00,£10.00/each,£7.50 Clubcard Price,,/groceries/en-GB/products/311846606,https://digitalcontent.api.tesco.com/v2/media/ghs/b73829bc-5c5b-4df4-b18e-283d58d77771/ac3b4e8c-7065-4624-96f8-aa72822349f9_2073652754.jpeg?h=225&w=225,
296953409,Yankee Candle Medium Jar Exotic Fruits,https://www.tesco.com/groceries/en-GB/shop/home-and-ents/all?department=Home%20Accessories&viewAll=department&page=,£12.00,£12.00/each,Any 3 for 2 Clubcard Price - Cheapest Product Free - Selected Yankee Candle,,/groceries/en-GB/products/296953409,https://digitalcontent.api.tesco.com/v2/media/ghs/fa1271fd-211b-4fb0-9a27-376ec22031d1/5a287e25-a32e-419f-861b-d7fe9c765c75_743676688.jpeg?h=225&w=225,
310308704,Tesco Wellbeing Diffuser Chamomile & Blonde Wood 100Ml,https://www.tesco.com/groceries/en-GB/shop/home-and-ents/all?department=Home%20Accessories&viewAll=department&page=,£7.00,£70.00/litre,£5.25 Clubcard Price,,/groceries/en-GB/products/310308704,https://digitalcontent.api.tesco.com/v2/media/ghs/618cec14-a589-4ace-8e89-bdb06dff2048/03ba2e06-022a-436b-bf85-26e35ae3ac75_929434861.jpeg?h=225&w=225,
311438370,Candlelight Donut Candle Holder Large,https://www.tesco.com/groceries/en-GB/shop/home-and-ents/all?department=Home%20Accessories&viewAll=department&page=,£7.00,£7.00/each,£5.25 Clubcard Price,,/groceries/en-GB/products/311438370,https://digitalcontent.api.tesco.com/v2/media/ghs/cb5e6839-c437-4534-bd04-9bf0a8eb1444/a1218fef-2d85-4eb9-bea5-93a4fd180e02_445780137.jpeg?h=225&w=225,
307725387,Hinch Diffuser Lavender Blossom 100Mls,https://www.tesco.com/groceries/en-GB/shop/home-and-ents/all?department=Home%20Accessories&viewAll=department&page=,£10.00,£100.00/litre,£7.50 Clubcard Price,,/groceries/en-GB/products/307725387,https://digitalcontent.api.tesco.com/v2/media/ghs/58b9839a-6860-4fc3-8871-9c90cfa8852b/5009c809-5af4-42bf-abbd-2e880611d649_1427481670.jpeg?h=225&w=225,
310372338,Hinch Relaxed Large Candle With Lid Rose Milk 350G,https://www.tesco.com/groceries/en-GB/shop/home-and-ents/all?department=Home%20Accessories&viewAll=department&page=,£10.00,£28.58/kg,,,/groceries/en-GB/products/310372338,https://digitalcontent.api.tesco.com/v2/media/ghs/82b57fe8-87c0-4dbf-84e9-f43d86f80b2f/68c9cbc8-6d81-4259-be2e-17b2327eaf2e_463674284.jpeg?h=225&w=225,
311564778,Fox & Ivy Humble Bird Candle White Musk & Lavender 250G,https://www.tesco.com/groceries/en-GB/shop/home-and-ents/all?department=Home%20Accessories&viewAll=department&page=,£6.00,£24.00/kg,,,/groceries/en-GB/products/311564778,https://digitalcontent.api.tesco.com/v2/media/ghs/fdc7d15c-2aa7-467a-a094-0fed36e4dbe8/b0812d9a-c1de-4823-82cc-9b299cc9a674_1095155232.jpeg?h=225&w=225,
309293346,Bayswood Floral String Of Pearls,https://www.tesco.com/groceries/en-GB/shop/home-and-ents/all?department=Home%20Accessories&viewAll=department&page=,£8.00,£8.00/each,£6.00 Clubcard Price,,/groceries/en-GB/products/309293346,https://digitalcontent.api.tesco.com/v2/media/ghs/24bfbd82-e3c5-42aa-bbc7-0f61846a1d65/3f850aed-aba6-4cb2-9fb4-8123b5df46a3_1465584644.jpeg?h=225&w=225,
310308747,Tesco Wellbeing 2 Pack Diffusing Gardenia & Sandal Wood 40Ml,https://www.tesco.com/groceries/en-GB/shop/home-and-ents/all?department=Home%20Accessories&viewAll=department&page=,£6.00,£3.00/each,£4.50 Clubcard Price,,/groceries/en-GB/products/310308747,https://digitalcontent.api.tesco.com/v2/media/ghs/61600ced-4b23-41b5-960d-949ba6c692ac/e93d73aa-d220-411d-ab38-000e9aca00c1_834788208.jpeg?h=225&w=225,
310309012,Fox & Ivy Floral 50Ml Diffuser Meadow Poppy & Daisy,https://www.tesco.com/groceries/en-GB/shop/home-and-ents/all?department=Home%20Accessories&viewAll=department&page=,£6.00,£120.00/litre,£4.50 Clubcard Price,,/groceries/en-GB/products/310309012,https://digitalcontent.api.tesco.com/v2/media/ghs/7e29a11d-d8ac-4426-aed6-9dfa52f9fa07/5a1fdbfa-c954-4bda-8c54-da19fce26544_169286920.jpeg?h=225&w=225,
311564801,Fox & Ivy Supercharged Twisted Dinner Candles 2 Pack,https://www.tesco.com/groceries/en-GB/shop/home-and-ents/all?department=Home%20Accessories&viewAll=department&page=,£3.00,£1.50/each,,,/groceries/en-GB/products/311564801,https://digitalcontent.api.tesco.com/v2/media/ghs/a0321ae5-32e5-4cf0-9df9-9036bae3b4c5/1b1703c9-a772-4f73-bf75-355f0c80ea58_600941809.jpeg?h=225&w=225,
302738368,Yankee Small Jar Exotic Fruits,https://www.tesco.com/groceries/en-GB/shop/home-and-ents/all?department=Home%20Accessories&viewAll=department&page=,£5.50,£5.50/each,Any 3 for 2 Clubcard Price - Cheapest Product Free - Selected Yankee Candle,,/groceries/en-GB/products/302738368,https://digitalcontent.api.tesco.com/v2/media/ghs/754b3ca5-7444-4a52-b85f-6b7f66cb0124/ec3e6152-86e4-4846-9894-e16d48c944a8_1283273838.jpeg?h=225&w=225,
311393277,Hinch Two Tone Ceramic Dinner Candle Holder Small,https://www.tesco.com/groceries/en-GB/shop/home-and-ents/all?department=Home%20Accessories&viewAll=department&page=,£3.00,£3.00/each,,,/groceries/en-GB/products/311393277,https://digitalcontent.api.tesco.com/v2/media/ghs/45dc6f06-d7f3-47b4-be61-c946c48d0b63/e477827d-c5f3-4017-8bd9-0938c2b213e3_376826313.jpeg?h=225&w=225,
311730616,Hinch Pre-Scnted Reeds Refill Olive & Aloe,https://www.tesco.com/groceries/en-GB/shop/home-and-ents/all?department=Home%20Accessories&viewAll=department&page=,£4.00,£0.67/each,£3.00 Clubcard Price,,/groceries/en-GB/products/311730616,https://digitalcontent.api.tesco.com/v2/media/ghs/d3e2b635-e2ea-4ba0-bd76-185971c99dd4/8285ecd4-83c2-46d8-ad60-5929f998b0ae_470064893.jpeg?h=225&w=225,
311393283,Hinch Two Tone Ceramic Dinner Candle Holder Large,https://www.tesco.com/groceries/en-GB/shop/home-and-ents/all?department=Home%20Accessories&viewAll=department&page=,£5.00,£5.00/each,,,/groceries/en-GB/products/311393283,https://digitalcontent.api.tesco.com/v2/media/ghs/4e34f54d-81ed-4616-ad78-2820620173e6/8075591c-cf71-4991-9978-8357eb081676_1771724967.jpeg?h=225&w=225,
309524149,Natures Wick Multi Wick Candle Golden Hay,https://www.tesco.com/groceries/en-GB/shop/home-and-ents/all?department=Home%20Accessories&viewAll=department&page=,£16.50,£16.50/each,,,/groceries/en-GB/products/309524149,https://digitalcontent.api.tesco.com/v2/media/ghs/f0a44427-b1dc-4d36-9fb9-de88cdfc3ecf/61510070-2513-4cf8-994c-4ed1464545e1_639820183.jpeg?h=225&w=225,
310807592,N/Wick M-Wick Candle -Bergamot &Neroli 433G,https://www.tesco.com/groceries/en-GB/shop/home-and-ents/all?department=Home%20Accessories&viewAll=department&page=,£16.50,£38.11/kg,,,/groceries/en-GB/products/310807592,https://digitalcontent.api.tesco.com/v2/media/ghs/e45a339e-f90f-48be-8e38-18208d4b3892/b4ca9b42-b489-46a8-a3a2-291fc274c218_2043415684.jpeg?h=225&w=225,
311802097,Natures Wick Sun-Ripnd Pear Scented Candle 284G,https://www.tesco.com/groceries/en-GB/shop/home-and-ents/all?department=Home%20Accessories&viewAll=department&page=,£12.50,£44.02/kg,,,/groceries/en-GB/products/311802097,https://digitalcontent.api.tesco.com/v2/media/ghs-mktg/b0b04216-fa73-466d-a9d7-c9fcfa1ce9b3/no-image.jpeg,
311793201,Wax Lyrical Bright Green 200Ml Diffuser Wildnis,https://www.tesco.com/groceries/en-GB/shop/home-and-ents/all?department=Home%20Accessories&viewAll=department&page=,£12.00,£60.00/litre,£9.00 Clubcard Price,,/groceries/en-GB/products/311793201,https://digitalcontent.api.tesco.com/v2/media/ghs/1e9aab81-8a5b-4036-add2-49e956140280/1bd7c099-e725-4c47-bb75-b1969406785d_589969657.jpeg?h=225&w=225,
310308595,Tesco Apothecary Oil Burner Set Mixed Fragrance,https://www.tesco.com/groceries/en-GB/shop/home-and-ents/all?department=Home%20Accessories&viewAll=department&page=,£12.00,£12.00/each,£9.00 Clubcard Price,,/groceries/en-GB/products/310308595,https://digitalcontent.api.tesco.com/v2/media/ghs/6bb36e26-4559-417d-9e42-17b4fc30e308/a7324713-06e7-4dce-a189-92b78168bfe1_1116024216.jpeg?h=225&w=225,
297119193,Yankee Candle Medium Jar Candy Cane Forest 340G,https://www.tesco.com/groceries/en-GB/shop/home-and-ents/all?department=Home%20Accessories&viewAll=department&page=,£12.00,£35.30/kg,Any 3 for 2 Clubcard Price - Cheapest Product Free - Selected Yankee Candle,,/groceries/en-GB/products/297119193,https://digitalcontent.api.tesco.com/v2/media/ghs/99fc7254-88d3-4356-ad52-fb583c96dc0e/snapshotimagehandler_793086934.jpeg?h=225&w=225,
309979682,Yankee Candle Medium Jar Reindeer Treats 340G,https://www.tesco.com/groceries/en-GB/shop/home-and-ents/all?department=Home%20Accessories&viewAll=department&page=,£12.00,£35.30/kg,Any 3 for 2 Clubcard Price - Cheapest Product Free - Selected Yankee Candle,,/groceries/en-GB/products/309979682,https://digitalcontent.api.tesco.com/v2/media/ghs/da6e1cdd-c626-4e60-88e4-b67359fdb1cb/ef009831-4313-43db-92a9-885bef9396f8_1052980344.jpeg?h=225&w=225,
301387339,Yankee Candle Medium Glistening Christmas 340G,https://www.tesco.com/groceries/en-GB/shop/home-and-ents/all?department=Home%20Accessories&viewAll=department&page=,£12.00,£35.30/kg,Any 3 for 2 Clubcard Price - Cheapest Product Free - Selected Yankee Candle,,/groceries/en-GB/products/301387339,https://digitalcontent.api.tesco.com/v2/media/ghs/f177a0c9-b4bc-4400-99ad-c03758234beb/snapshotimagehandler_791651865.jpeg?h=225&w=225,
311932936,Yankee Candle Medium Jar Ginger Bread House 340G,https://www.tesco.com/groceries/en-GB/shop/home-and-ents/all?department=Home%20Accessories&viewAll=department&page=,£12.00,£35.30/kg,Any 3 for 2 Clubcard Price - Cheapest Product Free - Selected Yankee Candle,,/groceries/en-GB/products/311932936,https://digitalcontent.api.tesco.com/v2/media/ghs-mktg/b0b04216-fa73-466d-a9d7-c9fcfa1ce9b3/no-image.jpeg,
312094883,Yankee Christmas Wishes Medium Candle 340G,https://www.tesco.com/groceries/en-GB/shop/home-and-ents/all?department=Home%20Accessories&viewAll=department&page=,£12.00,£35.30/kg,Any 3 for 2 Clubcard Price - Cheapest Product Free - Selected Yankee Candle,,/groceries/en-GB/products/312094883,https://digitalcontent.api.tesco.com/v2/media/ghs/76adcb28-6966-49a1-847f-1e31b30af442/ecece427-ec1f-481f-9b36-9e5b66a9b75d_587366222.jpeg?h=225&w=225,
312213790,Yankee Candle Medium Jar Snow Dusted Pine 340G,https://www.tesco.com/groceries/en-GB/shop/home-and-ents/all?department=Home%20Accessories&viewAll=department&page=,£12.00,£35.30/kg,Any 3 for 2 Clubcard Price - Cheapest Product Free - Selected Yankee Candle,,/groceries/en-GB/products/312213790,https://digitalcontent.api.tesco.com/v2/media/ghs-mktg/b0b04216-fa73-466d-a9d7-c9fcfa1ce9b3/no-image.jpeg,
311564755,Fox & Ivy Alchemy Lustre Candle Violet Flower &Awood 280G,https://www.tesco.com/groceries/en-GB/shop/home-and-ents/all?department=Home%20Accessories&viewAll=department&page=,£8.00,£28.58/kg,,,/groceries/en-GB/products/311564755,https://digitalcontent.api.tesco.com/v2/media/ghs/aca66f9d-6153-4ac4-a335-c50cac9fb1b4/8b52f69d-8d7b-431d-8e34-6a5cfc24a6f3_1811843830.jpeg?h=225&w=225,
312091667,Yankee Christmas Votive Gift Set 6X49g,https://www.tesco.com/groceries/en-GB/shop/home-and-ents/all?department=Home%20Accessories&viewAll=department&page=,£9.00,£30.62/kg,Any 3 for 2 Clubcard Price - Cheapest Product Free - Selected Yankee Candle,,/groceries/en-GB/products/312091667,https://digitalcontent.api.tesco.com/v2/media/ghs-mktg/b0b04216-fa73-466d-a9d7-c9fcfa1ce9b3/no-image.jpeg,
310308727,Tesco Wellbeing Diffusing Grapefruit & & Raspberry 100Ml,https://www.tesco.com/groceries/en-GB/shop/home-and-ents/all?department=Home%20Accessories&viewAll=department&page=,£7.00,£70.00/litre,£5.25 Clubcard Price,,/groceries/en-GB/products/310308727,https://digitalcontent.api.tesco.com/v2/media/ghs/cc42b8ff-3914-491d-a59a-7668b0134053/3237ab2d-7ac2-44bb-b3a7-0e5da85ea2ca_967349211.jpeg?h=225&w=225,
311252410,Yankee Christmas Votive Gift Set 4X49g,https://www.tesco.com/groceries/en-GB/shop/home-and-ents/all?department=Home%20Accessories&viewAll=department&page=,£6.00,£30.62/kg,Any 3 for 2 Clubcard Price - Cheapest Product Free - Selected Yankee Candle,,/groceries/en-GB/products/311252410,https://digitalcontent.api.tesco.com/v2/media/ghs-mktg/b0b04216-fa73-466d-a9d7-c9fcfa1ce9b3/no-image.jpeg,
311393231,Fox & Ivy Faux Mohair Throw,https://www.tesco.com/groceries/en-GB/shop/home-and-ents/all?department=Home%20Accessories&viewAll=department&page=,£25.00,£25.00/each,,,/groceries/en-GB/products/311393231,https://digitalcontent.api.tesco.com/v2/media/ghs/169b815e-6a91-4679-a0f3-cfe20a204aaf/a3fb8ba0-c868-46c8-914b-b208ad700ac7_941766273.jpeg?h=225&w=225,
311393219,Fox & Ivy Embroidered Bee Cushion,https://www.tesco.com/groceries/en-GB/shop/home-and-ents/all?department=Home%20Accessories&viewAll=department&page=,£12.00,£12.00/each,,,/groceries/en-GB/products/311393219,https://digitalcontent.api.tesco.com/v2/media/ghs/61bef15f-93bb-4485-a7c9-07be4b623e11/9fe85852-7925-4c2d-a757-1c24cee5610c_1818557300.jpeg?h=225&w=225,
301387375,Yankee Candle Large Glistening Christmas 538G,https://www.tesco.com/groceries/en-GB/shop/home-and-ents/all?department=Home%20Accessories&viewAll=department&page=,£15.00,£27.89/kg,Any 3 for 2 Clubcard Price - Cheapest Product Free - Selected Yankee Candle,,/groceries/en-GB/products/301387375,https://digitalcontent.api.tesco.com/v2/media/ghs/35e4cc4c-afcf-4da4-b1b1-04a2f5c67924/snapshotimagehandler_1098447627.jpeg?h=225&w=225,
295912070,Johnstones White Matte 5L,https://www.tesco.com/groceries/en-GB/shop/home-and-ents/all?department=DIY%20%26%20Car%20Care&viewAll=department&page=,£16.00,£3.20/litre,,,/groceries/en-GB/products/295912070,https://digitalcontent.api.tesco.com/v2/media/ghs/87e278aa-9b97-46aa-bfa2-77be6097cecb/1347fb58-4980-4c77-9ae9-00ed1501bfa5_266360121.jpeg?h=225&w=225,
272252976,Holts Tyreweld 500Ml,https://www.tesco.com/groceries/en-GB/shop/home-and-ents/all?department=DIY%20%26%20Car%20Care&viewAll=department&page=,£11.00,£22.00/litre,,,/groceries/en-GB/products/272252976,https://digitalcontent.api.tesco.com/v2/media/ghs/b5b271bf-d4e9-4e1a-a684-0f3de752518c/3e44f41c-07fe-48e0-8184-0408f8e807ab_344288302.jpeg?h=225&w=225,
300840203,Redex Adblue 4Lt,https://www.tesco.com/groceries/en-GB/shop/home-and-ents/all?department=DIY%20%26%20Car%20Care&viewAll=department&page=,£9.50,£2.38/litre,,,/groceries/en-GB/products/300840203,https://digitalcontent.api.tesco.com/v2/media/ghs/9f2fa637-9c64-4052-875b-8b946e131535/768c369b-2622-4afc-9c30-bb5e85f2ded3_1411884063.jpeg?h=225&w=225,
295208102,Unibond Aero 360 Refill Lavender,https://www.tesco.com/groceries/en-GB/shop/home-and-ents/all?department=DIY%20%26%20Car%20Care&viewAll=department&page=,£8.00,£8.00/each,£6.00 Clubcard Price,,/groceries/en-GB/products/295208102,https://digitalcontent.api.tesco.com/v2/media/ghs/bbc27d49-cd00-499f-aa1c-b9af72e88353/68fda314-6797-4f44-ab70-307ec9f733f0_75393691.jpeg?h=225&w=225,
294834669,Wd 40 Smart Straw 450Ml,https://www.tesco.com/groceries/en-GB/shop/home-and-ents/all?department=DIY%20%26%20Car%20Care&viewAll=department&page=,£6.00,£6.00/each,,,/groceries/en-GB/products/294834669,https://digitalcontent.api.tesco.com/v2/media/ghs/c6d84164-2501-4dcd-9f20-084a1c644c10/dc085d4e-a9a0-42f0-841c-189159473337_507807055.jpeg?h=225&w=225,
285281760,Unibond Aero 360 Refill,https://www.tesco.com/groceries/en-GB/shop/home-and-ents/all?department=DIY%20%26%20Car%20Care&viewAll=department&page=,£8.00,£4.00/each,£6.00 Clubcard Price,,/groceries/en-GB/products/285281760,https://digitalcontent.api.tesco.com/v2/media/ghs/79fa75f4-02c3-4972-b449-c360474a50eb/7ad9ff51-28ac-45b7-9a78-1b623debbfc6_128243191.jpeg?h=225&w=225,
265963807,Osram 477/499 Headlamp Single Blister,https://www.tesco.com/groceries/en-GB/shop/home-and-ents/all?department=DIY%20%26%20Car%20Care&viewAll=department&page=,£5.00,£5.00/each,,,/groceries/en-GB/products/265963807,https://digitalcontent.api.tesco.com/v2/media/ghs/4b9803d6-02d0-4a77-8e9b-a21198353f76/10b9fc94-a31b-4589-b428-23dd08252d24_767916673.jpeg?h=225&w=225,
255338452,Redex Diesel Syst Cleaner 250Ml,https://www.tesco.com/groceries/en-GB/shop/home-and-ents/all?department=DIY%20%26%20Car%20Care&viewAll=department&page=,£5.00,£20.00/litre,,,/groceries/en-GB/products/255338452,https://digitalcontent.api.tesco.com/v2/media/ghs/346be6e4-618d-438e-9870-09ad57766374/6168976a-7595-463e-bfd1-efec053a42fa_1437643284.jpeg?h=225&w=225,
267330782,Gorilla Superglue Non Drip Liquid 15G,https://www.tesco.com/groceries/en-GB/shop/home-and-ents/all?department=DIY%20%26%20Car%20Care&viewAll=department&page=,£6.00,£400.00/kg,,,/groceries/en-GB/products/267330782,https://digitalcontent.api.tesco.com/v2/media/ghs/ce7e80a5-ad94-45c6-a868-bddea4090bc4/81138c71-8095-4eca-8310-56a851eaffd9_286875857.jpeg?h=225&w=225,
302613746,Tesco Screenwash Ready To Use 5L,https://www.tesco.com/groceries/en-GB/shop/home-and-ents/all?department=DIY%20%26%20Car%20Care&viewAll=department&page=,£4.50,£0.90/litre,,,/groceries/en-GB/products/302613746,https://digitalcontent.api.tesco.com/v2/media/ghs/92b4c6b2-9e61-4a30-83fc-fc5201c3a9b6/027cc956-0436-420a-b297-5f3498e1060d_324762494.jpeg?h=225&w=225,
297478423,Jelly Belly Gel Can Cherry,https://www.tesco.com/groceries/en-GB/shop/home-and-ents/all?department=DIY%20%26%20Car%20Care&viewAll=department&page=,£4.50,£4.50/each,,,/groceries/en-GB/products/297478423,https://digitalcontent.api.tesco.com/v2/media/ghs/b39814e5-b303-4066-aacb-7f110075eda6/73d21514-81ea-47d7-96b5-524c65be070b_27746851.jpeg?h=225&w=225,
287525769,Simoniz Leather Wipes 20 Pack,https://www.tesco.com/groceries/en-GB/shop/home-and-ents/all?department=DIY%20%26%20Car%20Care&viewAll=department&page=,£3.50,£0.18/each,,,/groceries/en-GB/products/287525769,https://digitalcontent.api.tesco.com/v2/media/ghs/33034da8-c58b-41fe-958f-8427114570c7/fd082f3f-ab5a-432d-ab24-6d15ff9f35fb_1307569711.jpeg?h=225&w=225,
311672454,Loctite Super Glue 7.5G,https://www.tesco.com/groceries/en-GB/shop/home-and-ents/all?department=DIY%20%26%20Car%20Care&viewAll=department&page=,£5.00,£66.67/100g,,,/groceries/en-GB/products/311672454,https://digitalcontent.api.tesco.com/v2/media/ghs/83fe0565-9f4a-48d1-91b8-32b2f9e3eba4/db52a62b-61ff-4f3d-8feb-b34095ef4fe3_404954416.jpeg?h=225&w=225,
294775796,Tesco 180Mm Combination Pliers,https://www.tesco.com/groceries/en-GB/shop/home-and-ents/all?department=DIY%20%26%20Car%20Care&viewAll=department&page=,£4.00,£4.00/each,,,/groceries/en-GB/products/294775796,https://digitalcontent.api.tesco.com/v2/media/ghs/64cf9965-b96c-4a92-b946-1c3272209589/3c4c5f94-e982-4009-81ac-62fc194c7f42_47772742.jpeg?h=225&w=225,
302613775,Tesco De-Icer 600Ml,https://www.tesco.com/groceries/en-GB/shop/home-and-ents/all?department=DIY%20%26%20Car%20Care&viewAll=department&page=,£2.75,£4.59/litre,,,/groceries/en-GB/products/302613775,https://digitalcontent.api.tesco.com/v2/media/ghs/6325ce54-c551-4149-928b-301367c3cfe0/cc22f8d7-ab67-413a-b7f3-63326e1b6ce2_1402236087.jpeg?h=225&w=225,
302613769,Tesco Trigger De-Icer 500Ml,https://www.tesco.com/groceries/en-GB/shop/home-and-ents/all?department=DIY%20%26%20Car%20Care&viewAll=department&page=,£2.75,£5.50/litre,,,/groceries/en-GB/products/302613769,https://digitalcontent.api.tesco.com/v2/media/ghs/e594c8f0-b802-4ad5-b5da-304fb8ce1cdf/fef053be-7a31-454f-ad0d-fdf3b721c669_412823014.jpeg?h=225&w=225,
312993781,Febreze Spiced Apple Car Air Freshener,https://www.tesco.com/groceries/en-GB/shop/home-and-ents/all?department=DIY%20%26%20Car%20Care&viewAll=department&page=,£3.00,£3.00/each,,New,/groceries/en-GB/products/312993781,https://digitalcontent.api.tesco.com/v2/media/ghs/8cfa8830-bf18-4624-a17f-4c9b651640e1/728de084-e099-42d5-903a-7bb10b6fb010_384367954.jpeg?h=225&w=225,
302613739,Tesco Screenwash Concentrated 2.5L,https://www.tesco.com/groceries/en-GB/shop/home-and-ents/all?department=DIY%20%26%20Car%20Care&viewAll=department&page=,£3.25,£1.30/litre,,,/groceries/en-GB/products/302613739,https://digitalcontent.api.tesco.com/v2/media/ghs/0e489bb3-1bae-40ae-993a-5aae92ffa92f/879f6c62-ca3b-4b7b-b634-76913de4cc87_1125423343.jpeg?h=225&w=225,
308777070,Loctite Super Glue Control Liquid 4G,https://www.tesco.com/groceries/en-GB/shop/home-and-ents/all?department=DIY%20%26%20Car%20Care&viewAll=department&page=,£3.00,£750.00/kg,,,/groceries/en-GB/products/308777070,https://digitalcontent.api.tesco.com/v2/media/ghs/cd53c8cd-fdb8-4c5c-9fd0-da22d902f79d/8c6ade3f-a16d-4054-9172-878b1591e08c_878463706.jpeg?h=225&w=225,
271128705,Command Large Picture Hanging Strips 4 Sets,https://www.tesco.com/groceries/en-GB/shop/home-and-ents/all?department=DIY%20%26%20Car%20Care&viewAll=department&page=,£4.00,£4.00/each,£3.20 Clubcard Price,,/groceries/en-GB/products/271128705,https://digitalcontent.api.tesco.com/v2/media/ghs/5d2bc14e-8ffc-464a-9455-cd1cac86f2c4/0fb5d950-517c-4c8d-bab5-f3e05da49301_831790485.jpeg?h=225&w=225,
293230521,Custopol Car Mat Pvc Rectangular,https://www.tesco.com/groceries/en-GB/shop/home-and-ents/all?department=DIY%20%26%20Car%20Care&viewAll=department&page=,£2.50,£2.50/each,,,/groceries/en-GB/products/293230521,https://digitalcontent.api.tesco.com/v2/media/ghs/153c8c64-3c36-4c31-8bd2-3b5721d4507a/bd5b1996-701f-41d5-af2f-02d2ba627f02_1198581517.jpeg?h=225&w=225,
261857410,Tesco Mixed Fuses 4 Pack,https://www.tesco.com/groceries/en-GB/shop/home-and-ents/all?department=DIY%20%26%20Car%20Care&viewAll=department&page=,£1.50,£0.38/each,,,/groceries/en-GB/products/261857410,https://digitalcontent.api.tesco.com/v2/media/ghs/86f216f7-a015-47cd-9551-14a18d4ca397/57c791b5-f43c-42f4-92a2-07b2749826e3_1332057682.jpeg?h=225&w=225,
310293034,Tesco Spray Berries 150Ml,https://www.tesco.com/groceries/en-GB/shop/home-and-ents/all?department=DIY%20%26%20Car%20Care&viewAll=department&page=,£3.00,£20.00/litre,,New,/groceries/en-GB/products/310293034,https://digitalcontent.api.tesco.com/v2/media/ghs/4a3d4605-8949-4409-89b6-db5d4f955b27/58d38c92-54a1-49a1-a41f-e177f251e03d_378915890.jpeg?h=225&w=225,
291127090,Command Clear Mini Hook 6 Hook 8 Strip,https://www.tesco.com/groceries/en-GB/shop/home-and-ents/all?department=DIY%20%26%20Car%20Care&viewAll=department&page=,£3.75,£3.75/each,£3.00 Clubcard Price,,/groceries/en-GB/products/291127090,https://digitalcontent.api.tesco.com/v2/media/ghs/174b91d3-32f0-433e-a2f1-2a2244180647/96388f8c-f23f-450d-af93-6b3f725fcddb.jpeg?h=225&w=225,
272512807,Tesco De-Ionised Water 2.5L,https://www.tesco.com/groceries/en-GB/shop/home-and-ents/all?department=DIY%20%26%20Car%20Care&viewAll=department&page=,£1.50,£0.60/litre,,,/groceries/en-GB/products/272512807,https://digitalcontent.api.tesco.com/v2/media/ghs/f88b7d60-0dcb-40bc-bc1f-352a85a6b494/fee2764f-6efb-492d-b04d-110dd926d009_676627485.jpeg?h=225&w=225,
250989230,Little Tree Vanilla,https://www.tesco.com/groceries/en-GB/shop/home-and-ents/all?department=DIY%20%26%20Car%20Care&viewAll=department&page=,£1.50,£1.50/each,,,/groceries/en-GB/products/250989230,https://digitalcontent.api.tesco.com/v2/media/ghs/20eaf697-c883-4bb5-a4e9-0cba2509bb72/cd876f70-1334-407d-9fe0-def3a8766ea8_452956755.jpeg?h=225&w=225,
259073458,Little Tree Black Ice,https://www.tesco.com/groceries/en-GB/shop/home-and-ents/all?department=DIY%20%26%20Car%20Care&viewAll=department&page=,£1.50,£1.50/each,,,/groceries/en-GB/products/259073458,https://digitalcontent.api.tesco.com/v2/media/ghs/89cf823a-1393-4e5c-86ec-cdfd9b782a65/db702886-5bbb-45b6-b7c9-9f2a0f40407d_144672487.jpeg?h=225&w=225,
250989224,Little Tree New Car,https://www.tesco.com/groceries/en-GB/shop/home-and-ents/all?department=DIY%20%26%20Car%20Care&viewAll=department&page=,£1.50,£1.50/each,,,/groceries/en-GB/products/250989224,https://digitalcontent.api.tesco.com/v2/media/ghs/acfec4aa-119b-4375-a112-fe8db66233bd/f4395752-8d66-45b9-9365-630b873382ce_981076196.jpeg?h=225&w=225,
285393817,Command Medium Picture Hanging Strips 4 Sets,https://www.tesco.com/groceries/en-GB/shop/home-and-ents/all?department=DIY%20%26%20Car%20Care&viewAll=department&page=,£3.50,£3.50/each,£2.80 Clubcard Price,,/groceries/en-GB/products/285393817,https://digitalcontent.api.tesco.com/v2/media/ghs/b3823eb2-a4eb-4335-bd16-e00f1094acca/ef48d757-f0fa-4a57-9d47-23e68ee2ee91_1953641617.jpeg?h=225&w=225,
294347059,Tesco Carded Fresh Linen Air Freshener,https://www.tesco.com/groceries/en-GB/shop/home-and-ents/all?department=DIY%20%26%20Car%20Care&viewAll=department&page=,£1.00,£1.00/each,,,/groceries/en-GB/products/294347059,https://digitalcontent.api.tesco.com/v2/media/ghs/dbd4817c-e2b5-407d-9e6c-14ef7712b6a7/37ac1fc0-dad0-4caa-96b8-3769d3acd013_1858374346.jpeg?h=225&w=225,
294347036,Tesco Carded Cherry Air Freshener,https://www.tesco.com/groceries/en-GB/shop/home-and-ents/all?department=DIY%20%26%20Car%20Care&viewAll=department&page=,£1.00,£1.00/each,,,/groceries/en-GB/products/294347036,https://digitalcontent.api.tesco.com/v2/media/ghs/dcf6ed24-0314-4a0f-8f6d-14207294bae6/ff234e9c-5f31-4a38-80fc-7912eacbbef3_491458245.jpeg?h=225&w=225,
293097776,Tesco Carded Coconut Air Freshener,https://www.tesco.com/groceries/en-GB/shop/home-and-ents/all?department=DIY%20%26%20Car%20Care&viewAll=department&page=,£1.00,£1.00/each,,,/groceries/en-GB/products/293097776,https://digitalcontent.api.tesco.com/v2/media/ghs/543d1684-1b47-4548-92cd-9ecaf93e5227/e285be6c-dff3-4d44-85d6-2ef8590d94e8_860114018.jpeg?h=225&w=225,
293097760,Tesco Carded Ocean Air Freshener,https://www.tesco.com/groceries/en-GB/shop/home-and-ents/all?department=DIY%20%26%20Car%20Care&viewAll=department&page=,£1.00,£1.00/each,,,/groceries/en-GB/products/293097760,https://digitalcontent.api.tesco.com/v2/media/ghs/2be9b955-3bc4-45a9-83a1-7169bb27defb/bb1c18a8-44ef-406f-990b-a799468d5815_1210456662.jpeg?h=225&w=225,
293097799,Tesco Carded New Car Air Freshener,https://www.tesco.com/groceries/en-GB/shop/home-and-ents/all?department=DIY%20%26%20Car%20Care&viewAll=department&page=,£1.00,£1.00/each,,,/groceries/en-GB/products/293097799,https://digitalcontent.api.tesco.com/v2/media/ghs/6f3cfdf5-eeb7-41e2-82e2-b25a8fe28088/2b611c3a-b30d-44b6-98ec-9be98958837b_854334792.jpeg?h=225&w=225,
306350939,Keep It Handy Super Glue 2 Pack,https://www.tesco.com/groceries/en-GB/shop/home-and-ents/all?department=DIY%20%26%20Car%20Care&viewAll=department&page=,£1.00,£0.50/each,,,/groceries/en-GB/products/306350939,https://digitalcontent.api.tesco.com/v2/media/ghs/80eaa8cb-f6af-4591-80ce-24a111ca632f/dbc48fda-bcac-441a-843b-ee2a4f48d30f_956792865.jpeg?h=225&w=225,
306350819,Keep It Handy Self-Adhesive Hooks 4 Pack,https://www.tesco.com/groceries/en-GB/shop/home-and-ents/all?department=DIY%20%26%20Car%20Care&viewAll=department&page=,£1.00,£0.25/each,,,/groceries/en-GB/products/306350819,https://digitalcontent.api.tesco.com/v2/media/ghs/35173fb6-b775-46f1-b525-e269c3992c9d/b54df0c0-c2f8-42af-a2e2-12f488daba12_332133259.jpeg?h=225&w=225,
306350756,Keep It Handy Over Door Hooks 2 Pack,https://www.tesco.com/groceries/en-GB/shop/home-and-ents/all?department=DIY%20%26%20Car%20Care&viewAll=department&page=,£1.00,£0.50/each,,,/groceries/en-GB/products/306350756,https://digitalcontent.api.tesco.com/v2/media/ghs/0274d909-963a-4511-8399-61792da07430/49cc7dab-21a6-43d1-9781-41d5facfe531_178237361.jpeg?h=225&w=225,
306350791,Keep It Handy Thermometer,https://www.tesco.com/groceries/en-GB/shop/home-and-ents/all?department=DIY%20%26%20Car%20Care&viewAll=department&page=,£1.00,£1.00/each,,,/groceries/en-GB/products/306350791,https://digitalcontent.api.tesco.com/v2/media/ghs/bfce8cc2-c9ab-435a-a5eb-e9deec37aa40/75d4d388-d1d1-4be3-b418-f6fa10db64f6_453249152.jpeg?h=225&w=225,
306350899,Keep It Handy Trolley/Locker Coin,https://www.tesco.com/groceries/en-GB/shop/home-and-ents/all?department=DIY%20%26%20Car%20Care&viewAll=department&page=,£1.00,£1.00/each,,,/groceries/en-GB/products/306350899,https://digitalcontent.api.tesco.com/v2/media/ghs/f5322e9f-2a42-4d44-92df-cf9ed1d30ebd/e9a25846-501f-49d3-8c81-ad68897b97c5_2120042001.jpeg?h=225&w=225,
305533513,Tesco Glass And Screen Wipes 24 Pack,https://www.tesco.com/groceries/en-GB/shop/home-and-ents/all?department=DIY%20%26%20Car%20Care&viewAll=department&page=,£1.00,£0.04/each,,,/groceries/en-GB/products/305533513,https://digitalcontent.api.tesco.com/v2/media/ghs/80b95350-3599-44b7-90c3-2f5db9901870/d1e90c81-9334-4f90-a82b-c741ea511f92_460456175.jpeg?h=225&w=225,
311254917,Simoniz Jumbo Sponge,https://www.tesco.com/groceries/en-GB/shop/home-and-ents/all?department=DIY%20%26%20Car%20Care&viewAll=department&page=,£1.00,£1.00/each,,,/groceries/en-GB/products/311254917,https://digitalcontent.api.tesco.com/v2/media/ghs/6227a603-ca93-4733-baab-3cf65c44e23c/c443e5ed-3cbf-40ca-92ec-1be452d9dd42_2073969785.jpeg?h=225&w=225,
306350923,Keep It Handy Assorted Bungee Cords 2 Pack,https://www.tesco.com/groceries/en-GB/shop/home-and-ents/all?department=DIY%20%26%20Car%20Care&viewAll=department&page=,£1.00,£0.50/each,,,/groceries/en-GB/products/306350923,https://digitalcontent.api.tesco.com/v2/media/ghs/fd588d67-0c4c-4737-ba30-f13e513a0f71/26c3975d-36e7-4959-9d5d-bb112121b874_395727565.jpeg?h=225&w=225,
306350664,Keep It Handy Non-Slip Work Gloves 1 Pair,https://www.tesco.com/groceries/en-GB/shop/home-and-ents/all?department=DIY%20%26%20Car%20Care&viewAll=department&page=,£1.00,£1.00/each,,,/groceries/en-GB/products/306350664,https://digitalcontent.api.tesco.com/v2/media/ghs/3a45b5fe-1f2d-46aa-a607-fc6a89806ea1/4f1fb7cd-d09f-4722-a0a6-2f61b687ab56_1448263717.jpeg?h=225&w=225,
306350975,Keep It Handy Led Keychain Lights 2 Pack,https://www.tesco.com/groceries/en-GB/shop/home-and-ents/all?department=DIY%20%26%20Car%20Care&viewAll=department&page=,£1.00,£0.50/each,,,/groceries/en-GB/products/306350975,https://digitalcontent.api.tesco.com/v2/media/ghs/b5e23ac5-9563-40be-a70a-f31159f7ede4/dc7013b4-fc17-4672-967a-d1c7453a712b_287426171.jpeg?h=225&w=225,
306350733,Keep It Handy Duct Tape 10M,https://www.tesco.com/groceries/en-GB/shop/home-and-ents/all?department=DIY%20%26%20Car%20Care&viewAll=department&page=,£1.00,£1.00/each,,,/groceries/en-GB/products/306350733,https://digitalcontent.api.tesco.com/v2/media/ghs/e6a4a0da-1b2d-4d49-8fea-9ce58530f60d/a6636d72-16d8-48d3-b81c-f4319cce60e4_900978758.jpeg?h=225&w=225,
306351012,Keep It Handy Fuses 9Pk,https://www.tesco.com/groceries/en-GB/shop/home-and-ents/all?department=DIY%20%26%20Car%20Care&viewAll=department&page=,£1.00,£0.11/each,,,/groceries/en-GB/products/306351012,https://digitalcontent.api.tesco.com/v2/media/ghs/9a1fa350-c6c0-4757-9731-0457dcda075b/13bac42f-8f0f-49b5-b4b3-8f3dc9c4b34e_37839177.jpeg?h=225&w=225,
290364570,Castrol Edge 5W-30 1L,https://www.tesco.com/groceries/en-GB/shop/home-and-ents/all?department=DIY%20%26%20Car%20Care&viewAll=department&page=,£16.00,£16.00/litre,,,/groceries/en-GB/products/290364570,https://digitalcontent.api.tesco.com/v2/media/ghs/d411c0f8-56ff-4b22-9cdb-2b3c15976c89/100408ae-dcbd-436b-a21c-790468b7a33d_1719607699.jpeg?h=225&w=225,
303058939,Johnstones Metal Black Paint 750Ml,https://www.tesco.com/groceries/en-GB/shop/home-and-ents/all?department=DIY%20%26%20Car%20Care&viewAll=department&page=,£10.00,£13.34/litre,,,/groceries/en-GB/products/303058939,https://digitalcontent.api.tesco.com/v2/media/ghs/ad6eb03f-7fef-4d09-ac20-5a856ab4baa9/2fcfac8a-b939-4415-adae-a716bd9f174a_335291166.jpeg?h=225&w=225,
311272098,Johnstones Cushion White Paint 750Ml,https://www.tesco.com/groceries/en-GB/shop/home-and-ents/all?department=DIY%20%26%20Car%20Care&viewAll=department&page=,£9.00,£1.20/100ml,£6.75 Clubcard Price,,/groceries/en-GB/products/311272098,https://digitalcontent.api.tesco.com/v2/media/ghs/4aa4aba5-95e7-4f4d-a741-ef168d5346b5/6697c2d2-9016-4316-8054-d443c98d4045_1658496771.jpeg?h=225&w=225,
310275338,Castrol Magnatec 5W-20 E 1L,https://www.tesco.com/groceries/en-GB/shop/home-and-ents/all?department=DIY%20%26%20Car%20Care&viewAll=department&page=,£10.00,"£10,000.00/litre",,,/groceries/en-GB/products/310275338,https://digitalcontent.api.tesco.com/v2/media/ghs/4946d811-7916-4511-8b92-2a4905895ca5/4e967884-dd3f-4034-ab34-f6ac3c1614cc_430644591.jpeg?h=225&w=225,
291585553,Redex Dpf Cleaner 250Ml,https://www.tesco.com/groceries/en-GB/shop/home-and-ents/all?department=DIY%20%26%20Car%20Care&viewAll=department&page=,£9.00,£36.00/litre,,,/groceries/en-GB/products/291585553,https://digitalcontent.api.tesco.com/v2/media/ghs/b14c706e-ba4f-4e25-baa4-446cccb64f31/ea895066-83b6-44a5-966e-ee4db5db40e8_1812541590.jpeg?h=225&w=225,
285281535,Tesco 5W30 F. Synthetic Oil Bmw/Vx/Mb 2L,https://www.tesco.com/groceries/en-GB/shop/home-and-ents/all?department=DIY%20%26%20Car%20Care&viewAll=department&page=,£14.00,£7.00/litre,,,/groceries/en-GB/products/285281535,https://digitalcontent.api.tesco.com/v2/media/ghs/d479f02a-abe0-46f5-896e-b8017db7bedf/1008dbd1-8771-4121-b30a-ec0bb9b34526_2115348206.jpeg?h=225&w=225,
285281489,Tesco 15W40 Mineral Oil 4L,https://www.tesco.com/groceries/en-GB/shop/home-and-ents/all?department=DIY%20%26%20Car%20Care&viewAll=department&page=,£17.00,£4.25/litre,,,/groceries/en-GB/products/285281489,https://digitalcontent.api.tesco.com/v2/media/ghs/7682a3f8-de08-4a88-8e6c-b81a4a827726/8dee3a25-d158-4ad5-aa11-83d642d87f98_1137035254.jpeg?h=225&w=225,
285281506,Tesco 10W40 Part Synthetic Oil 4L,https://www.tesco.com/groceries/en-GB/shop/home-and-ents/all?department=DIY%20%26%20Car%20Care&viewAll=department&page=,£17.00,£4.25/litre,,,/groceries/en-GB/products/285281506,https://digitalcontent.api.tesco.com/v2/media/ghs/b412710d-74d2-461d-abee-ec67535a98d3/9976eaa6-5754-4d29-83b3-3f430480d12a_144302573.jpeg?h=225&w=225,
276554964,Master Lock 20Mm Keyed Padlock Twin Pack,https://www.tesco.com/groceries/en-GB/shop/home-and-ents/all?department=DIY%20%26%20Car%20Care&viewAll=department&page=,£6.00,£3.00/each,,,/groceries/en-GB/products/276554964,https://digitalcontent.api.tesco.com/v2/media/ghs/12724f73-1b94-4616-a9c9-fa92feeb023f/c1149d92-9ec8-462b-9f1e-de31d54577d2_640669451.jpeg?h=225&w=225,
263459112,Redex Petrol Sys Cleaner 250Ml,https://www.tesco.com/groceries/en-GB/shop/home-and-ents/all?department=DIY%20%26%20Car%20Care&viewAll=department&page=,£5.00,£20.00/litre,,,/groceries/en-GB/products/263459112,https://digitalcontent.api.tesco.com/v2/media/ghs/b00c5374-6e71-4f38-b497-72e1fd60659a/3eacd9e1-169e-4a0f-a38e-2b7db7ff82cf_1798105981.jpeg?h=225&w=225,
310667572,Jelly Belly Duo Vent Island Punch,https://www.tesco.com/groceries/en-GB/shop/home-and-ents/all?department=DIY%20%26%20Car%20Care&viewAll=department&page=,£4.50,£2.25/each,,,/groceries/en-GB/products/310667572,https://digitalcontent.api.tesco.com/v2/media/ghs/96047733-1e39-4d27-bf05-99b42576ca0d/86afbcf2-0d4c-4688-bbec-5fe7f6e04ba3_245280302.jpeg?h=225&w=225,
295450827,Urbii Universal Car Holder,https://www.tesco.com/groceries/en-GB/shop/home-and-ents/all?department=DIY%20%26%20Car%20Care&viewAll=department&page=,£6.00,£6.00/each,,,/groceries/en-GB/products/295450827,https://digitalcontent.api.tesco.com/v2/media/ghs/a48c1b1a-ef5a-49e7-9891-147ac2f7254e/d6598aca-f041-4081-b1e7-1c67f39fcb1f_1705291038.jpeg?h=225&w=225,
304717920,Prestone Max Visibility Screenwash 5L,https://www.tesco.com/groceries/en-GB/shop/home-and-ents/all?department=DIY%20%26%20Car%20Care&viewAll=department&page=,£6.00,£1.20/litre,,,/groceries/en-GB/products/304717920,https://digitalcontent.api.tesco.com/v2/media/ghs/536f0052-a46c-4337-86b3-cdae8525cfb4/28d758e6-b244-45d5-9fcf-1cfc7d16094d_473390054.jpeg?h=225&w=225,
297478417,Jelly Belly Gel Can Blueberry,https://www.tesco.com/groceries/en-GB/shop/home-and-ents/all?department=DIY%20%26%20Car%20Care&viewAll=department&page=,£4.50,£4.50/each,,,/groceries/en-GB/products/297478417,https://digitalcontent.api.tesco.com/v2/media/ghs/4026e5fb-9be8-4666-a5ac-e60c925ba2ef/d7bb3173-7cc5-4d59-904f-e19d277d3c2f_363758626.jpeg?h=225&w=225,
308710057,Duck Wide Masking Tape,https://www.tesco.com/groceries/en-GB/shop/home-and-ents/all?department=DIY%20%26%20Car%20Care&viewAll=department&page=,£3.00,£3.00/each,,,/groceries/en-GB/products/308710057,https://digitalcontent.api.tesco.com/v2/media/ghs/c80ecc88-2cf9-48b2-8739-8ab5b5642a8c/27fd4698-3228-457e-8c28-127c345bf97d_285907848.jpeg?h=225&w=225,
298866976,Febreze Spring Awakening Car Clip Air Freshener,https://www.tesco.com/groceries/en-GB/shop/home-and-ents/all?department=DIY%20%26%20Car%20Care&viewAll=department&page=,£3.00,£3.00/each,,,/groceries/en-GB/products/298866976,https://digitalcontent.api.tesco.com/v2/media/ghs/24a06b25-d7f6-4dd9-a67c-caf77a2998ba/7f232b84-3a98-4569-983e-853a958ada9f_474211817.jpeg?h=225&w=225,
271551710,Duck Tape 50Mm X 25M Black,https://www.tesco.com/groceries/en-GB/shop/home-and-ents/all?department=DIY%20%26%20Car%20Care&viewAll=department&page=,£4.00,£4.00/each,,,/groceries/en-GB/products/271551710,https://digitalcontent.api.tesco.com/v2/media/ghs/89b21eeb-bd8c-4c34-a84a-24e0efebfac7/705dbd9f-e947-4544-a03d-b138bd5a6b59_1699898944.jpeg?h=225&w=225,
265832485,Command Medium Hooks 2 Pack,https://www.tesco.com/groceries/en-GB/shop/home-and-ents/all?department=DIY%20%26%20Car%20Care&viewAll=department&page=,£3.70,£1.85/each,,,/groceries/en-GB/products/265832485,https://digitalcontent.api.tesco.com/v2/media/ghs/f42f6eb9-d7ea-48ee-9807-2f067152e455/99b229da-8d76-4301-801c-257451a01d87_375121317.jpeg?h=225&w=225,
281078823,Yankee Candle Clean Cotton Car Air Freshener,https://www.tesco.com/groceries/en-GB/shop/home-and-ents/all?department=DIY%20%26%20Car%20Care&viewAll=department&page=,£2.50,£2.50/each,,,/groceries/en-GB/products/281078823,https://digitalcontent.api.tesco.com/v2/media/ghs/85e806ab-ab9e-4821-abfe-eb3c6cbf115a/6938b4de-8520-4758-b9fe-3006195dde15_1943343407.jpeg?h=225&w=225,
305921964,Locitite 2X 3G Gel,https://www.tesco.com/groceries/en-GB/shop/home-and-ents/all?department=DIY%20%26%20Car%20Care&viewAll=department&page=,£6.00,£3.00/each,,,/groceries/en-GB/products/305921964,https://digitalcontent.api.tesco.com/v2/media/ghs/bb565961-ee5b-4698-a2d6-47032b9b2a9b/93ce4d48-ffac-45bd-aa1e-b6ab3615fe1c_119701104.jpeg?h=225&w=225,
298571339,Sterling Cable Ties Set,https://www.tesco.com/groceries/en-GB/shop/home-and-ents/all?department=DIY%20%26%20Car%20Care&viewAll=department&page=,£2.50,£2.50/each,,,/groceries/en-GB/products/298571339,https://digitalcontent.api.tesco.com/v2/media/ghs/0b0ba3dd-19cb-4edb-ac4a-dc08e3ceb0a3/6ca22605-bf69-4a19-87b5-1591ff2a006d_688144065.jpeg?h=225&w=225,
284886173,Command Clear Medium Hook 2 Pack,https://www.tesco.com/groceries/en-GB/shop/home-and-ents/all?department=DIY%20%26%20Car%20Care&viewAll=department&page=,£4.00,£2.00/each,£3.20 Clubcard Price,,/groceries/en-GB/products/284886173,https://digitalcontent.api.tesco.com/v2/media/ghs/65cf6e6d-5ecb-4524-90e4-dbe173a61314/1f8f8f5e-ff8b-409f-abce-41ca5827abfd_1976484058.jpeg?h=225&w=225,
305488059,Tesco Tyre And Bumper Shine 500Ml,https://www.tesco.com/groceries/en-GB/shop/home-and-ents/all?department=DIY%20%26%20Car%20Care&viewAll=department&page=,£2.00,£4.00/litre,,,/groceries/en-GB/products/305488059,https://digitalcontent.api.tesco.com/v2/media/ghs/14b1c0a9-8ac3-4ac9-bb0a-78a40720bec1/534d4fd7-4f48-48ae-a18c-49032c0c1a58_999768995.jpeg?h=225&w=225,
305488071,Tesco Upholstery Cleaner 500Ml,https://www.tesco.com/groceries/en-GB/shop/home-and-ents/all?department=DIY%20%26%20Car%20Care&viewAll=department&page=,£2.00,£4.00/litre,,,/groceries/en-GB/products/305488071,https://digitalcontent.api.tesco.com/v2/media/ghs/233f42ab-e77d-4210-a118-41ca5808e55f/56dd464c-c5b3-463b-9814-725dca510896_115970443.jpeg?h=225&w=225,
298074790,Tesco Sugar Soap,https://www.tesco.com/groceries/en-GB/shop/home-and-ents/all?department=DIY%20%26%20Car%20Care&viewAll=department&page=,£2.50,£2.50/each,,,/groceries/en-GB/products/298074790,https://digitalcontent.api.tesco.com/v2/media/ghs/68b503bd-0ce4-4737-8ac1-9936a75e0691/e558b796-4756-4c23-8a52-fd5fe01ed6ee_539180889.jpeg?h=225&w=225,
312211671,Securefix Picture Hanging Strips Large 4 Pack,https://www.tesco.com/groceries/en-GB/shop/home-and-ents/all?department=DIY%20%26%20Car%20Care&viewAll=department&page=,£2.50,£0.62/each,,New,/groceries/en-GB/products/312211671,https://digitalcontent.api.tesco.com/v2/media/ghs/b1b77249-68ec-4902-a214-c68db6215747/18734a6d-f258-475d-9815-5e78cab15ae9_1645098436.jpeg?h=225&w=225,
301709923,Aromatherapy Biker Oud & Pepper Air Freshener,https://www.tesco.com/groceries/en-GB/shop/home-and-ents/all?department=DIY%20%26%20Car%20Care&viewAll=department&page=,£1.50,£1.50/each,,,/groceries/en-GB/products/301709923,https://digitalcontent.api.tesco.com/v2/media/ghs/cf0ed8c0-22c2-4635-ba51-e08f713a4d3c/737c1c0f-9831-40d7-8644-459f46159499_63617249.jpeg?h=225&w=225,
293146356,Tesco 3Pc Microfibre Cloths 3 Pack,https://www.tesco.com/groceries/en-GB/shop/home-and-ents/all?department=DIY%20%26%20Car%20Care&viewAll=department&page=,£2.00,£0.67/each,,,/groceries/en-GB/products/293146356,https://digitalcontent.api.tesco.com/v2/media/ghs/286cb10c-f6a3-407e-a93a-7a9d578a5a24/8c9f5c15-f811-4eb7-855b-ee7ac14504e8_58835831.jpeg?h=225&w=225,
306274973,Little Tree Wild Cherry Air Freshener,https://www.tesco.com/groceries/en-GB/shop/home-and-ents/all?department=DIY%20%26%20Car%20Care&viewAll=department&page=,£1.50,£1.50/each,,,/groceries/en-GB/products/306274973,https://digitalcontent.api.tesco.com/v2/media/ghs/3bf539ff-55ea-4c10-9711-a34a5b0db025/909066ac-f951-4ec8-872a-3ef62b41e0b5_858971175.jpeg?h=225&w=225,
281078691,Little Tree Cotton Candy,https://www.tesco.com/groceries/en-GB/shop/home-and-ents/all?department=DIY%20%26%20Car%20Care&viewAll=department&page=,£1.50,£1.50/each,,,/groceries/en-GB/products/281078691,https://digitalcontent.api.tesco.com/v2/media/ghs/9c01683a-dc40-412f-b6dc-6c0a90fe9a44/cbf137a3-0ef0-44cc-8a77-1de9e7efa1b9_1737083296.jpeg?h=225&w=225,
312212854,Securefix Contact Adhesive 40G,https://www.tesco.com/groceries/en-GB/shop/home-and-ents/all?department=DIY%20%26%20Car%20Care&viewAll=department&page=,£2.00,£5.00/100g,,New,/groceries/en-GB/products/312212854,https://digitalcontent.api.tesco.com/v2/media/ghs/d3ab57b2-b67d-4faf-b9ee-ec2191fcd395/9a06ca6b-dc71-4656-a141-acd4888ebb3d_323815430.jpeg?h=225&w=225,
311785418,Securefix Utensil Hooks 3 Pack,https://www.tesco.com/groceries/en-GB/shop/home-and-ents/all?department=DIY%20%26%20Car%20Care&viewAll=department&page=,£2.00,£0.67/each,,New,/groceries/en-GB/products/311785418,https://digitalcontent.api.tesco.com/v2/media/ghs/6c392b33-67c7-47b6-8f3c-05e6e15a5e29/6f862aac-3f8a-4e11-9680-9e76c1a7811d_980880152.jpeg?h=225&w=225,
267347716,Command Small Picture Hanging Strips 4 Sets,https://www.tesco.com/groceries/en-GB/shop/home-and-ents/all?department=DIY%20%26%20Car%20Care&viewAll=department&page=,£3.00,£3.00/each,£2.40 Clubcard Price,,/groceries/en-GB/products/267347716,https://digitalcontent.api.tesco.com/v2/media/ghs/67f92acd-581b-4aed-9a1e-eb9cfdf6f440/64c5ab6e-14ea-41f0-9af2-93c2bb669982_1581451843.jpeg?h=225&w=225,
291271158,Little Tree Arctic White,https://www.tesco.com/groceries/en-GB/shop/home-and-ents/all?department=DIY%20%26%20Car%20Care&viewAll=department&page=,£1.50,£1.50/each,,,/groceries/en-GB/products/291271158,https://digitalcontent.api.tesco.com/v2/media/ghs/356b8528-41d1-466a-913b-e6b1eca667d5/d76b53c8-fd63-4ab5-8b0a-0712668e1098_1738388139.jpeg?h=225&w=225,
310293028,Tesco Carded Berries Car Air Freshener,https://www.tesco.com/groceries/en-GB/shop/home-and-ents/all?department=DIY%20%26%20Car%20Care&viewAll=department&page=,£1.00,£1.00/each,,,/groceries/en-GB/products/310293028,https://digitalcontent.api.tesco.com/v2/media/ghs/8368e470-4aef-4fb5-9927-b5d0913086a8/f8e403cc-468a-4975-a272-363bc1ed776d_628979585.jpeg?h=225&w=225,
294347042,Tesco Carded Ice Air Freshener,https://www.tesco.com/groceries/en-GB/shop/home-and-ents/all?department=DIY%20%26%20Car%20Care&viewAll=department&page=,£1.00,£1.00/each,,,/groceries/en-GB/products/294347042,https://digitalcontent.api.tesco.com/v2/media/ghs/5421d740-0751-4dd0-9fc3-851c9fbc9ced/14def1b3-390f-4c0d-837d-17e76151bb55_1593456817.jpeg?h=225&w=225,
293097800,Tesco Carded Vanilla,https://www.tesco.com/groceries/en-GB/shop/home-and-ents/all?department=DIY%20%26%20Car%20Care&viewAll=department&page=,£1.00,£1.00/each,,,/groceries/en-GB/products/293097800,https://digitalcontent.api.tesco.com/v2/media/ghs/b3677b8f-ea50-47f1-a769-20067397764b/76ff9685-03c9-4f94-a7b4-f0c9e5c75c5b_1972750450.jpeg?h=225&w=225,
309516925,Tesco Carded Rhubarb & Custard Air Freshener,https://www.tesco.com/groceries/en-GB/shop/home-and-ents/all?department=DIY%20%26%20Car%20Care&viewAll=department&page=,£1.00,£1.00/each,,,/groceries/en-GB/products/309516925,https://digitalcontent.api.tesco.com/v2/media/ghs/f2494a37-f6ab-415f-ae20-ef77169b18d9/f6623593-d333-4d66-97e3-b97a848c043f_503614585.jpeg?h=225&w=225,
310726353,Prestone 2.5L Screenwash,https://www.tesco.com/groceries/en-GB/shop/home-and-ents/all?department=DIY%20%26%20Car%20Care&viewAll=department&page=,£4.50,£1.80/litre,,,/groceries/en-GB/products/310726353,https://digitalcontent.api.tesco.com/v2/media/ghs/273345bb-42bc-44dd-beae-0603b91b6878/746f70a1-3466-4fc8-9c74-250d89c0598b_1509798090.jpeg?h=225&w=225,
261841117,"Tesco Loss Free Brush 1""",https://www.tesco.com/groceries/en-GB/shop/home-and-ents/all?department=DIY%20%26%20Car%20Care&viewAll=department&page=,£1.50,£1.50/each,,,/groceries/en-GB/products/261841117,https://digitalcontent.api.tesco.com/v2/media/ghs/88856890-ab5d-477b-8b84-1d68096da25a/1056313a-2360-47d6-b45a-c0eda0c48d94_667463429.jpeg?h=225&w=225,
306351058,Keep It Handy Cable Ties 50 Pack,https://www.tesco.com/groceries/en-GB/shop/home-and-ents/all?department=DIY%20%26%20Car%20Care&viewAll=department&page=,£1.00,£0.02/each,,,/groceries/en-GB/products/306351058,https://digitalcontent.api.tesco.com/v2/media/ghs/75a0fefb-1857-40cb-ab72-0d482d100e68/c5ed58ad-9bee-4b30-bdf8-14520d65733e_694325989.jpeg?h=225&w=225,
311951366,Securefix Picture Hanging Strips Small 4 Pack,https://www.tesco.com/groceries/en-GB/shop/home-and-ents/all?department=DIY%20%26%20Car%20Care&viewAll=department&page=,£1.50,£0.38/each,,New,/groceries/en-GB/products/311951366,https://digitalcontent.api.tesco.com/v2/media/ghs/55db3290-dc61-43c1-8322-83124643d563/028c9112-ff94-4e17-98f7-359efc80aee3_734605331.jpeg?h=225&w=225,
306350946,Keep It Handy Felt Pads 50 Pack,https://www.tesco.com/groceries/en-GB/shop/home-and-ents/all?department=DIY%20%26%20Car%20Care&viewAll=department&page=,£1.00,£0.02/each,,,/groceries/en-GB/products/306350946,https://digitalcontent.api.tesco.com/v2/media/ghs/93f23427-09d2-41fc-83f5-e9eee766fc13/c6287000-45b9-497b-a5db-f0f835480ee7_2082639537.jpeg?h=225&w=225,
306350981,Keep It Handy Metal Hooks 4 Pack,https://www.tesco.com/groceries/en-GB/shop/home-and-ents/all?department=DIY%20%26%20Car%20Care&viewAll=department&page=,£1.00,£0.25/each,,,/groceries/en-GB/products/306350981,https://digitalcontent.api.tesco.com/v2/media/ghs/2d6e3428-1b16-403a-af60-b0649dce0f60/ce51bd43-98e4-4b9e-bc34-25f9e34d08cf_1608802450.jpeg?h=225&w=225,
309516948,Tesco Carded Strawberry Laces Air Freshener,https://www.tesco.com/groceries/en-GB/shop/home-and-ents/all?department=DIY%20%26%20Car%20Care&viewAll=department&page=,£1.00,£1.00/each,,,/groceries/en-GB/products/309516948,https://digitalcontent.api.tesco.com/v2/media/ghs/2dd9eeb4-868c-4f0d-9298-c71654457a17/f8a05192-3c80-4d32-8889-7f03799596e5_1538859490.jpeg?h=225&w=225,
306350606,Keep It Handy Rope 20M,https://www.tesco.com/groceries/en-GB/shop/home-and-ents/all?department=DIY%20%26%20Car%20Care&viewAll=department&page=,£1.00,£1.00/each,,,/groceries/en-GB/products/306350606,https://digitalcontent.api.tesco.com/v2/media/ghs/d94717c3-2736-41c3-887f-e514ea669a14/8c829e98-edbc-4115-a459-d26428611f4b_1007392813.jpeg?h=225&w=225,
304101139,Tesco Chamois Demister Pad,https://www.tesco.com/groceries/en-GB/shop/home-and-ents/all?department=DIY%20%26%20Car%20Care&viewAll=department&page=,£1.00,£1.00/each,,,/groceries/en-GB/products/304101139,https://digitalcontent.api.tesco.com/v2/media/ghs/872d177f-ea1f-4dd0-b08d-027b44a8aced/1882aeb8-ae26-4ad3-8a4f-522ed418f414_1824175094.jpeg?h=225&w=225,
306350566,Keep It Handy 6 In 1 Screwdriver,https://www.tesco.com/groceries/en-GB/shop/home-and-ents/all?department=DIY%20%26%20Car%20Care&viewAll=department&page=,£1.00,£1.00/each,,,/groceries/en-GB/products/306350566,https://digitalcontent.api.tesco.com/v2/media/ghs/224f5e16-0cfa-49b4-bd96-4f685f810d30/9f706144-8185-4682-bb1f-11b84633a69c_1605622920.jpeg?h=225&w=225,
311251745,Johnstones Wall & Ceiling Paint Matte Grey 5L,https://www.tesco.com/groceries/en-GB/shop/home-and-ents/all?department=DIY%20%26%20Car%20Care&viewAll=department&page=,£16.00,£3.20/litre,,,/groceries/en-GB/products/311251745,https://digitalcontent.api.tesco.com/v2/media/ghs/bd90191e-bc4b-4ea8-a1d3-8d11dd710357/bcfc08a8-16dc-4b1d-9b05-015e21616b7b_866532664.jpeg?h=225&w=225,
312581024,Unibond Aero 360 Compact Moisture Absorber,https://www.tesco.com/groceries/en-GB/shop/home-and-ents/all?department=DIY%20%26%20Car%20Care&viewAll=department&page=,£12.00,£12.00/each,,New,/groceries/en-GB/products/312581024,https://digitalcontent.api.tesco.com/v2/media/ghs/1fc36add-da39-466b-b888-8c18104cb2de/78671b2a-7f07-42ad-9499-0eb2be2be212_1764210690.jpeg?h=225&w=225,
295153413,Prestone Antifreeze / Coolant 4L,https://www.tesco.com/groceries/en-GB/shop/home-and-ents/all?department=DIY%20%26%20Car%20Care&viewAll=department&page=,£16.00,£4.00/litre,,,/groceries/en-GB/products/295153413,https://digitalcontent.api.tesco.com/v2/media/ghs/426c221d-ce81-43b2-ab32-6ecfd98beaa9/82be60fd-0d14-4e1d-95f2-9e09f7a5d168_1216466123.jpeg?h=225&w=225,
285281512,Tesco 5W30 Fully Synthetic Oil Ford 2L,https://www.tesco.com/groceries/en-GB/shop/home-and-ents/all?department=DIY%20%26%20Car%20Care&viewAll=department&page=,£14.00,£7.00/litre,,,/groceries/en-GB/products/285281512,https://digitalcontent.api.tesco.com/v2/media/ghs/637aacff-d0f6-46a8-9a31-fdeec50f54f5/65d2ea44-9c8e-418a-8f66-958e6b05611a_891078090.jpeg?h=225&w=225,
304568767,Tesco 5W-30 Psa 2L,https://www.tesco.com/groceries/en-GB/shop/home-and-ents/all?department=DIY%20%26%20Car%20Care&viewAll=department&page=,£14.00,£7.00/litre,,,/groceries/en-GB/products/304568767,https://digitalcontent.api.tesco.com/v2/media/ghs/b9146611-0558-4b53-b2d5-dbfe5d054475/52713d72-384a-4728-8882-b136141675fd_2034825190.jpeg?h=225&w=225,
311672609,Johnstones Revive Finishing Wax Clear 500Ml,https://www.tesco.com/groceries/en-GB/shop/home-and-ents/all?department=DIY%20%26%20Car%20Care&viewAll=department&page=,£10.00,£2.00/100ml,£7.50 Clubcard Price,,/groceries/en-GB/products/311672609,https://digitalcontent.api.tesco.com/v2/media/ghs/644a526d-d7a1-4ce1-9e4e-93d3c2021bc4/ac78204c-6935-4f98-b954-ba9dca7228f7_2002205685.jpeg?h=225&w=225,
294775957,Tesco 29Pc Screwdriver Set,https://www.tesco.com/groceries/en-GB/shop/home-and-ents/all?department=DIY%20%26%20Car%20Care&viewAll=department&page=,£10.00,£10.00/each,,,/groceries/en-GB/products/294775957,https://digitalcontent.api.tesco.com/v2/media/ghs/9c625958-03fc-41bf-b96c-25138fd99d7a/b7547a3e-c80c-40f6-a305-6ea518989a38_2088755305.jpeg?h=225&w=225,
293058489,Unibond Bathroom Sealant White 274G,https://www.tesco.com/groceries/en-GB/shop/home-and-ents/all?department=DIY%20%26%20Car%20Care&viewAll=department&page=,£8.00,£29.20/kg,,,/groceries/en-GB/products/293058489,https://digitalcontent.api.tesco.com/v2/media/ghs/0ae27a5c-1183-4a8b-a100-475145fffc26/be7d026e-c111-4d76-ac7f-cb8d59c47e30_1968906751.jpeg?h=225&w=225,
308446358,Gorilla 11M Tape Silver,https://www.tesco.com/groceries/en-GB/shop/home-and-ents/all?department=DIY%20%26%20Car%20Care&viewAll=department&page=,£8.00,£0.73/metre,,,/groceries/en-GB/products/308446358,https://digitalcontent.api.tesco.com/v2/media/ghs/fc8f6496-dbe5-431f-ac0b-6bf1b6d9a803/ce4a17c5-6ef1-4080-af0c-331b6eb58883_1106804646.jpeg?h=225&w=225,
293230515,Custopol Car Mat Eboli Textile Black,https://www.tesco.com/groceries/en-GB/shop/home-and-ents/all?department=DIY%20%26%20Car%20Care&viewAll=department&page=,£9.00,£9.00/each,,,/groceries/en-GB/products/293230515,https://digitalcontent.api.tesco.com/v2/media/ghs/6df6e81f-142c-4795-a072-275d0309afec/c972fd81-47e5-4d5c-b16a-3d606aa796e5_1403104670.jpeg?h=225&w=225,
287525809,Simoniz Clear Vision Glass Cleaner,https://www.tesco.com/groceries/en-GB/shop/home-and-ents/all?department=DIY%20%26%20Car%20Care&viewAll=department&page=,£5.50,£11.00/litre,,,/groceries/en-GB/products/287525809,https://digitalcontent.api.tesco.com/v2/media/ghs/5dda5951-3b63-42b1-81d8-b01a1fb71821/46a5fa8c-ca08-4c0f-9388-a9743f9c9467_1146693842.jpeg?h=225&w=225,
291787723,Command Large Picture Hanging Strips Combo Pack,https://www.tesco.com/groceries/en-GB/shop/home-and-ents/all?department=DIY%20%26%20Car%20Care&viewAll=department&page=,£10.00,£10.00/each,,,/groceries/en-GB/products/291787723,https://digitalcontent.api.tesco.com/v2/media/ghs/13de2569-d50e-404a-ac5d-13c1eefaf9dc/52749e04-380c-4465-b554-273836d12089_738066578.jpeg?h=225&w=225,
287716653,Simoniz Matte Dashboard Cleaner 500Ml,https://www.tesco.com/groceries/en-GB/shop/home-and-ents/all?department=DIY%20%26%20Car%20Care&viewAll=department&page=,£5.50,£11.00/litre,,,/groceries/en-GB/products/287716653,https://digitalcontent.api.tesco.com/v2/media/ghs/3558a240-39da-4ba6-8181-d7392a8f61ce/164f350a-49ed-4d13-a7e9-7597981f91c6_1445947952.jpeg?h=225&w=225,
271551664,Frogtape Masking Tape 24Mm X 41.1M,https://www.tesco.com/groceries/en-GB/shop/home-and-ents/all?department=DIY%20%26%20Car%20Care&viewAll=department&page=,£7.00,£7.00/each,,,/groceries/en-GB/products/271551664,https://digitalcontent.api.tesco.com/v2/media/ghs/6f0bc71b-44c3-445c-a1ff-803fef228e0f/4df0bd5c-7f74-4f69-8f71-239b641e8d22_752767779.jpeg?h=225&w=225,
295430362,Urbii Car Charger Dual Usb,https://www.tesco.com/groceries/en-GB/shop/home-and-ents/all?department=DIY%20%26%20Car%20Care&viewAll=department&page=,£6.00,£6.00/each,,,/groceries/en-GB/products/295430362,https://digitalcontent.api.tesco.com/v2/media/ghs/c1782ca4-f40e-4b69-af2d-215cb461d970/d3ba51d5-694c-4185-be26-d1183d4b6a34_1850101937.jpeg?h=225&w=225,
272481543,Simoniz Microfibre Wash Mitt,https://www.tesco.com/groceries/en-GB/shop/home-and-ents/all?department=DIY%20%26%20Car%20Care&viewAll=department&page=,£5.00,£5.00/each,,,/groceries/en-GB/products/272481543,https://digitalcontent.api.tesco.com/v2/media/ghs/9c5f37b8-e608-4452-a1a9-05153238e5fb/10bf839e-5aa8-4716-a871-f6c4beb1c6a7_1674849190.jpeg?h=225&w=225,
308531044,Addis Step Stool 29Cm,https://www.tesco.com/groceries/en-GB/shop/home-and-ents/all?department=DIY%20%26%20Car%20Care&viewAll=department&page=,£6.00,£6.00/each,,,/groceries/en-GB/products/308531044,https://digitalcontent.api.tesco.com/v2/media/ghs/3620952a-e233-4111-8224-9c50013ac8aa/8dfd2a7c-0776-41d3-b154-d470179f1e37_1996456883.jpeg?h=225&w=225,
295450840,Urbii Vent Clip Holder,https://www.tesco.com/groceries/en-GB/shop/home-and-ents/all?department=DIY%20%26%20Car%20Care&viewAll=department&page=,£6.00,£6.00/each,,,/groceries/en-GB/products/295450840,https://digitalcontent.api.tesco.com/v2/media/ghs/866ae455-e972-4625-9237-c480be7b51c5/12f2ebfc-2b20-4a8f-9757-b98f9f259fa5_933137953.jpeg?h=225&w=225,
308640519,Loctite 20G Liquid,https://www.tesco.com/groceries/en-GB/shop/home-and-ents/all?department=DIY%20%26%20Car%20Care&viewAll=department&page=,£6.00,£300.00/kg,,,/groceries/en-GB/products/308640519,https://digitalcontent.api.tesco.com/v2/media/ghs/214fd140-4b0c-465a-a683-ff0d11fddccb/29c577b4-a4a3-4127-9890-b5503e5004d0_1783313060.jpeg?h=225&w=225,
294518480,Tesco 400Mm Spirit Level,https://www.tesco.com/groceries/en-GB/shop/home-and-ents/all?department=DIY%20%26%20Car%20Care&viewAll=department&page=,£4.00,£4.00/each,,,/groceries/en-GB/products/294518480,https://digitalcontent.api.tesco.com/v2/media/ghs/7dccd7e0-8d72-43ab-b6fd-669fa69ed7b9/d2316493-1438-4709-8fd9-e08eda269302_1590763650.jpeg?h=225&w=225,
310019188,Tesco Sink Plunger Blue Grey,https://www.tesco.com/groceries/en-GB/shop/home-and-ents/all?department=DIY%20%26%20Car%20Care&viewAll=department&page=,£4.00,£4.00/each,,,/groceries/en-GB/products/310019188,https://digitalcontent.api.tesco.com/v2/media/ghs/ab56f2d4-907a-47aa-9cd3-3f5f44a2d222/a14ea16c-ffad-49d8-b618-e3023aa1c518_1127480610.jpeg?h=225&w=225,
287525815,Simoniz Glass Wipes 20 Pack,https://www.tesco.com/groceries/en-GB/shop/home-and-ents/all?department=DIY%20%26%20Car%20Care&viewAll=department&page=,£3.50,£0.18/each,,,/groceries/en-GB/products/287525815,https://digitalcontent.api.tesco.com/v2/media/ghs/e1d766bd-18fd-4241-8df6-095f6843a8e0/942d7646-7cb7-4ef8-8cff-61a481ff0418_133208761.jpeg?h=225&w=225,
271629660,Command Large White Utility Hook 1 Hook 2 Strips,https://www.tesco.com/groceries/en-GB/shop/home-and-ents/all?department=DIY%20%26%20Car%20Care&viewAll=department&page=,£3.75,£3.75/each,,,/groceries/en-GB/products/271629660,https://digitalcontent.api.tesco.com/v2/media/ghs/49e5435f-ba6e-47fc-97bc-d7aadc447e33/54242c5c-e18f-4cae-afa0-292d6b0cf3fe_1662180386.jpeg?h=225&w=225,
250090987,Jelly Belly Air Freshener Very Cherry,https://www.tesco.com/groceries/en-GB/shop/home-and-ents/all?department=DIY%20%26%20Car%20Care&viewAll=department&page=,£3.00,£3.00/each,,,/groceries/en-GB/products/250090987,https://digitalcontent.api.tesco.com/v2/media/ghs/b51d1da6-35dd-4fab-b673-f715249d8679/0668581c-9d88-4cdb-abec-3d0331d27258_1823322235.jpeg?h=225&w=225,
307097039,Tesco Spray Cedar Wood 150Ml,https://www.tesco.com/groceries/en-GB/shop/home-and-ents/all?department=DIY%20%26%20Car%20Care&viewAll=department&page=,£3.00,£20.00/litre,,,/groceries/en-GB/products/307097039,https://digitalcontent.api.tesco.com/v2/media/ghs/3dcee1a6-97be-4e18-bcd5-7de830bb2de1/8428f985-87f5-47d8-bfe6-71782964fd00_1332999968.jpeg?h=225&w=225,
264051006,Command White Utensil Hooks 3 Hook 4 Strips,https://www.tesco.com/groceries/en-GB/shop/home-and-ents/all?department=DIY%20%26%20Car%20Care&viewAll=department&page=,£3.25,£3.25/each,,,/groceries/en-GB/products/264051006,https://digitalcontent.api.tesco.com/v2/media/ghs/aa84431e-8c38-4f77-b818-5d9d532665dc/a3eec54b-2ec3-45ed-b81c-2f3332c518f7_1537181329.jpeg?h=225&w=225,
291528582,Yankee Candle Black Coconut Car Air Freshener,https://www.tesco.com/groceries/en-GB/shop/home-and-ents/all?department=DIY%20%26%20Car%20Care&viewAll=department&page=,£2.50,£2.50/each,,,/groceries/en-GB/products/291528582,https://digitalcontent.api.tesco.com/v2/media/ghs/2f73f9b3-a6f7-4fa8-8a57-2c1b4be761f2/1a75739f-324b-42c4-be30-cca333864bd7_543251702.jpeg?h=225&w=225,
311214888,Febreze Air Freshener New Car Scent,https://www.tesco.com/groceries/en-GB/shop/home-and-ents/all?department=DIY%20%26%20Car%20Care&viewAll=department&page=,£3.00,"£1,500.00/kg",,,/groceries/en-GB/products/311214888,https://digitalcontent.api.tesco.com/v2/media/ghs/05052836-7b4c-4777-9e30-83e801a752fd/1b335560-1d2c-46f5-a0bd-7f620b907bed_1690449834.jpeg?h=225&w=225,
271551819,Duck Tape 50Mm X 25M Brown Packaging Tape,https://www.tesco.com/groceries/en-GB/shop/home-and-ents/all?department=DIY%20%26%20Car%20Care&viewAll=department&page=,£2.50,£2.50/each,,,/groceries/en-GB/products/271551819,https://digitalcontent.api.tesco.com/v2/media/ghs/fae81e8e-8b95-4deb-a245-d48b6de607ee/56ee5321-4619-46a4-a9e1-ddd90a724563_2018405873.jpeg?h=225&w=225,
294518543,Duck Double Sided Interior Tape,https://www.tesco.com/groceries/en-GB/shop/home-and-ents/all?department=DIY%20%26%20Car%20Care&viewAll=department&page=,£2.50,£2.50/each,,,/groceries/en-GB/products/294518543,https://digitalcontent.api.tesco.com/v2/media/ghs/f3edc07b-a716-47d6-99ac-c8ed9a39a056/3f424ec3-3f7a-48c7-9042-7c285c5baed5_1628343156.jpeg?h=225&w=225,
295335688,Tesco White Spirit 750Ml,https://www.tesco.com/groceries/en-GB/shop/home-and-ents/all?department=DIY%20%26%20Car%20Care&viewAll=department&page=,£2.50,£3.34/litre,,,/groceries/en-GB/products/295335688,https://digitalcontent.api.tesco.com/v2/media/ghs/2594ec41-5757-4ffa-8ca7-5ff2eeba44a2/snapshotimagehandler_2082394263.jpeg?h=225&w=225,
295335642,Tesco All Purpose Ready Mixed Filler 750G Tub,https://www.tesco.com/groceries/en-GB/shop/home-and-ents/all?department=DIY%20%26%20Car%20Care&viewAll=department&page=,£2.50,£3.34/kg,,,/groceries/en-GB/products/295335642,https://digitalcontent.api.tesco.com/v2/media/ghs/d2e9aef9-fc7b-4f26-b0da-fc1c1d3ce825/36eff929-90e7-405f-96c3-c79b3a7d44d2_1752666233.jpeg?h=225&w=225,
303757188,Aromatherapy Car Air Freshener King,https://www.tesco.com/groceries/en-GB/shop/home-and-ents/all?department=DIY%20%26%20Car%20Care&viewAll=department&page=,£1.50,£1.50/each,,,/groceries/en-GB/products/303757188,https://digitalcontent.api.tesco.com/v2/media/ghs/5989dba6-dca3-463c-8f8b-41cf82b536b8/7f523ccd-ab14-4024-bba5-0406f9849f79_658947213.jpeg?h=225&w=225,
305232783,Tesco Microfibre Towel 220Gsm 70X70,https://www.tesco.com/groceries/en-GB/shop/home-and-ents/all?department=DIY%20%26%20Car%20Care&viewAll=department&page=,£2.00,£2.00/each,,,/groceries/en-GB/products/305232783,https://digitalcontent.api.tesco.com/v2/media/ghs/0456e72b-4179-4af6-86ca-6f980b06799e/cee162ba-e89b-46a8-b4a3-7f83b7a0aef7_150417011.jpeg?h=225&w=225,
301704116,Aromatherapy Diamond Girl Air Freshener,https://www.tesco.com/groceries/en-GB/shop/home-and-ents/all?department=DIY%20%26%20Car%20Care&viewAll=department&page=,£1.50,£1.50/each,,,/groceries/en-GB/products/301704116,https://digitalcontent.api.tesco.com/v2/media/ghs/fd7b0e4c-3343-4df6-b7d0-2d0cd9ce2e5f/5d7c86b6-2c59-4212-9b0f-9f78dc59f623_736399107.jpeg?h=225&w=225,
291271164,Little Tree Summer Cotton,https://www.tesco.com/groceries/en-GB/shop/home-and-ents/all?department=DIY%20%26%20Car%20Care&viewAll=department&page=,£1.50,£1.50/each,,,/groceries/en-GB/products/291271164,https://digitalcontent.api.tesco.com/v2/media/ghs/8dc17ae6-a37d-4377-b047-f03fcd3fe25e/4572e56a-98ff-4d9e-bf6d-1639f6621912_1313727506.jpeg?h=225&w=225,
303757113,Aromatherapy Car Air Freshener Llama,https://www.tesco.com/groceries/en-GB/shop/home-and-ents/all?department=DIY%20%26%20Car%20Care&viewAll=department&page=,£1.50,£1.50/each,,,/groceries/en-GB/products/303757113,https://digitalcontent.api.tesco.com/v2/media/ghs/5c19b731-7921-48ad-8f68-6fe94790365a/31be796c-cbb1-44ec-8a57-911243f30e24_728694077.jpeg?h=225&w=225,
310681986,Little Trees United Kingdom Black Ice Air Freshener,https://www.tesco.com/groceries/en-GB/shop/home-and-ents/all?department=DIY%20%26%20Car%20Care&viewAll=department&page=,£1.50,£1.50/each,,,/groceries/en-GB/products/310681986,https://digitalcontent.api.tesco.com/v2/media/ghs/bfb51e53-1b5e-4840-b353-caa0fb967465/d8a3afa9-afb4-4e4d-834d-25ffe677fa36_2060838401.jpeg?h=225&w=225,
261841152,"Tesco Loss Free Brush 2""",https://www.tesco.com/groceries/en-GB/shop/home-and-ents/all?department=DIY%20%26%20Car%20Care&viewAll=department&page=,£2.00,£2.00/each,,,/groceries/en-GB/products/261841152,https://digitalcontent.api.tesco.com/v2/media/ghs/87938c0f-b871-40f3-8650-84998429421a/e3b84ab1-c3a2-4605-bd7f-0bf6d1f18bda_1739718025.jpeg?h=225&w=225,
312218715,Securefix Small Clear Hooks 2 Pack,https://www.tesco.com/groceries/en-GB/shop/home-and-ents/all?department=DIY%20%26%20Car%20Care&viewAll=department&page=,£2.00,£1.00/each,,,/groceries/en-GB/products/312218715,https://digitalcontent.api.tesco.com/v2/media/ghs/771ec5a0-7ea0-402f-a0d0-645b2550cd49/5145c6ae-6412-4ffa-895f-8ae9847c0a7a_1360300235.jpeg?h=225&w=225,
297466201,Tesco Sandpaper 20 Pack,https://www.tesco.com/groceries/en-GB/shop/home-and-ents/all?department=DIY%20%26%20Car%20Care&viewAll=department&page=,£1.50,£0.08/each,,,/groceries/en-GB/products/297466201,https://digitalcontent.api.tesco.com/v2/media/ghs/5c275f57-ff17-4f89-81ed-6410f32f36d5/b1ddb2ba-c2d7-4e9a-8dbe-0cbfa316a9f8_622905924.jpeg?h=225&w=225,
306350687,Keep It Handy Door Wedges Pk2,https://www.tesco.com/groceries/en-GB/shop/home-and-ents/all?department=DIY%20%26%20Car%20Care&viewAll=department&page=,£1.00,£0.50/each,,,/groceries/en-GB/products/306350687,https://digitalcontent.api.tesco.com/v2/media/ghs/6e405a6d-3ab7-483d-9695-c7096ecf0427/9cc31bb3-b126-406d-b448-db38d00c081a_2143832077.jpeg?h=225&w=225,
309516931,Tesco Carded Orange Sherbert Air Freshener,https://www.tesco.com/groceries/en-GB/shop/home-and-ents/all?department=DIY%20%26%20Car%20Care&viewAll=department&page=,£1.00,£1.00/each,,,/groceries/en-GB/products/309516931,https://digitalcontent.api.tesco.com/v2/media/ghs/7fb7fc66-75dd-4e78-8ddb-e36438ea197b/2c5f2032-9e49-4b17-90a6-6bc427171a02_153983148.jpeg?h=225&w=225,
309516954,Tesco Carded Summer Fruits Air Freshener,https://www.tesco.com/groceries/en-GB/shop/home-and-ents/all?department=DIY%20%26%20Car%20Care&viewAll=department&page=,£1.00,£1.00/each,,,/groceries/en-GB/products/309516954,https://digitalcontent.api.tesco.com/v2/media/ghs/e218efac-31d3-43e2-82a2-adc1c6711066/fe31eb65-480d-4a7b-a791-94037ac9ff16_1133293596.jpeg?h=225&w=225,
306350693,Keep It Handy Gripper Mat,https://www.tesco.com/groceries/en-GB/shop/home-and-ents/all?department=DIY%20%26%20Car%20Care&viewAll=department&page=,£1.00,£1.00/each,,,/groceries/en-GB/products/306350693,https://digitalcontent.api.tesco.com/v2/media/ghs/a9b6dc0e-6716-461d-918c-7af164b6403f/3fcde2f5-6a7e-4c6a-b30e-b2be8d17d60d_165259162.jpeg?h=225&w=225,
306350779,Keep It Handy Picture Hanging Kit 172Pk,https://www.tesco.com/groceries/en-GB/shop/home-and-ents/all?department=DIY%20%26%20Car%20Care&viewAll=department&page=,£1.00,£0.01/each,,,/groceries/en-GB/products/306350779,https://digitalcontent.api.tesco.com/v2/media/ghs/70aebf70-c1d6-4781-b966-09671de093e5/047037ee-dcd0-4a6f-9896-642e25f5b594_1165525362.jpeg?h=225&w=225,
311670525,Jml Mighty Sight Led Eyewear,https://www.tesco.com/groceries/en-GB/shop/home-and-ents/all?department=DIY%20%26%20Car%20Care&viewAll=department&page=,£19.99,£19.99/each,,,/groceries/en-GB/products/311670525,https://digitalcontent.api.tesco.com/v2/media/ghs/007c88c8-0ec9-4677-b12c-c57ab989ea33/9950d155-00f5-413d-b81f-cc1b62aa768b_501290926.jpeg?h=225&w=225,
308446364,Gorilla Weather Tape,https://www.tesco.com/groceries/en-GB/shop/home-and-ents/all?department=DIY%20%26%20Car%20Care&viewAll=department&page=,£15.00,£15.00/each,,,/groceries/en-GB/products/308446364,https://digitalcontent.api.tesco.com/v2/media/ghs/eef9f0f9-15c5-4ead-ba95-c44938cdd673/cf4eb539-3636-4273-804d-eaf9c54609ce_1443097202.jpeg?h=225&w=225,
285281570,Tesco 5W30 Fully Synthetic Oil Vw/Audi 2L,https://www.tesco.com/groceries/en-GB/shop/home-and-ents/all?department=DIY%20%26%20Car%20Care&viewAll=department&page=,£16.00,£8.00/litre,,,/groceries/en-GB/products/285281570,https://digitalcontent.api.tesco.com/v2/media/ghs/1cfba64d-5c51-4e47-942b-359cd4f2384a/c860ef57-883e-498c-80e9-a3b11e6f65c6_2036947496.jpeg?h=225&w=225,
308598137,Tesco 7Pc Car Clean Kit,https://www.tesco.com/groceries/en-GB/shop/home-and-ents/all?department=DIY%20%26%20Car%20Care&viewAll=department&page=,£12.00,£12.00/each,,,/groceries/en-GB/products/308598137,https://digitalcontent.api.tesco.com/v2/media/ghs/6276a7fb-db98-42ae-9ca2-ad7258d45078/2cf9912d-3260-4631-a1ae-2cba1829407a_177944935.jpeg?h=225&w=225,
276554941,Master Lock Excel 45Mm Padlock,https://www.tesco.com/groceries/en-GB/shop/home-and-ents/all?department=DIY%20%26%20Car%20Care&viewAll=department&page=,£10.00,£10.00/each,,,/groceries/en-GB/products/276554941,https://digitalcontent.api.tesco.com/v2/media/ghs/29c5874b-5257-40f9-bcf0-26b6b9a163c8/4695c771-b868-469a-a9c0-d06c7747148b_2039203395.jpeg?h=225&w=225,
311221009,Johnstones Dusty Morning Paint 750Ml,https://www.tesco.com/groceries/en-GB/shop/home-and-ents/all?department=DIY%20%26%20Car%20Care&viewAll=department&page=,£9.00,£1.20/100ml,£6.75 Clubcard Price,,/groceries/en-GB/products/311221009,https://digitalcontent.api.tesco.com/v2/media/ghs/e68099fd-f070-4c7a-9c2f-00051dfdfb15/6c6ad9e6-a9b6-46ec-91d4-e3a259f4f1f1_389977550.jpeg?h=225&w=225,
311951913,Redex Super-Fast Emissions Reducer Diesel,https://www.tesco.com/groceries/en-GB/shop/home-and-ents/all?department=DIY%20%26%20Car%20Care&viewAll=department&page=,£10.00,£40.00/litre,,,/groceries/en-GB/products/311951913,https://digitalcontent.api.tesco.com/v2/media/ghs/8a14c62e-0490-4581-bd7c-34da7b9b9810/153e8609-8f7f-45b4-810b-e515b7580f93_1108211768.jpeg?h=225&w=225,
265306246,Gorilla Glue Original 60Ml,https://www.tesco.com/groceries/en-GB/shop/home-and-ents/all?department=DIY%20%26%20Car%20Care&viewAll=department&page=,£6.50,£108.34/litre,,,/groceries/en-GB/products/265306246,https://digitalcontent.api.tesco.com/v2/media/ghs/f3964a65-d16f-473c-964d-c7b34fac053d/110ad55b-d6a2-43fb-8706-f4da6ede4467_540958045.jpeg?h=225&w=225,
304543641,Aromatherapy Ecoventis Car Dehumidifier,https://www.tesco.com/groceries/en-GB/shop/home-and-ents/all?department=DIY%20%26%20Car%20Care&viewAll=department&page=,£8.00,£8.00/each,,,/groceries/en-GB/products/304543641,https://digitalcontent.api.tesco.com/v2/media/ghs/b8f2ed9f-d706-4d41-befe-2a416bc2d76a/df6e8dbc-719d-4d88-b6bb-b6a4b4be8a89_845803899.jpeg?h=225&w=225,
291640760,Gorilla Superglue Gel 15G,https://www.tesco.com/groceries/en-GB/shop/home-and-ents/all?department=DIY%20%26%20Car%20Care&viewAll=department&page=,£7.50,£500.00/kg,,,/groceries/en-GB/products/291640760,https://digitalcontent.api.tesco.com/v2/media/ghs/cdfb6668-c199-4600-a0c9-9f7318a8f81d/f2b6ce6e-2797-4fa2-a6b3-910e9536243d_687779530.jpeg?h=225&w=225,
284350409,Unibond Triple Protection Grout Reviver,https://www.tesco.com/groceries/en-GB/shop/home-and-ents/all?department=DIY%20%26%20Car%20Care&viewAll=department&page=,£6.00,£6.00/each,,,/groceries/en-GB/products/284350409,https://digitalcontent.api.tesco.com/v2/media/ghs/7e76df42-686f-404e-86c3-79555b26ed13/3eabb9ef-1703-4315-9ccc-d4668c4e57fe_344140327.jpeg?h=225&w=225,
308750798,Simoniz Waterless Wash & Wax,https://www.tesco.com/groceries/en-GB/shop/home-and-ents/all?department=DIY%20%26%20Car%20Care&viewAll=department&page=,£5.50,£5.50/each,,,/groceries/en-GB/products/308750798,https://digitalcontent.api.tesco.com/v2/media/ghs/d433a89e-67e9-451f-82f9-b4f3f4ea2d8f/8ffb403e-119a-4ff1-84b1-1f59ebfa05db_2032694823.jpeg?h=225&w=225,
308640525,No More Nails Invisible Instant Grab,https://www.tesco.com/groceries/en-GB/shop/home-and-ents/all?department=DIY%20%26%20Car%20Care&viewAll=department&page=,£6.00,£6.00/each,,,/groceries/en-GB/products/308640525,https://digitalcontent.api.tesco.com/v2/media/ghs/66d1e834-ee3e-46d3-be78-bd716c86ece8/f6c223f0-0db3-467d-8741-bdd62430be69_2071981037.jpeg?h=225&w=225,
292010357,Yankee Candle Midsummers Night Car Jar Air Freshener,https://www.tesco.com/groceries/en-GB/shop/home-and-ents/all?department=DIY%20%26%20Car%20Care&viewAll=department&page=,£5.00,£5.00/each,,,/groceries/en-GB/products/292010357,https://digitalcontent.api.tesco.com/v2/media/ghs/482f6b6d-f313-4078-90db-8e32dd1d8678/c6d6d02a-589c-450b-857a-60e4cdd7fc78_986110608.jpeg?h=225&w=225,
310279582,Gorilla Contact Adhesive,https://www.tesco.com/groceries/en-GB/shop/home-and-ents/all?department=DIY%20%26%20Car%20Care&viewAll=department&page=,£7.00,£7.00/each,,,/groceries/en-GB/products/310279582,https://digitalcontent.api.tesco.com/v2/media/ghs/0c178a14-a8d3-46fa-999e-22efb37934ea/0a73cfa5-7835-487f-b9af-865f18b138c8_675678032.jpeg?h=225&w=225,
295335694,Tesco White Spirit 2L,https://www.tesco.com/groceries/en-GB/shop/home-and-ents/all?department=DIY%20%26%20Car%20Care&viewAll=department&page=,£5.50,£2.75/litre,,,/groceries/en-GB/products/295335694,https://digitalcontent.api.tesco.com/v2/media/ghs/a66e1088-84af-4320-930f-5d89920322d5/9ed576c8-9dad-4dcf-8ba3-e3a559e23b72_1858279739.jpeg?h=225&w=225,
265418066,Prestone De-Icer 600Ml,https://www.tesco.com/groceries/en-GB/shop/home-and-ents/all?department=DIY%20%26%20Car%20Care&viewAll=department&page=,£3.75,£6.25/litre,,,/groceries/en-GB/products/265418066,https://digitalcontent.api.tesco.com/v2/media/ghs/dcbc729a-e748-4bd3-8bff-c8ecb844a3e4/eb0e40c6-e834-401c-a0d3-788cf4f03e20_710475056.jpeg?h=225&w=225,
293099169,Tesco 16Oz Claw Hammer,https://www.tesco.com/groceries/en-GB/shop/home-and-ents/all?department=DIY%20%26%20Car%20Care&viewAll=department&page=,£4.50,£4.50/each,,,/groceries/en-GB/products/293099169,https://digitalcontent.api.tesco.com/v2/media/ghs/b0b0a800-a0b1-4122-af29-7d6201ae2c53/0e1e6f8c-00e3-4bdd-8c9c-3471b83e392a_1089461653.jpeg?h=225&w=225,
311675468,Yankee Candle Black Cherry Vent Car Air Freshener,https://www.tesco.com/groceries/en-GB/shop/home-and-ents/all?department=DIY%20%26%20Car%20Care&viewAll=department&page=,£5.00,£5.00/each,,,/groceries/en-GB/products/311675468,https://digitalcontent.api.tesco.com/v2/media/ghs/f3c01aa9-dfae-4c38-960c-38541e1b5875/ece3220d-4f60-4011-aed0-cb0fda59906e_607384362.jpeg?h=225&w=225,
256882542,Carplan Tetracan Green,https://www.tesco.com/groceries/en-GB/shop/home-and-ents/all?department=DIY%20%26%20Car%20Care&viewAll=department&page=,£4.50,£4.50/each,,,/groceries/en-GB/products/256882542,https://digitalcontent.api.tesco.com/v2/media/ghs/fac35ce1-36c0-403f-a61d-4a9821767e7d/87dbddac-4f2e-439e-a0ff-42df6f50b70d_187944762.jpeg?h=225&w=225,
297347325,Gorilla Tape Handy Roll 9Mtr,https://www.tesco.com/groceries/en-GB/shop/home-and-ents/all?department=DIY%20%26%20Car%20Care&viewAll=department&page=,£4.00,£4.00/each,,,/groceries/en-GB/products/297347325,https://digitalcontent.api.tesco.com/v2/media/ghs/275bbbc2-b2c8-4f44-a0a2-646d37504fe1/dd134695-595c-4fca-b912-16fa6df4aa45_1179319767.jpeg?h=225&w=225,
291628291,Yankee Candle Clean Cotton Vent Car Air Freshener,https://www.tesco.com/groceries/en-GB/shop/home-and-ents/all?department=DIY%20%26%20Car%20Care&viewAll=department&page=,£5.00,£5.00/each,,,/groceries/en-GB/products/291628291,https://digitalcontent.api.tesco.com/v2/media/ghs/f49303bb-893b-4bac-8e0b-8a6c0d72f98b/150d880b-5ddc-4506-acb0-7af0040d1959_409875257.jpeg?h=225&w=225,
290802489,Tesco 5Inch Jumbo Roller,https://www.tesco.com/groceries/en-GB/shop/home-and-ents/all?department=DIY%20%26%20Car%20Care&viewAll=department&page=,£5.00,£5.00/each,,,/groceries/en-GB/products/290802489,https://digitalcontent.api.tesco.com/v2/media/ghs/99982594-c3ba-4ba2-93c5-bb5870fe3422/a5885028-5309-4ff2-b097-ee59381a8376_114902823.jpeg?h=225&w=225,
292473966,Command Office Large Hang Strips,https://www.tesco.com/groceries/en-GB/shop/home-and-ents/all?department=DIY%20%26%20Car%20Care&viewAll=department&page=,£4.20,£4.20/each,,,/groceries/en-GB/products/292473966,https://digitalcontent.api.tesco.com/v2/media/ghs/a0e8aa29-c0b3-4a67-95c1-b3e60ccc31b5/6151bb09-3725-4963-83fe-251da84f5c28_2054268553.jpeg?h=225&w=225,
305488013,Tesco Car Shampoo 2L,https://www.tesco.com/groceries/en-GB/shop/home-and-ents/all?department=DIY%20%26%20Car%20Care&viewAll=department&page=,£3.50,£1.75/litre,,,/groceries/en-GB/products/305488013,https://digitalcontent.api.tesco.com/v2/media/ghs/ad689fd9-6610-4ea5-a0ee-309e81a1733b/8567656d-40bb-4e4a-a5d5-d6cb52304d02_32470412.jpeg?h=225&w=225,
276532264,Jelly Belly Air Freshener Tutti Fruiti,https://www.tesco.com/groceries/en-GB/shop/home-and-ents/all?department=DIY%20%26%20Car%20Care&viewAll=department&page=,£3.00,£3.00/each,,,/groceries/en-GB/products/276532264,https://digitalcontent.api.tesco.com/v2/media/ghs/9b9c24dd-3af7-4d3b-ab3b-8110d4659a72/2c269363-8b3b-40f7-b2d1-3560dba51819_1637210500.jpeg?h=225&w=225,
296543624,Jelly Belly Jewel Collection Very Cherry,https://www.tesco.com/groceries/en-GB/shop/home-and-ents/all?department=DIY%20%26%20Car%20Care&viewAll=department&page=,£3.00,£3.00/each,,,/groceries/en-GB/products/296543624,https://digitalcontent.api.tesco.com/v2/media/ghs/d6506e16-f29e-41b2-8d72-2cb3b0dd68c4/e5d64280-3f1c-435c-a375-315d1400e329_424254779.jpeg?h=225&w=225,
250090941,Jelly Belly Air Freshener Tangerine,https://www.tesco.com/groceries/en-GB/shop/home-and-ents/all?department=DIY%20%26%20Car%20Care&viewAll=department&page=,£3.00,£3.00/each,,,/groceries/en-GB/products/250090941,https://digitalcontent.api.tesco.com/v2/media/ghs/83289593-9911-4ccc-9ae7-b89054388473/eb5ee8a3-532b-4ce8-8f52-c768806c6fa3_1401616272.jpeg?h=225&w=225,
303099678,Dragon Universal All Purpose Filler 1.5 Kilograms,https://www.tesco.com/groceries/en-GB/shop/home-and-ents/all?department=DIY%20%26%20Car%20Care&viewAll=department&page=,£4.00,£2.67/kg,,,/groceries/en-GB/products/303099678,https://digitalcontent.api.tesco.com/v2/media/ghs/5ce74479-3e35-449f-b554-986cddfc5506/cb43fae9-41d6-444d-b275-297615bd2d7e_777075703.jpeg?h=225&w=225,
278538589,Command Narrow Picture Hanging Strips 4 Sets,https://www.tesco.com/groceries/en-GB/shop/home-and-ents/all?department=DIY%20%26%20Car%20Care&viewAll=department&page=,£3.50,£3.50/each,£2.80 Clubcard Price,,/groceries/en-GB/products/278538589,https://digitalcontent.api.tesco.com/v2/media/ghs/1e79dd10-ab79-42e8-90ad-31ca9c33b90e/816ca3ed-1290-4e29-a8e7-0288b845f76d_1544202017.jpeg?h=225&w=225,
289544372,Command Clear Utensil Hooks 3 Hook 4 Strips,https://www.tesco.com/groceries/en-GB/shop/home-and-ents/all?department=DIY%20%26%20Car%20Care&viewAll=department&page=,£3.25,£3.25/each,£2.60 Clubcard Price,,/groceries/en-GB/products/289544372,https://digitalcontent.api.tesco.com/v2/media/ghs/dc699278-fc4d-469f-b871-255978f7a181/0ebb6fe9-7e0b-4d15-ab1f-ab8df078d46d_1957830547.jpeg?h=225&w=225,
291528576,Yankee Candle Fluffy Towel Car Air Freshener,https://www.tesco.com/groceries/en-GB/shop/home-and-ents/all?department=DIY%20%26%20Car%20Care&viewAll=department&page=,£2.50,£2.50/each,,,/groceries/en-GB/products/291528576,https://digitalcontent.api.tesco.com/v2/media/ghs/5bd92e9b-f750-4614-947b-96d3be9417b3/3c5248b1-db81-4275-a2e1-54092f150bb6_1877579146.jpeg?h=225&w=225,
291528651,Yankee Candle Pink Sands Car Carded Air Freshener,https://www.tesco.com/groceries/en-GB/shop/home-and-ents/all?department=DIY%20%26%20Car%20Care&viewAll=department&page=,£2.50,£2.50/each,,,/groceries/en-GB/products/291528651,https://digitalcontent.api.tesco.com/v2/media/ghs/aa8781f2-9b4c-4a57-9fb4-fe91389e95af/34f408d1-f938-4fd6-ad8c-fab2667400d0_1035714043.jpeg?h=225&w=225,
281078817,Yankee Candle Black Cherry Car Jar Air Freshener,https://www.tesco.com/groceries/en-GB/shop/home-and-ents/all?department=DIY%20%26%20Car%20Care&viewAll=department&page=,£2.50,£2.50/each,,,/groceries/en-GB/products/281078817,https://digitalcontent.api.tesco.com/v2/media/ghs/92711eaf-0963-4279-be37-9b37010e8d3d/e43f2d18-e3ee-4078-90cd-04ecb17186e6_784920064.jpeg?h=225&w=225,
265965644,Osram 501 Lightbulb Twin Pack,https://www.tesco.com/groceries/en-GB/shop/home-and-ents/all?department=DIY%20%26%20Car%20Care&viewAll=department&page=,£2.00,£1.00/each,,,/groceries/en-GB/products/265965644,https://digitalcontent.api.tesco.com/v2/media/ghs/47f4d4b3-e328-484d-bdec-b0bdb14d7b9f/4df0858d-e261-41f2-b66b-c96dcf74cf4f_870419298.jpeg?h=225&w=225,
305488036,Tesco Spray Shine 500Ml,https://www.tesco.com/groceries/en-GB/shop/home-and-ents/all?department=DIY%20%26%20Car%20Care&viewAll=department&page=,£2.00,£4.00/litre,,,/groceries/en-GB/products/305488036,https://digitalcontent.api.tesco.com/v2/media/ghs/2be5e204-58e0-435a-aa9e-28c515a7f36c/f007d99e-3c3a-42ac-85b7-4d8018ea16a7_1477431984.jpeg?h=225&w=225,
307097023,Tesco Spray Fresh Blossom 150Ml,https://www.tesco.com/groceries/en-GB/shop/home-and-ents/all?department=DIY%20%26%20Car%20Care&viewAll=department&page=,£3.00,£20.00/litre,,,/groceries/en-GB/products/307097023,https://digitalcontent.api.tesco.com/v2/media/ghs/046c5020-ca61-455d-aa07-e6434b598f87/8981be3a-f737-48b8-9342-2c68eab8bfe3_1044155702.jpeg?h=225&w=225,
290802472,Tesco 4 Inch Roller,https://www.tesco.com/groceries/en-GB/shop/home-and-ents/all?department=DIY%20%26%20Car%20Care&viewAll=department&page=,£2.20,£2.20/each,,,/groceries/en-GB/products/290802472,https://digitalcontent.api.tesco.com/v2/media/ghs/435d3566-be02-422c-a4c2-2f4074d54689/336bb596-7c2d-460d-b836-6f28b00838db_2054434975.jpeg?h=225&w=225,
289854848,Tesco 9Inch Roller Sleeve,https://www.tesco.com/groceries/en-GB/shop/home-and-ents/all?department=DIY%20%26%20Car%20Care&viewAll=department&page=,£2.50,£2.50/each,,,/groceries/en-GB/products/289854848,https://digitalcontent.api.tesco.com/v2/media/ghs/15ecb9b4-6c98-406b-980d-cb9adae38153/fc5c0a5d-1007-45ea-a5f6-1ad4547638df_1665651325.jpeg?h=225&w=225,
296592480,Little Tree Sherbert Lemon,https://www.tesco.com/groceries/en-GB/shop/home-and-ents/all?department=DIY%20%26%20Car%20Care&viewAll=department&page=,£1.50,£1.50/each,,,/groceries/en-GB/products/296592480,https://digitalcontent.api.tesco.com/v2/media/ghs/bfae8a41-766a-46e8-9427-8d6c4e6370e7/bd7b1fcb-1ca1-430d-95db-b20eab928623_255074130.jpeg?h=225&w=225,
310461043,Little Tree Birthday Cake Air Freshener,https://www.tesco.com/groceries/en-GB/shop/home-and-ents/all?department=DIY%20%26%20Car%20Care&viewAll=department&page=,£1.50,£1.50/each,,,/groceries/en-GB/products/310461043,https://digitalcontent.api.tesco.com/v2/media/ghs/bf3a97b7-3d17-4adb-8c0f-a2ec39bff82d/c54faf48-ef7a-408e-8e83-257050d2d852_1502168502.jpeg?h=225&w=225,
305232777,Tesco Microfibre Sponge 21X11x4cm,https://www.tesco.com/groceries/en-GB/shop/home-and-ents/all?department=DIY%20%26%20Car%20Care&viewAll=department&page=,£2.00,£2.00/each,,,/groceries/en-GB/products/305232777,https://digitalcontent.api.tesco.com/v2/media/ghs/5f0e0445-6bd1-45dc-b315-4715c52dd0be/7ee59a0f-5049-46d3-8489-8451bb41fb0a_2020533470.jpeg?h=225&w=225,
305488029,Tesco Glass And Insect Cleaner 500Ml,https://www.tesco.com/groceries/en-GB/shop/home-and-ents/all?department=DIY%20%26%20Car%20Care&viewAll=department&page=,£1.50,£3.00/litre,,,/groceries/en-GB/products/305488029,https://digitalcontent.api.tesco.com/v2/media/ghs/d1a4ca57-1574-41a8-aca1-43b1f3b1b269/6ed73cbc-5658-407e-a1c1-f0325ceecf95_951001459.jpeg?h=225&w=225,
259677274,Black And Decker Cordless Battery Screwdriver,https://www.tesco.com/groceries/en-GB/shop/home-and-ents/all?department=DIY%20%26%20Car%20Care&viewAll=department&page=,£15.00,£15.00/each,,,/groceries/en-GB/products/259677274,https://digitalcontent.api.tesco.com/v2/media/ghs/53784b70-b3e4-4df9-adf2-87577e611242/a70298ed-1b23-4ece-ab9c-798b45f40b7a_1442645108.jpeg?h=225&w=225,
285281529,Tesco 5W30 Fully Synthetic Oil Ford 4L,https://www.tesco.com/groceries/en-GB/shop/home-and-ents/all?department=DIY%20%26%20Car%20Care&viewAll=department&page=,£20.00,£5.00/litre,,,/groceries/en-GB/products/285281529,https://digitalcontent.api.tesco.com/v2/media/ghs/81177761-1ba3-4363-85ed-301492635291/04fa6cba-8028-4f83-b4d7-aacf2968cad2_484976209.jpeg?h=225&w=225,
285281604,Tesco 5W40 Fully Synthetic Oil 4L,https://www.tesco.com/groceries/en-GB/shop/home-and-ents/all?department=DIY%20%26%20Car%20Care&viewAll=department&page=,£20.00,£5.00/litre,,,/groceries/en-GB/products/285281604,https://digitalcontent.api.tesco.com/v2/media/ghs/dc651d09-17d6-4d80-b501-121c21e2b6d1/10e45411-32ba-41d3-81ed-48317731fd8a_1842727052.jpeg?h=225&w=225,
305719778,Jml Handy Brite,https://www.tesco.com/groceries/en-GB/shop/home-and-ents/all?department=DIY%20%26%20Car%20Care&viewAll=department&page=,£9.99,£9.99/each,,,/groceries/en-GB/products/305719778,https://digitalcontent.api.tesco.com/v2/media/ghs/f49aac5b-7a17-4125-8c55-121d1a4e00b9/59c1977e-270d-4b10-85b7-90e32eaf3963_1758888924.jpeg?h=225&w=225,
308410648,Black & Decker Cordless Drill Bcd001c1-Gb,https://www.tesco.com/groceries/en-GB/shop/home-and-ents/all?department=DIY%20%26%20Car%20Care&viewAll=department&page=,£55.00,£55.00/each,,,/groceries/en-GB/products/308410648,https://digitalcontent.api.tesco.com/v2/media/ghs/31d1c77d-8c22-43d2-8728-bb9184cc68bf/ec3817b0-187f-41b5-8647-fded3dbcbac6_1034199143.jpeg?h=225&w=225,
303053099,Johnstones Qd Satin Brilliant White 750Ml,https://www.tesco.com/groceries/en-GB/shop/home-and-ents/all?department=DIY%20%26%20Car%20Care&viewAll=department&page=,£10.00,£10.00/each,,,/groceries/en-GB/products/303053099,https://digitalcontent.api.tesco.com/v2/media/ghs/4c74f6e2-b8ae-49b4-a7a6-a05c2e02e0e8/773632e0-43ae-4c18-8d33-647b5325bb70_187179339.jpeg?h=225&w=225,
303053082,Johnstones Qd Gloss Brilliant White 750Ml,https://www.tesco.com/groceries/en-GB/shop/home-and-ents/all?department=DIY%20%26%20Car%20Care&viewAll=department&page=,£10.00,£13.34/litre,,,/groceries/en-GB/products/303053082,https://digitalcontent.api.tesco.com/v2/media/ghs/75f8b797-4fe5-4e3e-a1f8-460bc1e7c3d4/7c663f4f-5284-4548-8db3-017ac491f4fc_594989976.jpeg?h=225&w=225,
303053076,Johnstones Non Drip Gloss White,https://www.tesco.com/groceries/en-GB/shop/home-and-ents/all?department=DIY%20%26%20Car%20Care&viewAll=department&page=,£10.00,£10.00/each,,,/groceries/en-GB/products/303053076,https://digitalcontent.api.tesco.com/v2/media/ghs/950fa4ac-e634-45ef-b57c-5082bf21cdf3/4f1395ab-ff01-401e-943c-61be8c6ccc7f_571316631.jpeg?h=225&w=225,
297391104,Master Lock 40Mm Black Aluminium Combination Padlock,https://www.tesco.com/groceries/en-GB/shop/home-and-ents/all?department=DIY%20%26%20Car%20Care&viewAll=department&page=,£9.50,£9.50/each,,,/groceries/en-GB/products/297391104,https://digitalcontent.api.tesco.com/v2/media/ghs/d9d6535e-3930-4726-9f70-5c00d2d67d33/493ca28a-2b8a-45bf-a74d-b5b3a757a736_1292644992.jpeg?h=225&w=225,
255827213,Holts Tyre Weld 400Ml,https://www.tesco.com/groceries/en-GB/shop/home-and-ents/all?department=DIY%20%26%20Car%20Care&viewAll=department&page=,£8.00,£20.00/litre,,,/groceries/en-GB/products/255827213,https://digitalcontent.api.tesco.com/v2/media/ghs/98bbb813-e060-4f38-894c-3f4f972272a9/b37ed9f3-47a0-4832-932f-f648ae61ea2f_1213177291.jpeg?h=225&w=225,
285281495,Tesco 10W40 Part Synthetic Oil 2L,https://www.tesco.com/groceries/en-GB/shop/home-and-ents/all?department=DIY%20%26%20Car%20Care&viewAll=department&page=,£12.00,£6.00/litre,,,/groceries/en-GB/products/285281495,https://digitalcontent.api.tesco.com/v2/media/ghs/ef6ac313-a099-485c-a7d3-bb0c59c46eda/b04fbde4-85f4-41b8-89e7-eb3ca269cadd_439749508.jpeg?h=225&w=225,
265306475,Gorilla 11M Tape Black,https://www.tesco.com/groceries/en-GB/shop/home-and-ents/all?department=DIY%20%26%20Car%20Care&viewAll=department&page=,£8.00,£8.00/each,,,/groceries/en-GB/products/265306475,https://digitalcontent.api.tesco.com/v2/media/ghs/db9e8130-66a5-4b6d-a7c7-9e11057cbe0c/92c2f9ce-08f4-44a0-b6fc-b97217408c2f_1736657334.jpeg?h=225&w=225,
278911124,Castrol Mag 10W/40 1L,https://www.tesco.com/groceries/en-GB/shop/home-and-ents/all?department=DIY%20%26%20Car%20Care&viewAll=department&page=,£10.00,£10.00/litre,,,/groceries/en-GB/products/278911124,https://digitalcontent.api.tesco.com/v2/media/ghs/5c2b2560-5d67-482f-9697-5df7088d8071/0be7db81-aac4-4f33-a988-467f6dad19fa_589629514.jpeg?h=225&w=225,
301182489,Master Lock Combination Padlock,https://www.tesco.com/groceries/en-GB/shop/home-and-ents/all?department=DIY%20%26%20Car%20Care&viewAll=department&page=,£7.00,£7.00/each,,,/groceries/en-GB/products/301182489,https://digitalcontent.api.tesco.com/v2/media/ghs/3f834f91-0f20-4ee3-a6cf-b8ecf936a333/b4f4cdb1-3edf-4388-99b9-224f1b962102_229485428.jpeg?h=225&w=225,
308398967,Gorilla Mounting Tape Squares,https://www.tesco.com/groceries/en-GB/shop/home-and-ents/all?department=DIY%20%26%20Car%20Care&viewAll=department&page=,£6.50,£6.50/each,,,/groceries/en-GB/products/308398967,https://digitalcontent.api.tesco.com/v2/media/ghs/056c69d0-6f18-4127-a5f1-58ccdc0ade56/4aacc383-74c3-484e-88b4-e7ad392b8437_1413965921.jpeg?h=225&w=225,
289068517,Tesco 12 Piece Paint Brush And Roller Kit,https://www.tesco.com/groceries/en-GB/shop/home-and-ents/all?department=DIY%20%26%20Car%20Care&viewAll=department&page=,£7.00,£7.00/each,,,/groceries/en-GB/products/289068517,https://digitalcontent.api.tesco.com/v2/media/ghs/6bb7b4c9-3248-4054-a351-3ca5313a1475/7ee2abcc-f72a-4f70-8850-c067f549bc2e_2097914368.jpeg?h=225&w=225,
308750781,Simoniz Alloy Wheel Cleaner Trigger 500Ml,https://www.tesco.com/groceries/en-GB/shop/home-and-ents/all?department=DIY%20%26%20Car%20Care&viewAll=department&page=,£5.50,£11.00/litre,,,/groceries/en-GB/products/308750781,https://digitalcontent.api.tesco.com/v2/media/ghs/fee47f3e-bfba-4286-94ce-8f28182fcdd0/9bca6c9c-ef16-4d54-88ba-91026cb70505_1936281708.jpeg?h=225&w=225,
287525907,Simoniz Ultracare Alloy Wheel Cleaner,https://www.tesco.com/groceries/en-GB/shop/home-and-ents/all?department=DIY%20%26%20Car%20Care&viewAll=department&page=,£5.50,£11.00/litre,,,/groceries/en-GB/products/287525907,https://digitalcontent.api.tesco.com/v2/media/ghs/674d9914-9bf3-45c8-b210-3d4f7c6a59fc/cef0dabe-5698-4389-a2f3-362e3a6383ae_801100069.jpeg?h=225&w=225,
293178560,Tesco Microfibre Glass Cloth,https://www.tesco.com/groceries/en-GB/shop/home-and-ents/all?department=DIY%20%26%20Car%20Care&viewAll=department&page=,£3.50,£3.50/each,,,/groceries/en-GB/products/293178560,https://digitalcontent.api.tesco.com/v2/media/ghs/b2c37cfb-c874-4975-acf9-d94f11e9c6f7/6a16cda0-a4ca-4760-9ccf-f1a2b040a288_587564326.jpeg?h=225&w=225,
311689141,Yankee Candle Pink Sands Car Jar Air Freshener,https://www.tesco.com/groceries/en-GB/shop/home-and-ents/all?department=DIY%20%26%20Car%20Care&viewAll=department&page=,£5.00,£5.00/each,,,/groceries/en-GB/products/311689141,https://digitalcontent.api.tesco.com/v2/media/ghs/e85a4739-c10f-4ecf-89fc-712557b900bc/1f22a963-229c-4a51-847f-cc3838e19fc4_959190841.jpeg?h=225&w=225,
271128325,Gorilla Wood Glue 236Ml,https://www.tesco.com/groceries/en-GB/shop/home-and-ents/all?department=DIY%20%26%20Car%20Care&viewAll=department&page=,£6.00,£6.00/each,,,/groceries/en-GB/products/271128325,https://digitalcontent.api.tesco.com/v2/media/ghs/61474bb2-81b0-4a99-8317-a7b016971a82/d9ce7567-ecba-4d90-9601-a55f8acfb9e1_270331641.jpeg?h=225&w=225,
297347354,Command Decorate Clip Value Pack 40 Clips 48 Strips,https://www.tesco.com/groceries/en-GB/shop/home-and-ents/all?department=DIY%20%26%20Car%20Care&viewAll=department&page=,£6.00,£6.00/each,£4.80 Clubcard Price,,/groceries/en-GB/products/297347354,https://digitalcontent.api.tesco.com/v2/media/ghs/a9ec1917-df6e-404a-a3df-031ade604306/0934e6e6-6536-48c5-95db-8c00c6a31acc_1484334418.jpeg?h=225&w=225,
296337771,Simoniz Air Con Refresh 150Ml,https://www.tesco.com/groceries/en-GB/shop/home-and-ents/all?department=DIY%20%26%20Car%20Care&viewAll=department&page=,£4.50,£30.00/litre,,,/groceries/en-GB/products/296337771,https://digitalcontent.api.tesco.com/v2/media/ghs/d03be56a-dfaf-4fc1-b7e3-9f0591e5a347/a827efd1-af43-4b97-a86d-0d7f62291f89_1060069168.jpeg?h=225&w=225,
287525732,Simoniz Matte Dashboard Wipes 20 Pack,https://www.tesco.com/groceries/en-GB/shop/home-and-ents/all?department=DIY%20%26%20Car%20Care&viewAll=department&page=,£3.50,£0.18/each,,,/groceries/en-GB/products/287525732,https://digitalcontent.api.tesco.com/v2/media/ghs/fd23bc77-5203-402c-8e3a-c2ed30a6bf19/ea3a5f84-11ab-4406-8b5e-6c3e1bcdc52d_973868396.jpeg?h=225&w=225,
274896556,Prestone Trigger Deicer 500Ml,https://www.tesco.com/groceries/en-GB/shop/home-and-ents/all?department=DIY%20%26%20Car%20Care&viewAll=department&page=,£3.50,£7.00/litre,,,/groceries/en-GB/products/274896556,https://digitalcontent.api.tesco.com/v2/media/ghs/f971b61f-d55e-44f7-9926-708b6ca1e9c1/d901bd4b-0c90-4cb2-9b7e-c4740f0d06a0_738085855.jpeg?h=225&w=225,
287525867,Simoniz Back To Black Bumper Shine 500Ml,https://www.tesco.com/groceries/en-GB/shop/home-and-ents/all?department=DIY%20%26%20Car%20Care&viewAll=department&page=,£6.00,£12.00/litre,,,/groceries/en-GB/products/287525867,https://digitalcontent.api.tesco.com/v2/media/ghs/720c0aae-4ad1-4712-860a-7bd2ed598f1e/b24ff7d8-d64c-4718-9989-d32445e680a7_911198474.jpeg?h=225&w=225,
290155655,Yankee Candle Clean Cotton Car Jar Car Air Freshener,https://www.tesco.com/groceries/en-GB/shop/home-and-ents/all?department=DIY%20%26%20Car%20Care&viewAll=department&page=,£5.00,£5.00/each,,,/groceries/en-GB/products/290155655,https://digitalcontent.api.tesco.com/v2/media/ghs/f5411023-8b51-465a-aeee-f3857198d467/63ff8b21-89a4-44fc-a9b9-50d6fb7de6d6_335090560.jpeg?h=225&w=225,
261841209,"Tesco Loss Free Brush 3""",https://www.tesco.com/groceries/en-GB/shop/home-and-ents/all?department=DIY%20%26%20Car%20Care&viewAll=department&page=,£2.80,£2.80/each,,,/groceries/en-GB/products/261841209,https://digitalcontent.api.tesco.com/v2/media/ghs/f3999874-a444-487c-a513-e8dff7ae2dc1/898d7c70-e21d-4281-827b-355b1b262e4a_1823072824.jpeg?h=225&w=225,
308396219,Jelly Belly 3D Gel Birthday Cake,https://www.tesco.com/groceries/en-GB/shop/home-and-ents/all?department=DIY%20%26%20Car%20Care&viewAll=department&page=,£3.00,£3.00/each,,,/groceries/en-GB/products/308396219,https://digitalcontent.api.tesco.com/v2/media/ghs/1b5d8687-8720-424e-a2ae-799331c51e9c/0487e1bd-7312-4883-871c-845d49b1444e_589742493.jpeg?h=225&w=225,
301696019,Aromatherapy Hawaii Can Fresh Linen,https://www.tesco.com/groceries/en-GB/shop/home-and-ents/all?department=DIY%20%26%20Car%20Care&viewAll=department&page=,£3.00,£3.00/each,,,/groceries/en-GB/products/301696019,https://digitalcontent.api.tesco.com/v2/media/ghs/99b6df01-7f97-4d11-b346-5107e469eaeb/e6dd19e5-ca1e-46a4-8e94-cf270e7def84_431411422.jpeg?h=225&w=225,
301682780,Aromatherapy Hawaii Can Cherry,https://www.tesco.com/groceries/en-GB/shop/home-and-ents/all?department=DIY%20%26%20Car%20Care&viewAll=department&page=,£3.00,£3.00/each,,,/groceries/en-GB/products/301682780,https://digitalcontent.api.tesco.com/v2/media/ghs/7a9082c9-0bd5-4139-b222-a0e0582eead0/e9ab7e25-3067-4029-b4bb-be30672942d9_1900502718.jpeg?h=225&w=225,
293097367,Tesco Universal Bulb Kit,https://www.tesco.com/groceries/en-GB/shop/home-and-ents/all?department=DIY%20%26%20Car%20Care&viewAll=department&page=,£5.00,£5.00/each,,,/groceries/en-GB/products/293097367,https://digitalcontent.api.tesco.com/v2/media/ghs/e333ec6c-8c6d-46b5-8184-d9655aeb125e/4f88bc52-c4bc-4b17-9740-092ebda97b03_61507904.jpeg?h=225&w=225,
293153353,Tesco 5M Measuring Tape,https://www.tesco.com/groceries/en-GB/shop/home-and-ents/all?department=DIY%20%26%20Car%20Care&viewAll=department&page=,£2.50,£2.50/each,,,/groceries/en-GB/products/293153353,https://digitalcontent.api.tesco.com/v2/media/ghs/20556b6b-f474-4706-b570-89baebc60e3b/05dc0d03-3911-467a-81d7-79367caa9030_1675256313.jpeg?h=225&w=225,
298571322,Sterling Small Nails Large Set,https://www.tesco.com/groceries/en-GB/shop/home-and-ents/all?department=DIY%20%26%20Car%20Care&viewAll=department&page=,£2.50,£2.50/each,,,/groceries/en-GB/products/298571322,https://digitalcontent.api.tesco.com/v2/media/ghs/5ab37da2-149b-430d-ba74-2000b01397c0/4ea886ff-3d81-4822-b5ac-64284885cca5_1921591409.jpeg?h=225&w=225,
296665416,Tesco Frost Guard,https://www.tesco.com/groceries/en-GB/shop/home-and-ents/all?department=DIY%20%26%20Car%20Care&viewAll=department&page=,£3.00,£3.00/each,,,/groceries/en-GB/products/296665416,https://digitalcontent.api.tesco.com/v2/media/ghs/37b4f6c1-ccc8-4071-b04b-7dffad71a14a/cdbaa988-9c76-4fed-a8de-b42c1eb0a60e_645950963.jpeg?h=225&w=225,
308745937,Tesco Windscreen Shield,https://www.tesco.com/groceries/en-GB/shop/home-and-ents/all?department=DIY%20%26%20Car%20Care&viewAll=department&page=,£3.00,£3.00/each,,,/groceries/en-GB/products/308745937,https://digitalcontent.api.tesco.com/v2/media/ghs/32b4ac2e-c803-4d26-919d-3e7bec6b6b5d/6d221854-eb59-4669-b6eb-21855b26a608_598928565.jpeg?h=225&w=225,
293097373,Tesco Funnel,https://www.tesco.com/groceries/en-GB/shop/home-and-ents/all?department=DIY%20%26%20Car%20Care&viewAll=department&page=,£2.00,£2.00/each,,,/groceries/en-GB/products/293097373,https://digitalcontent.api.tesco.com/v2/media/ghs/4cbebefc-2e74-4eb3-b403-b31bcdc1250c/063e8569-dae8-486a-809e-a267c7fea2a8_893762085.jpeg?h=225&w=225,
293097350,Tesco L Plate,https://www.tesco.com/groceries/en-GB/shop/home-and-ents/all?department=DIY%20%26%20Car%20Care&viewAll=department&page=,£2.50,£2.50/each,,,/groceries/en-GB/products/293097350,https://digitalcontent.api.tesco.com/v2/media/ghs/6ebf78f3-65f4-44a1-889c-533d758f09be/1fdf6ad0-96ce-496b-ba68-559b37e8ec89_648531360.jpeg?h=225&w=225,
279669599,Command White Wire Hooks 2 Pack,https://www.tesco.com/groceries/en-GB/shop/home-and-ents/all?department=DIY%20%26%20Car%20Care&viewAll=department&page=,£3.25,£1.63/each,,,/groceries/en-GB/products/279669599,https://digitalcontent.api.tesco.com/v2/media/ghs/568e18b2-6e14-44b3-987b-c3b59693b0d1/614f05bc-a782-4194-9785-5d7c295ca9f8_922087100.jpeg?h=225&w=225,
296592496,Little Tree Midnight Chic,https://www.tesco.com/groceries/en-GB/shop/home-and-ents/all?department=DIY%20%26%20Car%20Care&viewAll=department&page=,£1.50,£1.50/each,,,/groceries/en-GB/products/296592496,https://digitalcontent.api.tesco.com/v2/media/ghs/dc53743f-a501-42ce-9ae5-9321c569949f/343866d4-1290-45ee-8830-b06c8ce7b20b_1680950240.jpeg?h=225&w=225,
295335665,Tesco Decorating Caulk 300Ml,https://www.tesco.com/groceries/en-GB/shop/home-and-ents/all?department=DIY%20%26%20Car%20Care&viewAll=department&page=,£2.00,£6.67/litre,,,/groceries/en-GB/products/295335665,https://digitalcontent.api.tesco.com/v2/media/ghs/fee8a930-2d05-4494-a585-b36bf1b1511d/009e9f7c-2903-4eb3-b45f-bf36a796f604_746678575.jpeg?h=225&w=225,
306350572,Keep It Handy Plastic Id Tags 8Pk,https://www.tesco.com/groceries/en-GB/shop/home-and-ents/all?department=DIY%20%26%20Car%20Care&viewAll=department&page=,£1.00,£0.12/each,,,/groceries/en-GB/products/306350572,https://digitalcontent.api.tesco.com/v2/media/ghs/81347c37-edc5-457f-af07-df3bde545894/9a750163-06db-4799-bd21-2a6771f8c614_1035804735.jpeg?h=225&w=225,
305533507,Tesco Dashboard Wipes 24 Pack,https://www.tesco.com/groceries/en-GB/shop/home-and-ents/all?department=DIY%20%26%20Car%20Care&viewAll=department&page=,£1.00,£0.04/each,,,/groceries/en-GB/products/305533507,https://digitalcontent.api.tesco.com/v2/media/ghs/6626875d-ccba-43ca-ab86-0a7ce0252abb/67b0b850-72d0-40c7-bd76-cf86b7616b36_937524472.jpeg?h=225&w=225,
285281564,Tesco 5W30 Fully Synthetic Oil High Mileage 4L,https://www.tesco.com/groceries/en-GB/shop/home-and-ents/all?department=DIY%20%26%20Car%20Care&viewAll=department&page=,£20.00,£5.00/litre,,,/groceries/en-GB/products/285281564,https://digitalcontent.api.tesco.com/v2/media/ghs/338b97cc-0de5-44d1-97e0-f7d24c589bd5/b09d0adf-0d5b-4e70-a997-f0d138ebbaa6_627863937.jpeg?h=225&w=225,
304717874,Redex 5W-30 Bmw Mb Vauxhall 2L,https://www.tesco.com/groceries/en-GB/shop/home-and-ents/all?department=DIY%20%26%20Car%20Care&viewAll=department&page=,£18.00,£9.00/litre,,,/groceries/en-GB/products/304717874,https://digitalcontent.api.tesco.com/v2/media/ghs/412523c3-680b-48eb-9898-ac995f622bd0/bfe9983e-d185-4874-9686-10f841b43e9c_2138499166.jpeg?h=225&w=225,
285281558,Tesco 5W30 Fully Synthetic Oil High Mileage 2L,https://www.tesco.com/groceries/en-GB/shop/home-and-ents/all?department=DIY%20%26%20Car%20Care&viewAll=department&page=,£14.00,£7.00/litre,,,/groceries/en-GB/products/285281558,https://digitalcontent.api.tesco.com/v2/media/ghs/90efcd2d-162d-4d6e-88fd-d740f5791cc6/67778631-6fab-4f8a-8aa1-bd03b9290792_1796105712.jpeg?h=225&w=225,
303053069,Johnstones Qd Primer Undercoat White 750Ml,https://www.tesco.com/groceries/en-GB/shop/home-and-ents/all?department=DIY%20%26%20Car%20Care&viewAll=department&page=,£10.00,£13.34/litre,,,/groceries/en-GB/products/303053069,https://digitalcontent.api.tesco.com/v2/media/ghs/7bc2d7dd-331a-4824-9ae3-3463976584c4/9db7e984-7845-495a-b188-2bcf5008c358_1027338473.jpeg?h=225&w=225,
287525700,Simoniz Shampoo & Snow Foam 2L,https://www.tesco.com/groceries/en-GB/shop/home-and-ents/all?department=DIY%20%26%20Car%20Care&viewAll=department&page=,£8.50,£4.25/litre,,,/groceries/en-GB/products/287525700,https://digitalcontent.api.tesco.com/v2/media/ghs/9b949491-f97e-442a-9302-f875a17e2ff2/be6095f2-a6a5-4a17-ad74-587f73b961c1_505283493.jpeg?h=225&w=225,
259578725,Prestone Antifreeze & Coolant 1 Litre,https://www.tesco.com/groceries/en-GB/shop/home-and-ents/all?department=DIY%20%26%20Car%20Care&viewAll=department&page=,£7.00,£7.00/litre,,,/groceries/en-GB/products/259578725,https://digitalcontent.api.tesco.com/v2/media/ghs/59f1023a-9b38-4278-9517-65afee6abeec/a4d40884-0020-42c3-87fb-85a71be5e2c3_1770191862.jpeg?h=225&w=225,
293058495,Unibond Bathroom Sealant Clear 274G,https://www.tesco.com/groceries/en-GB/shop/home-and-ents/all?department=DIY%20%26%20Car%20Care&viewAll=department&page=,£8.00,£29.20/kg,,,/groceries/en-GB/products/293058495,https://digitalcontent.api.tesco.com/v2/media/ghs/692efbd9-a0dc-4ffe-b8ac-fa4f7391837e/c00ff580-e3fa-4e5f-b165-ffa2b14666cc_729090378.jpeg?h=225&w=225,
308531050,Addis Step Stool 39Cm,https://www.tesco.com/groceries/en-GB/shop/home-and-ents/all?department=DIY%20%26%20Car%20Care&viewAll=department&page=,£10.00,£10.00/each,,,/groceries/en-GB/products/308531050,https://digitalcontent.api.tesco.com/v2/media/ghs/9474437a-ef0f-40df-bc3c-f8baf7525008/4e23fc1c-ba23-4885-81ba-89c4c8e4430a_1043452374.jpeg?h=225&w=225,
297347331,Gorilla Clear Repair Tape,https://www.tesco.com/groceries/en-GB/shop/home-and-ents/all?department=DIY%20%26%20Car%20Care&viewAll=department&page=,£9.00,£9.00/each,,,/groceries/en-GB/products/297347331,https://digitalcontent.api.tesco.com/v2/media/ghs/da0f5900-e80c-4138-9569-54c1d74c2c85/e34a2a59-f1be-4597-b4fb-f56fca959da3_1604888516.jpeg?h=225&w=225,
297347348,Gorilla Superglue 12G Brush & Nozzle,https://www.tesco.com/groceries/en-GB/shop/home-and-ents/all?department=DIY%20%26%20Car%20Care&viewAll=department&page=,£8.00,£8.00/each,,,/groceries/en-GB/products/297347348,https://digitalcontent.api.tesco.com/v2/media/ghs/f4fdc1e0-ac18-44c8-a7f1-f229086da570/f9a2b6e5-c965-41a1-880a-d9f17bc2ccab_901442116.jpeg?h=225&w=225,
278910131,Castrol Magnatec 5W-30 A5 1L,https://www.tesco.com/groceries/en-GB/shop/home-and-ents/all?department=DIY%20%26%20Car%20Care&viewAll=department&page=,£10.00,£10.00/litre,,,/groceries/en-GB/products/278910131,https://digitalcontent.api.tesco.com/v2/media/ghs/b1804204-21b5-4b37-ad10-4210af7dc3e4/1f8e0b29-f892-48a5-8296-ea17cc9646a6_1886951785.jpeg?h=225&w=225,
301530315,Gorilla Heavy Duty Mounting Tape,https://www.tesco.com/groceries/en-GB/shop/home-and-ents/all?department=DIY%20%26%20Car%20Care&viewAll=department&page=,£7.00,£7.00/each,,,/groceries/en-GB/products/301530315,https://digitalcontent.api.tesco.com/v2/media/ghs/66c2f0ee-8641-4eb7-b490-aa5607be3f9c/bc124909-cb40-4bc8-ac4a-f2b3af2803c0_149306752.jpeg?h=225&w=225,
310122013,Simoniz Multisurface Interior Cleaner 500Ml,https://www.tesco.com/groceries/en-GB/shop/home-and-ents/all?department=DIY%20%26%20Car%20Care&viewAll=department&page=,£6.00,£12.00/litre,,,/groceries/en-GB/products/310122013,https://digitalcontent.api.tesco.com/v2/media/ghs/61b5bb94-ffa2-4ccb-952c-78fc11ae433b/385e29c0-8455-4ef5-8df8-edd4ee10ef9e_1846855990.jpeg?h=225&w=225,
307479735,Gorilla Glue Micro Precise,https://www.tesco.com/groceries/en-GB/shop/home-and-ents/all?department=DIY%20%26%20Car%20Care&viewAll=department&page=,£8.00,£8.00/each,,,/groceries/en-GB/products/307479735,https://digitalcontent.api.tesco.com/v2/media/ghs/807b8e37-5a0f-406c-8a49-ff9e4ad80de2/d209fe5a-15dd-485b-b9df-436c338e2597_1152247954.jpeg?h=225&w=225,
287525692,Simoniz Wash & Wax 1Lt,https://www.tesco.com/groceries/en-GB/shop/home-and-ents/all?department=DIY%20%26%20Car%20Care&viewAll=department&page=,£5.50,£5.50/litre,,,/groceries/en-GB/products/287525692,https://digitalcontent.api.tesco.com/v2/media/ghs/5100be02-5606-49ee-b2d3-f23b1ce171d7/51b356ea-e0a2-44d4-8b42-7e155e1efe30_339319518.jpeg?h=225&w=225,
291640753,Gorilla Epoxy 25Ml,https://www.tesco.com/groceries/en-GB/shop/home-and-ents/all?department=DIY%20%26%20Car%20Care&viewAll=department&page=,£6.50,£260.00/litre,,,/groceries/en-GB/products/291640753,https://digitalcontent.api.tesco.com/v2/media/ghs/d2af4d8a-1575-4cb8-8ff3-8994dac875cf/f95591fb-421e-4ae0-9b73-884d641e4098_1810349534.jpeg?h=225&w=225,
287525798,Simoniz Upholstery & Carpetbrush400ml,https://www.tesco.com/groceries/en-GB/shop/home-and-ents/all?department=DIY%20%26%20Car%20Care&viewAll=department&page=,£5.50,£13.75/litre,,,/groceries/en-GB/products/287525798,https://digitalcontent.api.tesco.com/v2/media/ghs/63bc85a5-9a52-4a1e-9d29-8b8a7e1e771d/c2bcb232-3752-4a98-b67b-7d013f5e4ef2_670444286.jpeg?h=225&w=225,
293099221,Tesco 26Pc Multi Purpose Tool Set,https://www.tesco.com/groceries/en-GB/shop/home-and-ents/all?department=DIY%20%26%20Car%20Care&viewAll=department&page=,£6.00,£0.23/each,,,/groceries/en-GB/products/293099221,https://digitalcontent.api.tesco.com/v2/media/ghs/36436d12-105b-43b6-9955-88f1374016c3/565db865-4a79-4016-9670-3ad80942a97a_495237020.jpeg?h=225&w=225,
294775970,Tesco 34 Pc Ratchet Screwdriver Set,https://www.tesco.com/groceries/en-GB/shop/home-and-ents/all?department=DIY%20%26%20Car%20Care&viewAll=department&page=,£6.00,£0.18/each,,,/groceries/en-GB/products/294775970,https://digitalcontent.api.tesco.com/v2/media/ghs/9ed38a41-62fe-4146-a432-8da97cc51355/81ce98b4-688d-41e8-ac77-401bcbd70074_794045356.jpeg?h=225&w=225,
310461072,Jelly Belly Duo Vent Tutti Frutti,https://www.tesco.com/groceries/en-GB/shop/home-and-ents/all?department=DIY%20%26%20Car%20Care&viewAll=department&page=,£4.50,£2.25/each,,,/groceries/en-GB/products/310461072,https://digitalcontent.api.tesco.com/v2/media/ghs/36e0fddf-869f-4d90-8e01-ddf980c6439f/742ea9d9-fc21-4c9d-a300-764ca2590a05_1263538672.jpeg?h=225&w=225,
308777087,Unibond Silicone Go Seal New,https://www.tesco.com/groceries/en-GB/shop/home-and-ents/all?department=DIY%20%26%20Car%20Care&viewAll=department&page=,£6.00,£6.00/each,,,/groceries/en-GB/products/308777087,https://digitalcontent.api.tesco.com/v2/media/ghs/66b5b80e-fcf2-4aa8-bae8-02208d5baf63/740127f2-4241-4edf-b12c-977029364df2_1399141178.jpeg?h=225&w=225,
295450804,Urbii Lightning Usb Cable,https://www.tesco.com/groceries/en-GB/shop/home-and-ents/all?department=DIY%20%26%20Car%20Care&viewAll=department&page=,£8.00,£8.00/each,,,/groceries/en-GB/products/295450804,https://digitalcontent.api.tesco.com/v2/media/ghs/73de29bf-60d3-4a6b-92b6-805223cca212/b730fd4a-ddc7-4c7b-8ae4-703f8606dd78_1735815448.jpeg?h=225&w=225,
305232760,Tesco Synthetic Chamois Leather,https://www.tesco.com/groceries/en-GB/shop/home-and-ents/all?department=DIY%20%26%20Car%20Care&viewAll=department&page=,£3.00,£3.00/each,,,/groceries/en-GB/products/305232760,https://digitalcontent.api.tesco.com/v2/media/ghs/ebed297a-e90a-4efe-adbd-35662d6f40d5/170dfaf0-d3dd-4e0c-a4b7-ef0bef22462d_672909953.jpeg?h=225&w=225,
276554895,Master Lock 30Mm Solid Aluminium Padlock,https://www.tesco.com/groceries/en-GB/shop/home-and-ents/all?department=DIY%20%26%20Car%20Care&viewAll=department&page=,£4.50,£4.50/each,,,/groceries/en-GB/products/276554895,https://digitalcontent.api.tesco.com/v2/media/ghs/37650650-fd87-4c17-9ef6-b505ff0b1a82/c650c9ff-b388-41da-a715-4c525646f6e0_826190796.jpeg?h=225&w=225,
277554899,Carplan Black Fuel Can,https://www.tesco.com/groceries/en-GB/shop/home-and-ents/all?department=DIY%20%26%20Car%20Care&viewAll=department&page=,£4.50,£4.50/each,,,/groceries/en-GB/products/277554899,https://digitalcontent.api.tesco.com/v2/media/ghs/e71dada0-2d2f-417c-888e-72254dec9dd9/17b28768-1d7c-4a65-a28f-427eaf28bc61_948313615.jpeg?h=225&w=225,
302356975,Tesco Methylated Spirit,https://www.tesco.com/groceries/en-GB/shop/home-and-ents/all?department=DIY%20%26%20Car%20Care&viewAll=department&page=,£4.25,£4.25/each,,,/groceries/en-GB/products/302356975,https://digitalcontent.api.tesco.com/v2/media/ghs/631846fb-3073-4e92-a695-fc08fa6cbdc2/84fef069-ad5c-4275-89db-1f7de5bb8a72_302869164.jpeg?h=225&w=225,
289793390,No More Nails Cartridge 365G,https://www.tesco.com/groceries/en-GB/shop/home-and-ents/all?department=DIY%20%26%20Car%20Care&viewAll=department&page=,£5.00,£5.00/each,,,/groceries/en-GB/products/289793390,https://digitalcontent.api.tesco.com/v2/media/ghs/9d905904-ae0c-4221-b659-23ec0b2aa034/4da78d2a-b3cf-4428-bed1-934ad5178db9_1340175905.jpeg?h=225&w=225,
294775813,Tesco 160Mm Long Nose Pliers,https://www.tesco.com/groceries/en-GB/shop/home-and-ents/all?department=DIY%20%26%20Car%20Care&viewAll=department&page=,£4.00,£4.00/each,,,/groceries/en-GB/products/294775813,https://digitalcontent.api.tesco.com/v2/media/ghs/41270369-552d-4f98-8a44-e612f6686acf/e061d85c-e94e-47bb-8a83-d92b3d0b4d90_1077515454.jpeg?h=225&w=225,
307128839,Little Tree Bottle Apple,https://www.tesco.com/groceries/en-GB/shop/home-and-ents/all?department=DIY%20%26%20Car%20Care&viewAll=department&page=,£3.50,£3.50/each,,,/groceries/en-GB/products/307128839,https://digitalcontent.api.tesco.com/v2/media/ghs/4160b4b5-ad30-49c1-92a4-90e82337e1c5/ec10cb9a-687c-4fc0-8ca4-acb135798faf_814334145.jpeg?h=225&w=225,
310461057,Little Tree Wild Cherry Can Air Freshener,https://www.tesco.com/groceries/en-GB/shop/home-and-ents/all?department=DIY%20%26%20Car%20Care&viewAll=department&page=,£3.50,£3.50/each,,,/groceries/en-GB/products/310461057,https://digitalcontent.api.tesco.com/v2/media/ghs/f406524b-78bf-4026-a17c-64449b4933eb/94f8fbf7-77cf-48a2-8e38-c539b70fa828_2062859940.jpeg?h=225&w=225,
307128846,Little Tree Bottle Forest Fruit,https://www.tesco.com/groceries/en-GB/shop/home-and-ents/all?department=DIY%20%26%20Car%20Care&viewAll=department&page=,£3.50,£3.50/each,,,/groceries/en-GB/products/307128846,https://digitalcontent.api.tesco.com/v2/media/ghs/b7a6738b-acd5-403d-8409-0d36efafa1d8/55a9e237-139e-45f3-89dd-4428a5780088_290921131.jpeg?h=225&w=225,
291528616,Yankee Candle Midsummers Night Vent Car Air Freshener,https://www.tesco.com/groceries/en-GB/shop/home-and-ents/all?department=DIY%20%26%20Car%20Care&viewAll=department&page=,£5.00,£5.00/each,,,/groceries/en-GB/products/291528616,https://digitalcontent.api.tesco.com/v2/media/ghs/e33221ef-cadc-4931-aaca-3743a0ec3662/a8d453d7-ff49-4d7e-b47a-2d6111e0b1c7_2010145392.jpeg?h=225&w=225,
289793401,No More Nails Tube 234G,https://www.tesco.com/groceries/en-GB/shop/home-and-ents/all?department=DIY%20%26%20Car%20Care&viewAll=department&page=,£4.50,£4.50/each,,,/groceries/en-GB/products/289793401,https://digitalcontent.api.tesco.com/v2/media/ghs/fe48f83a-8c73-426d-b4cc-226f4e119e04/7f81b6d4-2fd3-4347-9c61-c1846ba0a636_1220278776.jpeg?h=225&w=225,
305487999,Tesco Car Odour Eliminator 500Ml,https://www.tesco.com/groceries/en-GB/shop/home-and-ents/all?department=DIY%20%26%20Car%20Care&viewAll=department&page=,£3.00,£6.00/litre,,,/groceries/en-GB/products/305487999,https://digitalcontent.api.tesco.com/v2/media/ghs/b270c891-2225-447a-a78f-2d3f461a5348/7f998da0-4fb1-4502-86cf-f71d4e16d515_894003906.jpeg?h=225&w=225,
295335671,Tesco Multi Purpose Silicon Sealant 300Ml,https://www.tesco.com/groceries/en-GB/shop/home-and-ents/all?department=DIY%20%26%20Car%20Care&viewAll=department&page=,£4.25,£14.17/litre,,,/groceries/en-GB/products/295335671,https://digitalcontent.api.tesco.com/v2/media/ghs/86421268-95dd-465c-bbaa-ce9d8e98db66/4444f75a-e341-4026-b79c-fcd275c0c9a7_1631846734.jpeg?h=225&w=225,
276532276,Jelly Belly Air Freshener Bubble Gum,https://www.tesco.com/groceries/en-GB/shop/home-and-ents/all?department=DIY%20%26%20Car%20Care&viewAll=department&page=,£3.00,£3.00/each,,,/groceries/en-GB/products/276532276,https://digitalcontent.api.tesco.com/v2/media/ghs/89aa573f-3a28-40a3-9bcc-4f02be61b9c0/78538b42-e6a9-4360-b942-cd7a7143ab35_1781456329.jpeg?h=225&w=225,
296543601,Jelly Belly Jewel Collection Bubble Gum,https://www.tesco.com/groceries/en-GB/shop/home-and-ents/all?department=DIY%20%26%20Car%20Care&viewAll=department&page=,£3.00,£3.00/each,,,/groceries/en-GB/products/296543601,https://digitalcontent.api.tesco.com/v2/media/ghs/d897fe53-2513-4c0a-b770-896f31515965/af1dab26-3d1b-4f0e-9b4f-61bb8c2167f2_866004451.jpeg?h=225&w=225,
293099336,Tesco 8Oz Stubby Claw Hammer,https://www.tesco.com/groceries/en-GB/shop/home-and-ents/all?department=DIY%20%26%20Car%20Care&viewAll=department&page=,£3.00,£3.00/each,,,/groceries/en-GB/products/293099336,https://digitalcontent.api.tesco.com/v2/media/ghs/38aa52a1-b3dc-4b19-9c02-d842a5c4ba16/61e6c6ed-a447-4dd0-990d-02a65d08fddd_1487723004.jpeg?h=225&w=225,
289854831,Tesco 9Inch Roller Set,https://www.tesco.com/groceries/en-GB/shop/home-and-ents/all?department=DIY%20%26%20Car%20Care&viewAll=department&page=,£4.00,£4.00/each,,,/groceries/en-GB/products/289854831,https://digitalcontent.api.tesco.com/v2/media/ghs/a1116eba-d328-453b-a328-216ea76498d3/10aafdd7-2d33-49af-9269-b972ab764f85_1718822698.jpeg?h=225&w=225,
310461089,Yankee Candle Midnight Jasmine Card Air Fresh,https://www.tesco.com/groceries/en-GB/shop/home-and-ents/all?department=DIY%20%26%20Car%20Care&viewAll=department&page=,£2.50,£2.50/each,,,/groceries/en-GB/products/310461089,https://digitalcontent.api.tesco.com/v2/media/ghs/d22be0f5-6748-4033-a22d-8ef38ef60112/ff9396ef-1427-45c1-9aa8-1961b6d5da72_1533018756.jpeg?h=225&w=225,
298571282,Sterling Picture Hanging Large Set,https://www.tesco.com/groceries/en-GB/shop/home-and-ents/all?department=DIY%20%26%20Car%20Care&viewAll=department&page=,£2.50,£2.50/each,,,/groceries/en-GB/products/298571282,https://digitalcontent.api.tesco.com/v2/media/ghs/a0c69889-cbc9-4e34-b824-988565c22a5a/4b0ad743-e674-4a5f-b798-68b99f2828e0_460195045.jpeg?h=225&w=225,
298571299,Sterling Screws And Wall Plugs Large Set,https://www.tesco.com/groceries/en-GB/shop/home-and-ents/all?department=DIY%20%26%20Car%20Care&viewAll=department&page=,£2.50,£2.50/each,,,/groceries/en-GB/products/298571299,https://digitalcontent.api.tesco.com/v2/media/ghs/9991c079-1d39-486e-b92c-a25415b6679a/9e3de327-8777-4bb4-a396-a031a7af05cf_194738901.jpeg?h=225&w=225,
266950090,Tesco Caulking Gun,https://www.tesco.com/groceries/en-GB/shop/home-and-ents/all?department=DIY%20%26%20Car%20Care&viewAll=department&page=,£3.00,£3.00/each,,,/groceries/en-GB/products/266950090,https://digitalcontent.api.tesco.com/v2/media/ghs/cefe2984-2b93-4aea-9fb4-cb6b5cfb1c55/0e15aa3c-91eb-49cc-a87d-c862e5fcf289_1228284992.jpeg?h=225&w=225,
303099684,Dragon Universal All Purpose Filler 330G,https://www.tesco.com/groceries/en-GB/shop/home-and-ents/all?department=DIY%20%26%20Car%20Care&viewAll=department&page=,£3.00,£9.10/kg,,,/groceries/en-GB/products/303099684,https://digitalcontent.api.tesco.com/v2/media/ghs/32813344-c611-4b25-8abe-f7b3e727ad20/4635e7f3-45e5-404c-87f6-47b1e55d029f_932968815.jpeg?h=225&w=225,
295335705,Tesco Purpose Filler 330G Tube,https://www.tesco.com/groceries/en-GB/shop/home-and-ents/all?department=DIY%20%26%20Car%20Care&viewAll=department&page=,£2.75,£8.34/kg,,,/groceries/en-GB/products/295335705,https://digitalcontent.api.tesco.com/v2/media/ghs/46d09fc6-c34f-4099-bbc2-33430f18d28d/5b4a2940-2ff6-48d1-9e25-ec5b81fe1d5e_996558526.jpeg?h=225&w=225,
305488042,Tesco Wheel Cleaner 500Ml,https://www.tesco.com/groceries/en-GB/shop/home-and-ents/all?department=DIY%20%26%20Car%20Care&viewAll=department&page=,£2.00,£4.00/litre,,,/groceries/en-GB/products/305488042,https://digitalcontent.api.tesco.com/v2/media/ghs/2425e294-49f5-47b1-88e4-f5f78025d867/48c306d2-1c7e-4364-99ee-157272c026f4_390677919.jpeg?h=225&w=225,
306350629,Keep It Handy Hex Keys 9Pk,https://www.tesco.com/groceries/en-GB/shop/home-and-ents/all?department=DIY%20%26%20Car%20Care&viewAll=department&page=,£1.00,£0.11/each,,,/groceries/en-GB/products/306350629,https://digitalcontent.api.tesco.com/v2/media/ghs/69e4ae2e-e313-4e95-b565-06c0842a322d/33236b08-05ee-416c-8774-052abc28c1cd_2033254289.jpeg?h=225&w=225,
304717908,Redex 5W-30 Vw 2L,https://www.tesco.com/groceries/en-GB/shop/home-and-ents/all?department=DIY%20%26%20Car%20Care&viewAll=department&page=,£22.00,£11.00/litre,,,/groceries/en-GB/products/304717908,https://digitalcontent.api.tesco.com/v2/media/ghs/d9d45cd4-b055-409d-a844-419322f987c2/abdadd61-1925-4a42-a0a4-09f510134837_1007869893.jpeg?h=225&w=225,
285281541,Tesco 5W30 F. Synthetic Oil Bmw/Vx/Mb 4L,https://www.tesco.com/groceries/en-GB/shop/home-and-ents/all?department=DIY%20%26%20Car%20Care&viewAll=department&page=,£20.00,£5.00/litre,,,/groceries/en-GB/products/285281541,https://digitalcontent.api.tesco.com/v2/media/ghs/12ff9b2a-0c55-458e-9caf-09bf523af1a5/df14663d-a832-4273-8f0f-bac13d63875f_973633503.jpeg?h=225&w=225,
303715774,Simoniz Exra Large Chamois,https://www.tesco.com/groceries/en-GB/shop/home-and-ents/all?department=DIY%20%26%20Car%20Care&viewAll=department&page=,£13.00,£13.00/each,,,/groceries/en-GB/products/303715774,https://digitalcontent.api.tesco.com/v2/media/ghs/93cea0c5-3a19-48cf-895f-38c94f28cd9c/20d82072-2ff0-4abe-9ce1-f22c29b45dc0_1166910061.jpeg?h=225&w=225,
304717897,Redex 5W-30 Peugeot & Citroen 2L,https://www.tesco.com/groceries/en-GB/shop/home-and-ents/all?department=DIY%20%26%20Car%20Care&viewAll=department&page=,£18.00,£9.00/litre,,,/groceries/en-GB/products/304717897,https://digitalcontent.api.tesco.com/v2/media/ghs/092e97a3-7a47-4fcd-8e34-41afe19ca9a6/141b0f36-079c-4d08-bdd8-e8846f1adc68_1898340718.jpeg?h=225&w=225,
305591086,Ring Analogue Tyre Compressor,https://www.tesco.com/groceries/en-GB/shop/home-and-ents/all?department=DIY%20%26%20Car%20Care&viewAll=department&page=,£15.00,£15.00/each,,,/groceries/en-GB/products/305591086,https://digitalcontent.api.tesco.com/v2/media/ghs/a11ec2ea-e2e8-4871-8b4b-68b3a206a88e/ff1323f9-62f9-40fc-8e4d-d05e1fe4b9d4_1548559247.jpeg?h=225&w=225,
312103730,Status 10W Led Worklight,https://www.tesco.com/groceries/en-GB/shop/home-and-ents/all?department=DIY%20%26%20Car%20Care&viewAll=department&page=,£15.00,£15.00/each,,,/groceries/en-GB/products/312103730,https://digitalcontent.api.tesco.com/v2/media/ghs/9a548d6b-d4ac-4535-86ce-0646e520c108/7c3b7bd1-a22f-474e-b401-0a57b7e32d54_1620165153.jpeg?h=225&w=225,
285281593,Tesco 5W40 Fully Synthetic Oil 2L,https://www.tesco.com/groceries/en-GB/shop/home-and-ents/all?department=DIY%20%26%20Car%20Care&viewAll=department&page=,£14.00,£7.00/litre,,,/groceries/en-GB/products/285281593,https://digitalcontent.api.tesco.com/v2/media/ghs/4ca2c09e-d221-4815-aac1-5a9865908b39/3ed34c3a-d5f1-4f4a-a7dc-cbe42019d221_1159875570.jpeg?h=225&w=225,
272481514,Simoniz Large Chamois,https://www.tesco.com/groceries/en-GB/shop/home-and-ents/all?department=DIY%20%26%20Car%20Care&viewAll=department&page=,£9.00,£9.00/each,,,/groceries/en-GB/products/272481514,https://digitalcontent.api.tesco.com/v2/media/ghs/ad62a903-1bcf-4eb8-9a91-398e973c0dd6/b5e4043d-2206-4464-b12a-b4016734b7b0_737282583.jpeg?h=225&w=225,
294775871,Tesco 75Pc Ratchet Socket & Bit Set,https://www.tesco.com/groceries/en-GB/shop/home-and-ents/all?department=DIY%20%26%20Car%20Care&viewAll=department&page=,£9.00,£9.00/each,,,/groceries/en-GB/products/294775871,https://digitalcontent.api.tesco.com/v2/media/ghs-mktg/b0b04216-fa73-466d-a9d7-c9fcfa1ce9b3/no-image.jpeg,
272481612,Simoniz Microfibre Drying Cloth,https://www.tesco.com/groceries/en-GB/shop/home-and-ents/all?department=DIY%20%26%20Car%20Care&viewAll=department&page=,£7.00,£7.00/each,,,/groceries/en-GB/products/272481612,https://digitalcontent.api.tesco.com/v2/media/ghs/d7fec023-3c82-4b31-8a77-42234b06f55c/c9b0c368-6492-413b-b7bf-6c4c45abd91e_1907586625.jpeg?h=225&w=225,
297139762,T-Cut 300Ml,https://www.tesco.com/groceries/en-GB/shop/home-and-ents/all?department=DIY%20%26%20Car%20Care&viewAll=department&page=,£7.50,£7.50/each,,,/groceries/en-GB/products/297139762,https://digitalcontent.api.tesco.com/v2/media/ghs/5e58b112-876f-428b-9589-dc411d57d27e/75d9b5f4-f6cf-4fc9-a465-504d19c318ab_1833557487.jpeg?h=225&w=225,
278911032,Castrol Mag 5W/30 C3 1L,https://www.tesco.com/groceries/en-GB/shop/home-and-ents/all?department=DIY%20%26%20Car%20Care&viewAll=department&page=,£10.00,£10.00/litre,,,/groceries/en-GB/products/278911032,https://digitalcontent.api.tesco.com/v2/media/ghs/46d035de-9d8b-4ddd-8387-836174414d21/9068cc59-b190-4eeb-906b-42ddb4b82ee6_1019592717.jpeg?h=225&w=225,
310275350,Castrol Gtx 5W-30 C4 1L,https://www.tesco.com/groceries/en-GB/shop/home-and-ents/all?department=DIY%20%26%20Car%20Care&viewAll=department&page=,£10.00,£10.00/litre,,,/groceries/en-GB/products/310275350,https://digitalcontent.api.tesco.com/v2/media/ghs/4c4fed25-8ada-4914-afb3-3443f5a26a8d/01ad281f-2b9c-4f34-bf97-dad2245eb66f_2063110747.jpeg?h=225&w=225,
304668666,Redex Pre-Mot Petrol 400Ml,https://www.tesco.com/groceries/en-GB/shop/home-and-ents/all?department=DIY%20%26%20Car%20Care&viewAll=department&page=,£10.00,£25.00/litre,,,/groceries/en-GB/products/304668666,https://digitalcontent.api.tesco.com/v2/media/ghs/6f8ec7e3-19e8-4eb1-b94b-af07370c83b3/222c3b91-c50b-4894-9e06-d81afd07ac83_936434812.jpeg?h=225&w=225,
308499698,Gorilla Grab Adhesive Cartridge 290Ml,https://www.tesco.com/groceries/en-GB/shop/home-and-ents/all?department=DIY%20%26%20Car%20Care&viewAll=department&page=,£9.00,£31.04/litre,,,/groceries/en-GB/products/308499698,https://digitalcontent.api.tesco.com/v2/media/ghs/d82769a6-b6e9-439b-9d1f-dd5fc885b5e9/a3eea60f-9365-4f06-a022-93dd22fed590_1714141623.jpeg?h=225&w=225,
287525850,Simoniz Diamond Wax And Polish,https://www.tesco.com/groceries/en-GB/shop/home-and-ents/all?department=DIY%20%26%20Car%20Care&viewAll=department&page=,£6.50,£6.50/each,,,/groceries/en-GB/products/287525850,https://digitalcontent.api.tesco.com/v2/media/ghs/1f62265f-7a61-4dcf-89e3-b4fe198df60d/dccb9828-b268-4de3-9a63-5df3c98da616_129734998.jpeg?h=225&w=225,
310690537,Urbii Double Usb Car Charger Quick Charge 3.0,https://www.tesco.com/groceries/en-GB/shop/home-and-ents/all?department=DIY%20%26%20Car%20Care&viewAll=department&page=,£8.00,£8.00/each,,,/groceries/en-GB/products/310690537,https://digitalcontent.api.tesco.com/v2/media/ghs/0b60fe6e-fd48-4ead-a583-182602789273/37fa2414-fb2a-44ad-9327-9b93cb4bdbab_1338801403.jpeg?h=225&w=225,
301182473,Master Lock Weatherproof Padlock,https://www.tesco.com/groceries/en-GB/shop/home-and-ents/all?department=DIY%20%26%20Car%20Care&viewAll=department&page=,£7.00,£7.00/each,,,/groceries/en-GB/products/301182473,https://digitalcontent.api.tesco.com/v2/media/ghs/5a17734e-cc39-4047-8596-51d3c164ace6/dcc39bf4-8f3c-4698-a1b5-5f62ae9b74b0_596574961.jpeg?h=225&w=225,
272481554,Simoniz Water Blade Squeegee,https://www.tesco.com/groceries/en-GB/shop/home-and-ents/all?department=DIY%20%26%20Car%20Care&viewAll=department&page=,£4.50,£4.50/each,,,/groceries/en-GB/products/272481554,https://digitalcontent.api.tesco.com/v2/media/ghs/781dc577-a9a2-41aa-9799-e1112e16da78/442b0d06-0dd6-45c2-b974-b41eb4a6f5c6_340472068.jpeg?h=225&w=225,
272481572,Simoniz Microfibre Wheel Brush,https://www.tesco.com/groceries/en-GB/shop/home-and-ents/all?department=DIY%20%26%20Car%20Care&viewAll=department&page=,£6.50,£6.50/each,,,/groceries/en-GB/products/272481572,https://digitalcontent.api.tesco.com/v2/media/ghs/72346d16-4247-478a-adfc-5bdb20ccfb38/4fccbb73-d891-46de-8862-0286e32bdac2_287944760.jpeg?h=225&w=225,
271629683,Command Picture Hanging Strips Combo Pack,https://www.tesco.com/groceries/en-GB/shop/home-and-ents/all?department=DIY%20%26%20Car%20Care&viewAll=department&page=,£8.00,£8.00/each,,,/groceries/en-GB/products/271629683,https://digitalcontent.api.tesco.com/v2/media/ghs/e6561102-4219-4b25-ad38-b89618e41052/422c5bf5-e0bd-4265-8b02-b45f26da5eec_1487047948.jpeg?h=225&w=225,
295010082,Command Picture Hanging Small Value Pack 12 Sets,https://www.tesco.com/groceries/en-GB/shop/home-and-ents/all?department=DIY%20%26%20Car%20Care&viewAll=department&page=,£8.00,£8.00/each,,,/groceries/en-GB/products/295010082,https://digitalcontent.api.tesco.com/v2/media/ghs/0c513a82-0d59-4e24-b31c-28bc9411f450/d98a6366-8e77-45df-8477-3782edbd6a70_1762436638.jpeg?h=225&w=225,
287525775,Simoniz Gloss Dashboard Cleaner,https://www.tesco.com/groceries/en-GB/shop/home-and-ents/all?department=DIY%20%26%20Car%20Care&viewAll=department&page=,£5.50,£5.50/each,,,/groceries/en-GB/products/287525775,https://digitalcontent.api.tesco.com/v2/media/ghs/91053a42-f88a-41ae-a7c6-a2fd5cb888a4/6770cb4c-3638-4f9c-9988-3f69b98145bf_659719174.jpeg?h=225&w=225,
287525882,Simoniz Wet Look Tyre And Trim,https://www.tesco.com/groceries/en-GB/shop/home-and-ents/all?department=DIY%20%26%20Car%20Care&viewAll=department&page=,£5.50,£5.50/each,,,/groceries/en-GB/products/287525882,https://digitalcontent.api.tesco.com/v2/media/ghs/a93b5d78-b453-40cb-b5e5-85d910d9a77c/5ca65dcd-335b-4d84-9d6e-eac485337c00_1493719465.jpeg?h=225&w=225,
297391093,Master Lock 40Mm Padlock Hardend Steel Shackle,https://www.tesco.com/groceries/en-GB/shop/home-and-ents/all?department=DIY%20%26%20Car%20Care&viewAll=department&page=,£6.00,£6.00/each,,,/groceries/en-GB/products/297391093,https://digitalcontent.api.tesco.com/v2/media/ghs/835cffea-8946-4efe-aaf5-bebae31b25bf/c2e0fdfe-1612-4139-87fd-dc0d57e8cb1b_1289799665.jpeg?h=225&w=225,
291585461,Unibond Re-New 80Ml,https://www.tesco.com/groceries/en-GB/shop/home-and-ents/all?department=DIY%20%26%20Car%20Care&viewAll=department&page=,£8.00,£8.00/each,,,/groceries/en-GB/products/291585461,https://digitalcontent.api.tesco.com/v2/media/ghs/41fe4e6b-d184-47b7-9b04-7883a43a0db5/b8047e54-2011-4963-aafb-0e27c72472db_1599137574.jpeg?h=225&w=225,
289793418,Frogtape Delicate Surface 24Mm X 41.1M,https://www.tesco.com/groceries/en-GB/shop/home-and-ents/all?department=DIY%20%26%20Car%20Care&viewAll=department&page=,£7.00,£7.00/each,,,/groceries/en-GB/products/289793418,https://digitalcontent.api.tesco.com/v2/media/ghs/d7c3580d-09f6-4d77-a773-1eb621aa1fe3/5764db14-fbc3-4282-9b85-712cbbebfe2f_1752123342.jpeg?h=225&w=225,
308725950,Yankee Candle Black Coconut Car Jar Air Freshener,https://www.tesco.com/groceries/en-GB/shop/home-and-ents/all?department=DIY%20%26%20Car%20Care&viewAll=department&page=,£5.00,£5.00/each,,,/groceries/en-GB/products/308725950,https://digitalcontent.api.tesco.com/v2/media/ghs/a26e7cf5-9d6f-4f12-ada7-64653ca0f998/217f5906-e467-4126-94fa-dc0c8b23783f_1455776221.jpeg?h=225&w=225,
293097511,Tesco 2Pc Microfibre Washndry,https://www.tesco.com/groceries/en-GB/shop/home-and-ents/all?department=DIY%20%26%20Car%20Care&viewAll=department&page=,£5.00,£5.00/each,,,/groceries/en-GB/products/293097511,https://digitalcontent.api.tesco.com/v2/media/ghs/81ee72ef-d4c8-401c-a7a1-5bedd8ffc3fa/253a41a9-2541-43c1-b4f2-5ca964cf4b4b_650497757.jpeg?h=225&w=225,
307128823,Jelly Belly Due Vent Blueberries,https://www.tesco.com/groceries/en-GB/shop/home-and-ents/all?department=DIY%20%26%20Car%20Care&viewAll=department&page=,£4.50,£2.25/each,,,/groceries/en-GB/products/307128823,https://digitalcontent.api.tesco.com/v2/media/ghs/5e31234c-bb64-47e4-b804-ac0ef2910eab/abccd65a-7eaf-4842-90e2-11239b26b75c_1175388551.jpeg?h=225&w=225,
311787324,Unibond Wall Tile Adhesive & Grout,https://www.tesco.com/groceries/en-GB/shop/home-and-ents/all?department=DIY%20%26%20Car%20Care&viewAll=department&page=,£6.00,£6.00/each,,,/groceries/en-GB/products/311787324,https://digitalcontent.api.tesco.com/v2/media/ghs/4364e6f1-7ab2-42d6-badb-5ea773d0f858/d8db5645-8223-4e9e-baa7-c0740729d5e1_211877073.jpeg?h=225&w=225,
305788292,Gorilla Glue Clear 50Ml,https://www.tesco.com/groceries/en-GB/shop/home-and-ents/all?department=DIY%20%26%20Car%20Care&viewAll=department&page=,£9.50,£190.00/litre,,,/groceries/en-GB/products/305788292,https://digitalcontent.api.tesco.com/v2/media/ghs/5b617d3f-7ee0-4c49-b84a-9283b422b25e/73006c69-1ca1-4135-9835-762d2e25f5e5_208227336.jpeg?h=225&w=225,
294776000,Tesco 8 Inch Adjustable Wrench,https://www.tesco.com/groceries/en-GB/shop/home-and-ents/all?department=DIY%20%26%20Car%20Care&viewAll=department&page=,£4.00,£4.00/each,,,/groceries/en-GB/products/294776000,https://digitalcontent.api.tesco.com/v2/media/ghs/897760d4-167a-40bf-be03-a70b1d248ff1/972bc9c0-2f63-4577-bcd0-61929765a685_407970144.jpeg?h=225&w=225,
307128852,Little Tree Bottle Passion,https://www.tesco.com/groceries/en-GB/shop/home-and-ents/all?department=DIY%20%26%20Car%20Care&viewAll=department&page=,£3.50,£3.50/each,,,/groceries/en-GB/products/307128852,https://digitalcontent.api.tesco.com/v2/media/ghs/240950ad-ae26-46a2-8795-a25cbd179c01/46c16a12-cd6a-4955-ae30-5d58ebaf7ef1_297077541.jpeg?h=225&w=225,
310442057,Little Tree Black Ice Can Air Freshener,https://www.tesco.com/groceries/en-GB/shop/home-and-ents/all?department=DIY%20%26%20Car%20Care&viewAll=department&page=,£3.50,£3.50/each,,,/groceries/en-GB/products/310442057,https://digitalcontent.api.tesco.com/v2/media/ghs/3e2604fa-9280-40b6-8d9a-346c24d76374/3ef61973-9d45-4fe1-b8a9-ef8d2fcb3ecd_86325724.jpeg?h=225&w=225,
312361826,Prestone Eco Refill Screenwash 500Ml,https://www.tesco.com/groceries/en-GB/shop/home-and-ents/all?department=DIY%20%26%20Car%20Care&viewAll=department&page=,£3.50,£7.00/litre,,,/groceries/en-GB/products/312361826,https://digitalcontent.api.tesco.com/v2/media/ghs/30144bf3-202d-4116-a2b8-e6bd08e5deee/7e983627-e69d-4f33-a5d9-39ab10e0da01_1966617164.jpeg?h=225&w=225,
307219186,Tesco Sanding Block With Paper,https://www.tesco.com/groceries/en-GB/shop/home-and-ents/all?department=DIY%20%26%20Car%20Care&viewAll=department&page=,£3.50,£3.50/each,,,/groceries/en-GB/products/307219186,https://digitalcontent.api.tesco.com/v2/media/ghs/7e04a79d-2696-4e40-a000-14674214f266/db168acd-9e62-4482-a420-172bf1661daa_311510569.jpeg?h=225&w=225,
296543590,Jelly Belly Jewel Collection Island Punch,https://www.tesco.com/groceries/en-GB/shop/home-and-ents/all?department=DIY%20%26%20Car%20Care&viewAll=department&page=,£3.00,£3.00/each,,,/groceries/en-GB/products/296543590,https://digitalcontent.api.tesco.com/v2/media/ghs/b6fd72d6-1c2a-4433-b506-513b00a1366f/6f73e8b8-cdea-4b58-a678-053dff815086_140227935.jpeg?h=225&w=225,
308396203,Jelly Belly 3D Gel Mango,https://www.tesco.com/groceries/en-GB/shop/home-and-ents/all?department=DIY%20%26%20Car%20Care&viewAll=department&page=,£3.00,£3.00/each,,,/groceries/en-GB/products/308396203,https://digitalcontent.api.tesco.com/v2/media/ghs/6f5500e5-a43d-4530-b957-8e30f6ba22fd/02b6051a-56ad-48ae-b4b8-8703ebe15fcd_1180259245.jpeg?h=225&w=225,
307097000,Tesco Spray Fresh Fruit Dream 150Ml,https://www.tesco.com/groceries/en-GB/shop/home-and-ents/all?department=DIY%20%26%20Car%20Care&viewAll=department&page=,£3.00,£20.00/litre,,,/groceries/en-GB/products/307097000,https://digitalcontent.api.tesco.com/v2/media/ghs/db2c6b98-0c0b-44f8-bbce-1edb0d1b4ef1/e34ceb4a-2c10-429f-b986-5be23a70089c_1652117157.jpeg?h=225&w=225,
312716575,Gorilla Gorilla Tack,https://www.tesco.com/groceries/en-GB/shop/home-and-ents/all?department=DIY%20%26%20Car%20Care&viewAll=department&page=,£3.50,£0.04/each,,,/groceries/en-GB/products/312716575,https://digitalcontent.api.tesco.com/v2/media/ghs/12d6e96f-4dbe-453d-8dd1-1d7bd46dd82e/01eb9ef7-ab2f-4e43-b92d-f1d65eb27933_346258736.jpeg?h=225&w=225,
265964674,Osram 380 Lightbulb Twin Pack,https://www.tesco.com/groceries/en-GB/shop/home-and-ents/all?department=DIY%20%26%20Car%20Care&viewAll=department&page=,£2.00,£1.00/each,,,/groceries/en-GB/products/265964674,https://digitalcontent.api.tesco.com/v2/media/ghs/8d0640c5-2135-464a-b7a9-bbe600a016df/1f994e17-c250-48e8-a20c-4d68d6af7b3a_1189490977.jpeg?h=225&w=225,
305488065,Tesco Dash Matte 500Ml,https://www.tesco.com/groceries/en-GB/shop/home-and-ents/all?department=DIY%20%26%20Car%20Care&viewAll=department&page=,£2.00,£4.00/litre,,,/groceries/en-GB/products/305488065,https://digitalcontent.api.tesco.com/v2/media/ghs/c1e358d9-6fa0-478f-809d-7900fa3c1d1c/a0e59eac-f6aa-4e53-ba72-51ae11504487_623903275.jpeg?h=225&w=225,
308994048,Duck Insulation Tape,https://www.tesco.com/groceries/en-GB/shop/home-and-ents/all?department=DIY%20%26%20Car%20Care&viewAll=department&page=,£2.00,£0.40/each,,,/groceries/en-GB/products/308994048,https://digitalcontent.api.tesco.com/v2/media/ghs-mktg/b0b04216-fa73-466d-a9d7-c9fcfa1ce9b3/no-image.jpeg,
305166262,Castrol Edge 5W-30 M 1L,https://www.tesco.com/groceries/en-GB/shop/home-and-ents/all?department=DIY%20%26%20Car%20Care&viewAll=department&page=,£16.00,£16.00/litre,,,/groceries/en-GB/products/305166262,https://digitalcontent.api.tesco.com/v2/media/ghs/470f42f3-dcbd-4eb6-8138-407dd1d45310/61493003-5697-43a7-ab94-2693cef5673a_829936294.jpeg?h=225&w=225,
305591345,Tesco Tool Kit And Tool Bag,https://www.tesco.com/groceries/en-GB/shop/home-and-ents/all?department=DIY%20%26%20Car%20Care&viewAll=department&page=,£20.00,£20.00/each,,,/groceries/en-GB/products/305591345,https://digitalcontent.api.tesco.com/v2/media/ghs-mktg/b0b04216-fa73-466d-a9d7-c9fcfa1ce9b3/no-image.jpeg,
295430356,Urbii Bt Fm Transmitter,https://www.tesco.com/groceries/en-GB/shop/home-and-ents/all?department=DIY%20%26%20Car%20Care&viewAll=department&page=,£24.00,£24.00/each,,,/groceries/en-GB/products/295430356,https://digitalcontent.api.tesco.com/v2/media/ghs/7b12b302-aa6d-4b92-a820-5164cc69be2f/562cf02c-636b-40c2-841a-1da01776126d_1065043487.jpeg?h=225&w=225,
293099280,Tesco 5Pc Flex Spanner Set,https://www.tesco.com/groceries/en-GB/shop/home-and-ents/all?department=DIY%20%26%20Car%20Care&viewAll=department&page=,£16.00,£3.20/each,,,/groceries/en-GB/products/293099280,https://digitalcontent.api.tesco.com/v2/media/ghs/25797288-edce-47c6-8f17-518c027e7a75/d5c4262a-5133-4393-a840-dbce5dc0e0b5_577475296.jpeg?h=225&w=225,
308598068,Tesco 50Pc Combination Tool Set,https://www.tesco.com/groceries/en-GB/shop/home-and-ents/all?department=DIY%20%26%20Car%20Care&viewAll=department&page=,£15.00,£15.00/each,,,/groceries/en-GB/products/308598068,https://digitalcontent.api.tesco.com/v2/media/ghs/ec1c7557-9cc3-4987-8dca-d7005b317297/1e9849d0-8ec0-4e64-a23e-ba1a17ff7e6e_2109628288.jpeg?h=225&w=225,
310676175,Osram H1/H7 12V 55W Bulb Set,https://www.tesco.com/groceries/en-GB/shop/home-and-ents/all?department=DIY%20%26%20Car%20Care&viewAll=department&page=,£12.00,£12.00/each,,,/groceries/en-GB/products/310676175,https://digitalcontent.api.tesco.com/v2/media/ghs/00dc2c86-aade-40f7-b00c-369d0ba9918d/4bdeab6c-2d68-42f2-b7a4-1d5339724b30_1186644983.jpeg?h=225&w=225,
304717880,Redex 5W-30 Ford 2L,https://www.tesco.com/groceries/en-GB/shop/home-and-ents/all?department=DIY%20%26%20Car%20Care&viewAll=department&page=,£18.00,£9.00/litre,,,/groceries/en-GB/products/304717880,https://digitalcontent.api.tesco.com/v2/media/ghs/2804c7ba-66d9-40d1-a272-c9d87ff13dbd/f6ee1f46-b392-4755-94f2-ced69f660e2d_1146256459.jpeg?h=225&w=225,
304717914,Redex 5W-40 2L,https://www.tesco.com/groceries/en-GB/shop/home-and-ents/all?department=DIY%20%26%20Car%20Care&viewAll=department&page=,£18.00,£9.00/litre,,,/groceries/en-GB/products/304717914,https://digitalcontent.api.tesco.com/v2/media/ghs/0cdd3c91-fcb8-4537-ac93-ea560c64833b/f837b120-38ef-4598-9adb-7d26f0e99695_1730417605.jpeg?h=225&w=225,
305869339,Urbii Lighning C Cable,https://www.tesco.com/groceries/en-GB/shop/home-and-ents/all?department=DIY%20%26%20Car%20Care&viewAll=department&page=,£12.00,£12.00/each,,,/groceries/en-GB/products/305869339,https://digitalcontent.api.tesco.com/v2/media/ghs/50318e91-5a90-43a7-8108-7a558cb207be/2a66c312-e57b-4058-914c-f6c02addac64_382441402.jpeg?h=225&w=225,
310652416,Ring Booster Cable,https://www.tesco.com/groceries/en-GB/shop/home-and-ents/all?department=DIY%20%26%20Car%20Care&viewAll=department&page=,£12.00,£12.00/each,,,/groceries/en-GB/products/310652416,https://digitalcontent.api.tesco.com/v2/media/ghs/cde13370-4ffc-481b-b9a7-aae5995bd7cb/cc7f028c-9dbf-419b-b481-eb0b5a2f1587_204965473.jpeg?h=225&w=225,
272253284,Simoniz Original Wax 150G,https://www.tesco.com/groceries/en-GB/shop/home-and-ents/all?department=DIY%20%26%20Car%20Care&viewAll=department&page=,£8.50,£56.67/kg,,,/groceries/en-GB/products/272253284,https://digitalcontent.api.tesco.com/v2/media/ghs/8a9ad9b4-d8e2-4855-8688-e91ad51b0d41/2eca5471-ac7a-4158-a1d5-cd4bda6215ae_1497473950.jpeg?h=225&w=225,
285281472,Tesco 15W40 Mineral Oil 2L,https://www.tesco.com/groceries/en-GB/shop/home-and-ents/all?department=DIY%20%26%20Car%20Care&viewAll=department&page=,£12.00,£6.00/litre,,,/groceries/en-GB/products/285281472,https://digitalcontent.api.tesco.com/v2/media/ghs/bfc551f8-ff92-485b-94db-eb34c3e69e8c/d9fd487a-d954-47e6-ba8a-2c656a8caa09_312070384.jpeg?h=225&w=225,
300840140,Urbii Magnetic Car Windshield Mount,https://www.tesco.com/groceries/en-GB/shop/home-and-ents/all?department=DIY%20%26%20Car%20Care&viewAll=department&page=,£9.00,£9.00/each,,,/groceries/en-GB/products/300840140,https://digitalcontent.api.tesco.com/v2/media/ghs/b0ca38fa-fc2d-4f95-abd6-a32d932c761c/2afe487c-0d95-419b-950b-893348270db8_751747243.jpeg?h=225&w=225,
304717868,Redex 10W-40 Part Synthetic 2L,https://www.tesco.com/groceries/en-GB/shop/home-and-ents/all?department=DIY%20%26%20Car%20Care&viewAll=department&page=,£18.00,£9.00/litre,,,/groceries/en-GB/products/304717868,https://digitalcontent.api.tesco.com/v2/media/ghs/458ebd98-9560-48d2-9047-6aebf1c07684/8137e3f1-e511-4569-a2af-5aadf1bd3faf_1765105747.jpeg?h=225&w=225,
310275344,Castrol Magnatec 5W-40 Dpf 1L,https://www.tesco.com/groceries/en-GB/shop/home-and-ents/all?department=DIY%20%26%20Car%20Care&viewAll=department&page=,£10.00,£10.00/litre,,,/groceries/en-GB/products/310275344,https://digitalcontent.api.tesco.com/v2/media/ghs-mktg/b0b04216-fa73-466d-a9d7-c9fcfa1ce9b3/no-image.jpeg,
297624435,Urbii Microusb Typ C Cable,https://www.tesco.com/groceries/en-GB/shop/home-and-ents/all?department=DIY%20%26%20Car%20Care&viewAll=department&page=,£9.00,£9.00/each,,,/groceries/en-GB/products/297624435,https://digitalcontent.api.tesco.com/v2/media/ghs/561dc948-5e4f-4312-bd57-f43a987dea46/15b730ab-caa5-44bc-b17e-74fae6a4d79a_381041410.jpeg?h=225&w=225,
305869317,Urbii Quick Charge Car Charger,https://www.tesco.com/groceries/en-GB/shop/home-and-ents/all?department=DIY%20%26%20Car%20Care&viewAll=department&page=,£8.00,£8.00/each,,,/groceries/en-GB/products/305869317,https://digitalcontent.api.tesco.com/v2/media/ghs/eb800711-b13e-40e9-8538-e3453a69f1e3/afbd6fbc-35ba-4ec7-9461-ace4e85206b4_746190835.jpeg?h=225&w=225,
294775986,Tesco 6Pc Combination Spanner Set,https://www.tesco.com/groceries/en-GB/shop/home-and-ents/all?department=DIY%20%26%20Car%20Care&viewAll=department&page=,£7.00,£7.00/each,,,/groceries/en-GB/products/294775986,https://digitalcontent.api.tesco.com/v2/media/ghs/44e81c26-39ea-417b-8613-13156fa0b55b/7c14c1a2-1004-4dde-a462-dff842ad468d_333561090.jpeg?h=225&w=225,
265963596,Osram 472 Headlamp Single Blister,https://www.tesco.com/groceries/en-GB/shop/home-and-ents/all?department=DIY%20%26%20Car%20Care&viewAll=department&page=,£6.00,£6.00/each,,,/groceries/en-GB/products/265963596,https://digitalcontent.api.tesco.com/v2/media/ghs/b61f6057-fc80-4812-9a67-9933b80b2edf/64dcd9ce-eb4f-4d03-90d0-fc1cfb1180c9_1255733249.jpeg?h=225&w=225,
308725944,Simoniz Scratch And Swirl Remover,https://www.tesco.com/groceries/en-GB/shop/home-and-ents/all?department=DIY%20%26%20Car%20Care&viewAll=department&page=,£5.50,£5.50/each,,,/groceries/en-GB/products/308725944,https://digitalcontent.api.tesco.com/v2/media/ghs/735f30d9-d578-4cd0-8491-e49eb6392f3c/952497ab-e412-4ef8-8f09-fa61c01f1967_732570683.jpeg?h=225&w=225,
302671526,Tesco 14 Inch Grip Saw,https://www.tesco.com/groceries/en-GB/shop/home-and-ents/all?department=DIY%20%26%20Car%20Care&viewAll=department&page=,£5.00,£5.00/each,,,/groceries/en-GB/products/302671526,https://digitalcontent.api.tesco.com/v2/media/ghs-mktg/b0b04216-fa73-466d-a9d7-c9fcfa1ce9b3/no-image.jpeg,
295430379,Urbii Magnetic Vent Car Mount,https://www.tesco.com/groceries/en-GB/shop/home-and-ents/all?department=DIY%20%26%20Car%20Care&viewAll=department&page=,£6.00,£6.00/each,,,/groceries/en-GB/products/295430379,https://digitalcontent.api.tesco.com/v2/media/ghs/88391e79-c322-41e1-83cc-578d486687cf/5b60ddd1-9fbf-41c0-9387-216e493eb424_2007086072.jpeg?h=225&w=225,
305806485,Urbii Gravity Holder,https://www.tesco.com/groceries/en-GB/shop/home-and-ents/all?department=DIY%20%26%20Car%20Care&viewAll=department&page=,£6.00,£6.00/each,,,/groceries/en-GB/products/305806485,https://digitalcontent.api.tesco.com/v2/media/ghs/8450fc9a-cd32-4101-9105-633e48942c01/00523176-431c-4712-845d-95688ed44960_1015862330.jpeg?h=225&w=225,
305232800,Tesco Universal Socket 7-19Mm,https://www.tesco.com/groceries/en-GB/shop/home-and-ents/all?department=DIY%20%26%20Car%20Care&viewAll=department&page=,£4.00,£4.00/each,,,/groceries/en-GB/products/305232800,https://digitalcontent.api.tesco.com/v2/media/ghs/cbf66afc-ad67-4065-8579-0e5f5046134c/bdd1bd9d-2066-46b9-8150-5e29b4e9bb29_299877550.jpeg?h=225&w=225,
294775859,Tesco 220Mm Locking Pliers.,https://www.tesco.com/groceries/en-GB/shop/home-and-ents/all?department=DIY%20%26%20Car%20Care&viewAll=department&page=,£4.00,£4.00/each,,,/groceries/en-GB/products/294775859,https://digitalcontent.api.tesco.com/v2/media/ghs/3172821d-74c7-4f26-8e67-f32487702506/f71a4e3e-6b13-4ff7-a3c9-393f65dde3af_1843226079.jpeg?h=225&w=225,
308410654,Black & Decker Drill Bit Set A7233-Xj,https://www.tesco.com/groceries/en-GB/shop/home-and-ents/all?department=DIY%20%26%20Car%20Care&viewAll=department&page=,£15.00,£15.00/each,,,/groceries/en-GB/products/308410654,https://digitalcontent.api.tesco.com/v2/media/ghs/b3bf395e-801b-4a28-a497-6b6b07d003b5/3e2b2fe0-bbb2-4b96-983e-978fca0cecd3_636467816.jpeg?h=225&w=225,
265964743,Osram 380 Lightbulb Twin Pack,https://www.tesco.com/groceries/en-GB/shop/home-and-ents/all?department=DIY%20%26%20Car%20Care&viewAll=department&page=,£2.00,£1.00/each,,,/groceries/en-GB/products/265964743,https://digitalcontent.api.tesco.com/v2/media/ghs/376bd463-a7a2-48d1-9fc2-497e023af6c0/037b76e0-77c0-4752-9577-5f9515207b62_690107047.jpeg?h=225&w=225,
287066540,Tesco Seasonal Posy Flowers Bouquet,https://www.tesco.com/groceries/en-GB/shop/home-and-ents/all?department=Flowers&viewAll=department&page=,£6.00,£6.00/each,,,/groceries/en-GB/products/287066540,https://digitalcontent.api.tesco.com/v2/media/ghs/1e17ddf5-b11d-42c4-add0-c371b1bf1050/3866a1db-a146-45eb-955f-7866a87a2edf_14109226.jpeg?h=225&w=225,
293377128,Rose & Lily,https://www.tesco.com/groceries/en-GB/shop/home-and-ents/all?department=Flowers&viewAll=department&page=,,,,,/groceries/en-GB/products/293377128,https://digitalcontent.api.tesco.com/v2/media/ghs/b524de68-9c75-474a-8873-061a27b37a1c/81ec2fbe-255d-4198-b76a-6e7b6d7179da_1556408233.jpeg?h=225&w=225,This product's currently out of stock
291731559,Tesco Sizzle Flowers Bouquet,https://www.tesco.com/groceries/en-GB/shop/home-and-ents/all?department=Flowers&viewAll=department&page=,£3.00,£3.00/each,,,/groceries/en-GB/products/291731559,https://digitalcontent.api.tesco.com/v2/media/ghs/b903e5d7-59df-4cb4-baea-89307e331e88/dd4c7b9e-163c-4ba3-85a8-9d1a0a2e5ff4_939356412.jpeg?h=225&w=225,
293369737,Rose Bouquet (Pink),https://www.tesco.com/groceries/en-GB/shop/home-and-ents/all?department=Flowers&viewAll=department&page=,£5.00,£5.00/each,£4.00 Clubcard Price,,/groceries/en-GB/products/293369737,https://digitalcontent.api.tesco.com/v2/media/ghs/af94a246-ba46-44f6-b461-d7a2d97f9bb4/d895afbc-2a47-4149-a1b7-39b928f2f3f1_910051968.jpeg?h=225&w=225,
293369835,Rose Bouquet (Red & Orange),https://www.tesco.com/groceries/en-GB/shop/home-and-ents/all?department=Flowers&viewAll=department&page=,£5.00,£5.00/each,£4.00 Clubcard Price,,/groceries/en-GB/products/293369835,https://digitalcontent.api.tesco.com/v2/media/ghs/99f83666-ba20-41e6-a3fe-589f57ff4134/3a1347a9-9109-48eb-8275-40cdad577aed_367313951.jpeg?h=225&w=225,
296029780,Rose Bouquet (White),https://www.tesco.com/groceries/en-GB/shop/home-and-ents/all?department=Flowers&viewAll=department&page=,£5.00,£5.00/each,£4.00 Clubcard Price,,/groceries/en-GB/products/296029780,https://digitalcontent.api.tesco.com/v2/media/ghs/b9d7959f-bdaf-491e-a1c4-4c8e76540e2a/66d19901-156d-4071-9415-f98dca69ef47_1491636389.jpeg?h=225&w=225,
253928581,Spray Carnation Bqt(M),https://www.tesco.com/groceries/en-GB/shop/home-and-ents/all?department=Flowers&viewAll=department&page=,£2.50,£2.50/each,,,/groceries/en-GB/products/253928581,https://digitalcontent.api.tesco.com/v2/media/ghs/e1a36e69-67c1-40d9-8efc-be1f33499585/af36531f-268d-4674-9c36-4879290fe7f3_1509644300.jpeg?h=225&w=225,
293438070,Small Rose Bouquet (Red & Orange),https://www.tesco.com/groceries/en-GB/shop/home-and-ents/all?department=Flowers&viewAll=department&page=,£3.00,£3.00/each,£2.50 Clubcard Price,,/groceries/en-GB/products/293438070,https://digitalcontent.api.tesco.com/v2/media/ghs/b84a8bdb-6862-439c-a024-29448dde0e3a/a80d5bf2-4c78-4736-85ab-e74683decff8_531327906.jpeg?h=225&w=225,
296029842,Small Rose Bouquet (Yellow),https://www.tesco.com/groceries/en-GB/shop/home-and-ents/all?department=Flowers&viewAll=department&page=,,,,,/groceries/en-GB/products/296029842,https://digitalcontent.api.tesco.com/v2/media/ghs/27d4287f-03b2-4a8e-9f77-e75ea8268914/50a48864-5bc9-48ae-b924-647b0c2ef29b_826392929.jpeg?h=225&w=225,This product's currently out of stock
293438011,Small Rose Bouquet (Pink),https://www.tesco.com/groceries/en-GB/shop/home-and-ents/all?department=Flowers&viewAll=department&page=,£3.00,£3.00/each,£2.50 Clubcard Price,,/groceries/en-GB/products/293438011,https://digitalcontent.api.tesco.com/v2/media/ghs/b85684e0-02cb-4011-951d-20fe3bbb5004/52b0a340-9369-419f-856a-aa7f2bd49139_2018788606.jpeg?h=225&w=225,
296029820,Small Rose Bouquet (White),https://www.tesco.com/groceries/en-GB/shop/home-and-ents/all?department=Flowers&viewAll=department&page=,£3.00,£3.00/each,£2.50 Clubcard Price,,/groceries/en-GB/products/296029820,,
296673026,Rose Bouquet (Yellow),https://www.tesco.com/groceries/en-GB/shop/home-and-ents/all?department=Flowers&viewAll=department&page=,£5.00,£0.83/each,£4.00 Clubcard Price,,/groceries/en-GB/products/296673026,,
309141629,Tesco Cube Crackers 12 Pack Gold,https://www.tesco.com/groceries/en-GB/shop/home-and-ents/all?department=Party%20%26%20Giftwrap&viewAll=department&page=,£4.00,£0.33/each,,,/groceries/en-GB/products/309141629,https://digitalcontent.api.tesco.com/v2/media/ghs/dca3a46f-00be-474f-b4c7-b5398ec163d4/466aacbc-dc28-47bb-a5a1-4046a3b8bd21_51248076.jpeg?h=225&w=225,
309142520,Tesco Luxury Gold Mini Crackers 6 Pack,https://www.tesco.com/groceries/en-GB/shop/home-and-ents/all?department=Party%20%26%20Giftwrap&viewAll=department&page=,£4.00,£0.67/each,,New,/groceries/en-GB/products/309142520,https://digitalcontent.api.tesco.com/v2/media/ghs/5d79f5c2-2697-43fe-b4a3-d2dcbc1014ca/8d43f28e-1b61-4b49-a4c0-608942244f76_1829142819.jpeg?h=225&w=225,
309141613,Tesco Cube Crackers 12 Pack Silver,https://www.tesco.com/groceries/en-GB/shop/home-and-ents/all?department=Party%20%26%20Giftwrap&viewAll=department&page=,£4.00,£0.33/each,,,/groceries/en-GB/products/309141613,https://digitalcontent.api.tesco.com/v2/media/ghs/d85f79e6-3e96-4b41-88a2-cbfbebed85cf/5e44d6f4-5065-4a31-88ba-1307f4902178_991540851.jpeg?h=225&w=225,
309142416,Tesco Cube Crackers 12 Pack Red Green,https://www.tesco.com/groceries/en-GB/shop/home-and-ents/all?department=Party%20%26%20Giftwrap&viewAll=department&page=,£4.00,£0.33/each,,,/groceries/en-GB/products/309142416,https://digitalcontent.api.tesco.com/v2/media/ghs/3e4630c0-6650-4c59-ba70-6511b8357970/33410ea0-54eb-4ecb-bb3c-f6ff043114ea_2017797341.jpeg?h=225&w=225,
309988901,Stripey Paper Straws 80Pk,https://www.tesco.com/groceries/en-GB/shop/home-and-ents/all?department=Party%20%26%20Giftwrap&viewAll=department&page=,£2.00,£0.02/each,,,/groceries/en-GB/products/309988901,https://digitalcontent.api.tesco.com/v2/media/ghs/defd8953-c204-4b22-b680-fd77348bf7ad/6d1158a0-a04a-4cf2-b27f-abd37da51ea0_1805256555.jpeg?h=225&w=225,
263637190,Tesco Napkins White 40Cm 2Ply 50 Pack,https://www.tesco.com/groceries/en-GB/shop/home-and-ents/all?department=Party%20%26%20Giftwrap&viewAll=department&page=,£2.00,£0.04/each,,,/groceries/en-GB/products/263637190,https://digitalcontent.api.tesco.com/v2/media/ghs/a5062be1-74c9-467c-b2f8-50ac46bba599/a5cbb065-2fd2-4633-8806-91743f3a3358_608862837.jpeg?h=225&w=225,
289803642,Glow Sticks 15Pk,https://www.tesco.com/groceries/en-GB/shop/home-and-ents/all?department=Party%20%26%20Giftwrap&viewAll=department&page=,£1.50,£0.10/each,Any 5 for 4 Clubcard Price - Cheapest Product Free - Selected Tesco Party ,,/groceries/en-GB/products/289803642,https://digitalcontent.api.tesco.com/v2/media/ghs/fd421589-2248-464c-899d-cacf3241c35a/8cab69d2-2133-45c1-a347-a8206180c93b_149628901.jpeg?h=225&w=225,
308429581,Eco Floral Bees Large Bag,https://www.tesco.com/groceries/en-GB/shop/home-and-ents/all?department=Party%20%26%20Giftwrap&viewAll=department&page=,£1.75,£1.75/each,,New,/groceries/en-GB/products/308429581,https://digitalcontent.api.tesco.com/v2/media/ghs/4b226829-c63a-46a7-a666-61bb0c61696b/snapshotimagehandler_2147049321.jpeg?h=225&w=225,
292033255,Mini Cake Sparklers 10 Pack,https://www.tesco.com/groceries/en-GB/shop/home-and-ents/all?department=Party%20%26%20Giftwrap&viewAll=department&page=,£1.50,£0.15/each,Any 5 for 4 Clubcard Price - Cheapest Product Free - Selected Tesco Party ,,/groceries/en-GB/products/292033255,https://digitalcontent.api.tesco.com/v2/media/ghs/3c62fe81-38a6-4e26-ac5a-e8829489ba17/20e96eec-b28d-470b-bf09-002cc475314a_1091622592.jpeg?h=225&w=225,
312146932,Tesco Silver Snowflake Napkin 3Ply 20 Pack,https://www.tesco.com/groceries/en-GB/shop/home-and-ents/all?department=Party%20%26%20Giftwrap&viewAll=department&page=,£1.50,£0.08/each,,New,/groceries/en-GB/products/312146932,https://digitalcontent.api.tesco.com/v2/media/ghs/dbb045ae-9b9a-46b7-9ef1-8ab5ce9a01b6/54e05e50-81c3-4459-bf73-4b4eea38c771_640501413.jpeg?h=225&w=225,
312146811,Tesco Christmas Pudding Napkin 3Ply 20 Pack,https://www.tesco.com/groceries/en-GB/shop/home-and-ents/all?department=Party%20%26%20Giftwrap&viewAll=department&page=,£1.50,£0.08/each,,New,/groceries/en-GB/products/312146811,https://digitalcontent.api.tesco.com/v2/media/ghs/ec05410a-6f2d-4bf4-aaa1-a1fcb5673823/11b4c834-0444-427d-b5b4-e375b9c9c712_551197809.jpeg?h=225&w=225,
253524618,Tesco Napkins Cream 33Cm 2Ply 50 Pack,https://www.tesco.com/groceries/en-GB/shop/home-and-ents/all?department=Party%20%26%20Giftwrap&viewAll=department&page=,£1.50,£0.03/each,,,/groceries/en-GB/products/253524618,https://digitalcontent.api.tesco.com/v2/media/ghs/c51eed1d-0708-45db-8ddb-548cdc3670bb/dd551e0a-056f-47cc-8771-76490f4b054a_1270968539.jpeg?h=225&w=225,
262271980,Tesco Napkins White 33Cm 2Ply 50 Pack,https://www.tesco.com/groceries/en-GB/shop/home-and-ents/all?department=Party%20%26%20Giftwrap&viewAll=department&page=,£1.50,£0.03/each,,,/groceries/en-GB/products/262271980,https://digitalcontent.api.tesco.com/v2/media/ghs/04b4970f-1fa1-41bf-b1f6-68314a083773/1145c8a5-82a0-4074-be00-68b79c444cc0_688703624.jpeg?h=225&w=225,
312146886,Tesco 12 Days Of Christmas Napkin 3Ly 20 Pack,https://www.tesco.com/groceries/en-GB/shop/home-and-ents/all?department=Party%20%26%20Giftwrap&viewAll=department&page=,£1.50,£0.08/each,,New,/groceries/en-GB/products/312146886,https://digitalcontent.api.tesco.com/v2/media/ghs/f89e048b-b71f-4208-a6de-6259297e7b7d/adf335dd-5da3-4bc3-8a83-0ca36f51b71d_1532174028.jpeg?h=225&w=225,
312146621,Tesco Traditional Santa Plate 23Cm 10 Pack,https://www.tesco.com/groceries/en-GB/shop/home-and-ents/all?department=Party%20%26%20Giftwrap&viewAll=department&page=,£1.50,£0.15/each,,New,/groceries/en-GB/products/312146621,https://digitalcontent.api.tesco.com/v2/media/ghs/cb126ba1-17d4-4061-8941-595d680e6011/4decb6bd-c7af-4241-8868-3e4de288dc59_96113547.jpeg?h=225&w=225,
309988930,Paper Recyclable Cups 8Oz 15Pk,https://www.tesco.com/groceries/en-GB/shop/home-and-ents/all?department=Party%20%26%20Giftwrap&viewAll=department&page=,£1.25,£0.08/each,,,/groceries/en-GB/products/309988930,https://digitalcontent.api.tesco.com/v2/media/ghs/095d57f4-99c6-4933-8523-8d05f198c99b/563057dc-03b3-4b87-b815-70a8e25cc00c_2091767769.jpeg?h=225&w=225,
312146949,Tesco Flitter Reindeer Napkin 3Ply X20,https://www.tesco.com/groceries/en-GB/shop/home-and-ents/all?department=Party%20%26%20Giftwrap&viewAll=department&page=,£1.50,£0.08/each,,New,/groceries/en-GB/products/312146949,https://digitalcontent.api.tesco.com/v2/media/ghs/4f6dc219-f493-4ba1-958c-902ac740dbcf/0ab29428-b894-4bdd-8286-34ad8c73d91f_490396162.jpeg?h=225&w=225,
257396321,Tesco Paper Bowls White 16Cm 25Pk,https://www.tesco.com/groceries/en-GB/shop/home-and-ents/all?department=Party%20%26%20Giftwrap&viewAll=department&page=,£1.25,£0.05/each,,,/groceries/en-GB/products/257396321,https://digitalcontent.api.tesco.com/v2/media/ghs/80a212e4-e746-4573-a7bc-27861b4b7289/97bdeef4-a815-49a7-93fd-c42f81045fff_1874547715.jpeg?h=225&w=225,
308224857,Tesco Multicoloured Spot 2 Sheet 2 Tags,https://www.tesco.com/groceries/en-GB/shop/home-and-ents/all?department=Party%20%26%20Giftwrap&viewAll=department&page=,£1.00,£0.50/each,,,/groceries/en-GB/products/308224857,https://digitalcontent.api.tesco.com/v2/media/ghs/67d143ad-904c-4b27-9212-eee203dd4e58/c7de55bd-13ff-4472-b327-3f8dad5096e9_302292682.jpeg?h=225&w=225,
253524578,Tesco Napkins Red 33Cm 2Ply 50 Pack,https://www.tesco.com/groceries/en-GB/shop/home-and-ents/all?department=Party%20%26%20Giftwrap&viewAll=department&page=,£1.50,£0.03/each,,,/groceries/en-GB/products/253524578,https://digitalcontent.api.tesco.com/v2/media/ghs/cca78f90-486b-4243-acff-074bfe2802f8/262dfa7f-334c-4118-90da-8e2f70f907c9_921685991.jpeg?h=225&w=225,
310708801,Tesco Grey Stars 2 Sheet 2 Tags,https://www.tesco.com/groceries/en-GB/shop/home-and-ents/all?department=Party%20%26%20Giftwrap&viewAll=department&page=,£1.00,£1.00/each,,,/groceries/en-GB/products/310708801,https://digitalcontent.api.tesco.com/v2/media/ghs/f0c9996d-1b98-4206-8c15-bc0417984789/231bd95f-47ec-426b-bd31-28376d03288e_153767435.jpeg?h=225&w=225,
309988924,Paper Recyclable Cups 10Oz 10 Pack,https://www.tesco.com/groceries/en-GB/shop/home-and-ents/all?department=Party%20%26%20Giftwrap&viewAll=department&page=,£1.75,£0.18/each,,,/groceries/en-GB/products/309988924,https://digitalcontent.api.tesco.com/v2/media/ghs/b9d0d5f7-2628-4a10-b6e3-c2bbdcf7dfb9/6f170ade-57f4-4ece-a5b8-ef50f88e1284_1927906109.jpeg?h=225&w=225,
312268027,Tesco Santa Gnome Napkin 33Cm 3Ply 20 Pack,https://www.tesco.com/groceries/en-GB/shop/home-and-ents/all?department=Party%20%26%20Giftwrap&viewAll=department&page=,£1.50,£0.08/each,,New,/groceries/en-GB/products/312268027,https://digitalcontent.api.tesco.com/v2/media/ghs/b9866821-c51b-467a-ada6-813ff8b11bf6/426c4013-d3d7-4596-a46f-e5cbd38a2615_1688476908.jpeg?h=225&w=225,
312146828,Tesco Penguin Napkin 33Cm 3Ply 20 Pack,https://www.tesco.com/groceries/en-GB/shop/home-and-ents/all?department=Party%20%26%20Giftwrap&viewAll=department&page=,£1.50,£0.08/each,,New,/groceries/en-GB/products/312146828,https://digitalcontent.api.tesco.com/v2/media/ghs/3cb9d497-c79a-4c2b-9347-ce3277f56dbf/52c1212a-c5ab-489f-b2af-79c3abb92ef3_2006812308.jpeg?h=225&w=225,
312146840,Tesco Sprouts Napkin 33Cm 3Ply 20 Pack,https://www.tesco.com/groceries/en-GB/shop/home-and-ents/all?department=Party%20%26%20Giftwrap&viewAll=department&page=,£1.50,£0.08/each,,New,/groceries/en-GB/products/312146840,https://digitalcontent.api.tesco.com/v2/media/ghs/615a0d18-5bce-4a00-aced-383cf8470ca5/7d771e94-b0bc-4244-8d77-084531e160b3_1944173897.jpeg?h=225&w=225,
312146857,Tesco Christmas Scene Napkin 33Cm 3Ply 20 Pack,https://www.tesco.com/groceries/en-GB/shop/home-and-ents/all?department=Party%20%26%20Giftwrap&viewAll=department&page=,£1.50,£0.08/each,,New,/groceries/en-GB/products/312146857,https://digitalcontent.api.tesco.com/v2/media/ghs/525b3b63-ee44-47b1-b5ad-75dd21ab8821/7fb33c6d-0273-4ecb-a908-3ca606d5951b_296681935.jpeg?h=225&w=225,
312146877,Tesco Christmas Santa Ruby Napkin 33Cm 3Ply 20 Pack,https://www.tesco.com/groceries/en-GB/shop/home-and-ents/all?department=Party%20%26%20Giftwrap&viewAll=department&page=,£1.50,£0.08/each,,New,/groceries/en-GB/products/312146877,https://digitalcontent.api.tesco.com/v2/media/ghs/fce1048d-f0af-4dd8-b8d0-dde9a7b914e8/7787ac25-3747-4b19-a111-e75ed8478db8_1463200534.jpeg?h=225&w=225,
312146892,Tesco Snowy Pudding Napkin 3Ply 20 Pack,https://www.tesco.com/groceries/en-GB/shop/home-and-ents/all?department=Party%20%26%20Giftwrap&viewAll=department&page=,£1.50,£0.08/each,,New,/groceries/en-GB/products/312146892,https://digitalcontent.api.tesco.com/v2/media/ghs/49c3f4dc-5cbb-4d77-a800-0f615ae3ff28/19146185-2e99-4aa7-8ea3-d68899891b5d_1040724509.jpeg?h=225&w=225,
312146609,Tesco 12 Days Of Christmas Plate 23Cm 10 Pack,https://www.tesco.com/groceries/en-GB/shop/home-and-ents/all?department=Party%20%26%20Giftwrap&viewAll=department&page=,£1.50,£0.15/each,,New,/groceries/en-GB/products/312146609,https://digitalcontent.api.tesco.com/v2/media/ghs/f1774414-0ae3-402b-bf57-bd44f4441715/4f0c5454-ef3e-4ce8-aa42-b844127d7025_1976282889.jpeg?h=225&w=225,
308429609,Eco Stripe Medium Bag,https://www.tesco.com/groceries/en-GB/shop/home-and-ents/all?department=Party%20%26%20Giftwrap&viewAll=department&page=,£1.25,£1.25/each,,,/groceries/en-GB/products/308429609,https://digitalcontent.api.tesco.com/v2/media/ghs/049253e6-e007-4019-8ef5-8aaca88ed8a3/1ecb0fa7-da73-4ec4-a49f-b5b89faee65d_211917050.jpeg?h=225&w=225,
259396076,Tesco Extra Strength Paper Plates 22Cm 25Pk,https://www.tesco.com/groceries/en-GB/shop/home-and-ents/all?department=Party%20%26%20Giftwrap&viewAll=department&page=,£2.00,£0.08/each,,,/groceries/en-GB/products/259396076,https://digitalcontent.api.tesco.com/v2/media/ghs/7a8f97f8-83e5-457f-bb4e-40904e9a83f1/d5f19b11-0850-4021-a2d2-25d2c151270a_1796166256.jpeg?h=225&w=225,
312147096,Tesco Blue Green Pastel Napkin 33Cm 3Ply X20,https://www.tesco.com/groceries/en-GB/shop/home-and-ents/all?department=Party%20%26%20Giftwrap&viewAll=department&page=,£1.50,£0.08/each,,New,/groceries/en-GB/products/312147096,https://digitalcontent.api.tesco.com/v2/media/ghs/2ac4787b-9a8f-4ca7-92f6-c1011d4bbd19/71d2b75a-5127-4336-8ed1-538865dcee31_1791255344.jpeg?h=225&w=225,
312147015,Tesco Butterfly Napkin 33Cm 3Ply 20 Pack,https://www.tesco.com/groceries/en-GB/shop/home-and-ents/all?department=Party%20%26%20Giftwrap&viewAll=department&page=,£1.50,£0.08/each,,New,/groceries/en-GB/products/312147015,https://digitalcontent.api.tesco.com/v2/media/ghs/616db88f-24c5-4772-a0e6-8ac5d9ba8ac3/27752ffa-7172-466a-9708-7426653770c9_956564669.jpeg?h=225&w=225,
312147050,Tesco Green Spot Napkin 3Ply 20 Pack,https://www.tesco.com/groceries/en-GB/shop/home-and-ents/all?department=Party%20%26%20Giftwrap&viewAll=department&page=,£1.50,£0.08/each,,New,/groceries/en-GB/products/312147050,https://digitalcontent.api.tesco.com/v2/media/ghs/e97d45e2-81ee-4224-9b95-ca2c6e649e0a/d6ce1a3b-5923-4d4d-9f5d-544dd288c3a9_1115999742.jpeg?h=225&w=225,
312147073,Tesco Leaf Napkin 33Cm 3Ply 20 Pack,https://www.tesco.com/groceries/en-GB/shop/home-and-ents/all?department=Party%20%26%20Giftwrap&viewAll=department&page=,£1.50,£0.08/each,,New,/groceries/en-GB/products/312147073,https://digitalcontent.api.tesco.com/v2/media/ghs/7c492256-9df9-42d3-ae94-c3b99af7ad79/fa079e73-e9f6-465d-9368-24b9a77ddb1c_1067737301.jpeg?h=225&w=225,
312146955,Tesco Fairisle Napkin 33Cm 3Ply 20 Pack,https://www.tesco.com/groceries/en-GB/shop/home-and-ents/all?department=Party%20%26%20Giftwrap&viewAll=department&page=,£1.50,£0.08/each,,New,/groceries/en-GB/products/312146955,https://digitalcontent.api.tesco.com/v2/media/ghs/51086862-2642-4804-89c8-98037803578e/01d06712-b00c-42c7-b666-3a022f833396_1410991382.jpeg?h=225&w=225,
312146581,Tesco Christmas Pudding Plate 23Cm 10 Pack,https://www.tesco.com/groceries/en-GB/shop/home-and-ents/all?department=Party%20%26%20Giftwrap&viewAll=department&page=,£1.50,£0.15/each,,New,/groceries/en-GB/products/312146581,https://digitalcontent.api.tesco.com/v2/media/ghs/50e0c55a-4103-4961-9400-ae382fbc3b6b/ca7aaeb5-90d1-476f-96e8-63c311ceedfb_1029871464.jpeg?h=225&w=225,
312146615,Tesco Woodland Plate 23Cm 10 Pack,https://www.tesco.com/groceries/en-GB/shop/home-and-ents/all?department=Party%20%26%20Giftwrap&viewAll=department&page=,£1.50,£0.15/each,,New,/groceries/en-GB/products/312146615,https://digitalcontent.api.tesco.com/v2/media/ghs/fa212e4f-1a37-4775-8a7c-522bdbb65244/139acfda-36e8-4b74-86b0-ca5f659bca44_428203169.jpeg?h=225&w=225,
312146650,Tesco Fairisle Heart Plate 23Cm 10 Pack,https://www.tesco.com/groceries/en-GB/shop/home-and-ents/all?department=Party%20%26%20Giftwrap&viewAll=department&page=,£1.50,£0.15/each,,New,/groceries/en-GB/products/312146650,https://digitalcontent.api.tesco.com/v2/media/ghs/a77f468b-73bc-435f-baff-4dfa619c58f8/9f799dbb-a340-4d2c-886b-c9d00c7b4cb8_1760079899.jpeg?h=225&w=225,
312146598,Tesco Christmas Santa Rudy Plate 23Cm 10 Pack,https://www.tesco.com/groceries/en-GB/shop/home-and-ents/all?department=Party%20%26%20Giftwrap&viewAll=department&page=,£1.50,£0.15/each,,New,/groceries/en-GB/products/312146598,https://digitalcontent.api.tesco.com/v2/media/ghs/57256132-44d4-4b06-825d-908c97a93a15/d7ea0502-5102-47dd-8835-84250c25f4ca_1505608359.jpeg?h=225&w=225,
312146687,Tesco Meadow Plate 23Cm 10 Pack,https://www.tesco.com/groceries/en-GB/shop/home-and-ents/all?department=Party%20%26%20Giftwrap&viewAll=department&page=,£1.50,£0.15/each,,New,/groceries/en-GB/products/312146687,https://digitalcontent.api.tesco.com/v2/media/ghs/57d690d7-626f-4905-a396-99bde6a60813/d9236a8e-fa64-4353-989b-d8812bb1a918_1885038898.jpeg?h=225&w=225,
284601396,Tesco Paper Plates Paper Plates,https://www.tesco.com/groceries/en-GB/shop/home-and-ents/all?department=Party%20%26%20Giftwrap&viewAll=department&page=,£1.00,£0.04/each,,,/groceries/en-GB/products/284601396,https://digitalcontent.api.tesco.com/v2/media/ghs/37adb7b3-563d-443d-80f5-aaa6246937bf/04f8a5e9-ac66-424e-be34-a1c104a790ab_1024877644.jpeg?h=225&w=225,
312146673,Tesco Celebrate Plate 23Cm 10 Pack,https://www.tesco.com/groceries/en-GB/shop/home-and-ents/all?department=Party%20%26%20Giftwrap&viewAll=department&page=,£1.50,£0.15/each,,New,/groceries/en-GB/products/312146673,https://digitalcontent.api.tesco.com/v2/media/ghs/34de6d37-6573-4823-b31d-55e2a5f544cf/b748be3b-91a0-4eff-aa65-9a741ca14ec3_817223080.jpeg?h=225&w=225,
312146644,Tesco Flitter Reindeer Plate 23Cm 10 Pack,https://www.tesco.com/groceries/en-GB/shop/home-and-ents/all?department=Party%20%26%20Giftwrap&viewAll=department&page=,£1.50,£0.15/each,,New,/groceries/en-GB/products/312146644,https://digitalcontent.api.tesco.com/v2/media/ghs/51751e70-1171-4033-bc7a-e220077c2c4a/30a9d509-e781-410d-8008-2d4cbb06b0cb_787695122.jpeg?h=225&w=225,
312268047,Tesco Green Tree Christmas Napkin 2Ply 50 Pack,https://www.tesco.com/groceries/en-GB/shop/home-and-ents/all?department=Party%20%26%20Giftwrap&viewAll=department&page=,£1.75,£0.04/each,,New,/groceries/en-GB/products/312268047,https://digitalcontent.api.tesco.com/v2/media/ghs/8061686f-57fc-4b26-a185-2ebba6e13b12/7eb4e36e-77f3-469d-bff8-63967ffe0d6c_1090828933.jpeg?h=225&w=225,
257391879,Tesco Napkins White 30Cm 1Ply 100 Pack,https://www.tesco.com/groceries/en-GB/shop/home-and-ents/all?department=Party%20%26%20Giftwrap&viewAll=department&page=,£1.00,£0.01/each,,,/groceries/en-GB/products/257391879,https://digitalcontent.api.tesco.com/v2/media/ghs/9497634d-bd03-47b6-aa30-f1ef3e37b423/fcc1770f-4798-47eb-8b57-2bf89ce486ed_1872178096.jpeg?h=225&w=225,
259396030,Tesco Paper Plates White 23Cm 50 Pack,https://www.tesco.com/groceries/en-GB/shop/home-and-ents/all?department=Party%20%26%20Giftwrap&viewAll=department&page=,£1.25,£0.02/each,,,/groceries/en-GB/products/259396030,https://digitalcontent.api.tesco.com/v2/media/ghs/7e9daa0e-5a0f-47df-a003-5d4f2c44247a/16efa063-a11f-4613-8d93-921da7b4d35e_576365341.jpeg?h=225&w=225,
294508526,Tesco White Table Cover 180X118cm,https://www.tesco.com/groceries/en-GB/shop/home-and-ents/all?department=Party%20%26%20Giftwrap&viewAll=department&page=,£2.75,£2.75/each,,,/groceries/en-GB/products/294508526,https://digitalcontent.api.tesco.com/v2/media/ghs/d714b28b-37e8-4aee-a9f6-609b08d5470d/373f59cd-1bc3-4dc9-a6f7-47cc9cac6193_1843218470.jpeg?h=225&w=225,
312146759,Silver Snowflake Table Cover 180Cm X 120Cm,https://www.tesco.com/groceries/en-GB/shop/home-and-ents/all?department=Party%20%26%20Giftwrap&viewAll=department&page=,£2.75,£2.75/each,,New,/groceries/en-GB/products/312146759,https://digitalcontent.api.tesco.com/v2/media/ghs/08fa82d8-6f65-43b2-8736-613f4ba8c02f/c371788c-598a-4712-acc8-31ef598c7f98_1729559400.jpeg?h=225&w=225,
312146707,Christmas Pudding Table Cover 180 X 120Cm,https://www.tesco.com/groceries/en-GB/shop/home-and-ents/all?department=Party%20%26%20Giftwrap&viewAll=department&page=,£2.75,£2.75/each,,New,/groceries/en-GB/products/312146707,https://digitalcontent.api.tesco.com/v2/media/ghs/5542968a-8a08-4925-ba32-69531ed81aea/84284ac0-e33b-45b3-9439-d11b020537e1_938474453.jpeg?h=225&w=225,
312146742,Santa Table Cover 180 X 120Cm,https://www.tesco.com/groceries/en-GB/shop/home-and-ents/all?department=Party%20%26%20Giftwrap&viewAll=department&page=,£2.75,£2.75/each,,New,/groceries/en-GB/products/312146742,https://digitalcontent.api.tesco.com/v2/media/ghs/60a27a33-fd07-4ed0-8780-3aed4e50e022/dcb585c2-f482-4d1e-813a-c093b4ee5235_113713298.jpeg?h=225&w=225,
286503676,Flaming Fountains 3 Pack,https://www.tesco.com/groceries/en-GB/shop/home-and-ents/all?department=Party%20%26%20Giftwrap&viewAll=department&page=,£2.50,£0.83/each,Any 5 for 4 Clubcard Price - Cheapest Product Free - Selected Tesco Party ,,/groceries/en-GB/products/286503676,https://digitalcontent.api.tesco.com/v2/media/ghs/bddac022-255c-40eb-bdcf-ecb16cb9b458/832547f0-5723-4caa-9216-71caca1c88d5_1564199990.jpeg?h=225&w=225,
312146765,Flitter Reindeer Table Cover 180 X 120Cm,https://www.tesco.com/groceries/en-GB/shop/home-and-ents/all?department=Party%20%26%20Giftwrap&viewAll=department&page=,£2.75,£2.75/each,,New,/groceries/en-GB/products/312146765,https://digitalcontent.api.tesco.com/v2/media/ghs/b0079233-e1ef-44ba-aa21-6acf4cece915/9dab15f2-66f4-4bf4-be2d-e7beb3db86c6_2034928449.jpeg?h=225&w=225,
309988849,Eco Wooden Mixed Cutlery 18 Pack,https://www.tesco.com/groceries/en-GB/shop/home-and-ents/all?department=Party%20%26%20Giftwrap&viewAll=department&page=,£2.00,£0.11/each,,,/groceries/en-GB/products/309988849,https://digitalcontent.api.tesco.com/v2/media/ghs/95af7447-2d89-4a29-8adc-fa72b4526371/f30cfda0-486b-4746-b1d8-74ba5eedb434_961408015.jpeg?h=225&w=225,
312146713,Christmas Santa Rudy Table Cover 180 X 120Cm,https://www.tesco.com/groceries/en-GB/shop/home-and-ents/all?department=Party%20%26%20Giftwrap&viewAll=department&page=,£2.75,£2.75/each,,New,/groceries/en-GB/products/312146713,https://digitalcontent.api.tesco.com/v2/media/ghs/93167576-e2ef-417a-a0be-09013317bab6/1898f5af-cabd-4568-875e-d147447aecd3_2013011743.jpeg?h=225&w=225,
312146727,12 Days Of Christmas Table Cover 180 X 120 Cm,https://www.tesco.com/groceries/en-GB/shop/home-and-ents/all?department=Party%20%26%20Giftwrap&viewAll=department&page=,£2.75,£2.75/each,,New,/groceries/en-GB/products/312146727,https://digitalcontent.api.tesco.com/v2/media/ghs/7c2922a5-1166-400b-a198-c0b8d25ee57e/b8f8d0e8-3c90-4c94-896e-3f3a00aed1d0_216156110.jpeg?h=225&w=225,
312146794,Celebrate Table Cover 180 X 120Cm,https://www.tesco.com/groceries/en-GB/shop/home-and-ents/all?department=Party%20%26%20Giftwrap&viewAll=department&page=,£2.75,£2.75/each,,New,/groceries/en-GB/products/312146794,https://digitalcontent.api.tesco.com/v2/media/ghs/ab109116-73db-4864-9aa0-e2450a1e2aaa/be2d143d-4a9f-4135-a2c3-d8f22134348b_1940600345.jpeg?h=225&w=225,
312146771,Fairisle Heart Table Cover 180 X 120Cm,https://www.tesco.com/groceries/en-GB/shop/home-and-ents/all?department=Party%20%26%20Giftwrap&viewAll=department&page=,£2.75,£2.75/each,,New,/groceries/en-GB/products/312146771,https://digitalcontent.api.tesco.com/v2/media/ghs/4bc710b5-3f78-409a-9e12-8dc6f8f5c782/bf61ce43-ad04-4f9f-b65d-603bec1fb2b9_1402619053.jpeg?h=225&w=225,
312146736,Woodland Table Cover 180 X 120Cm,https://www.tesco.com/groceries/en-GB/shop/home-and-ents/all?department=Party%20%26%20Giftwrap&viewAll=department&page=,£2.75,£2.75/each,,New,/groceries/en-GB/products/312146736,https://digitalcontent.api.tesco.com/v2/media/ghs/68c39597-9510-49c0-8958-92195abcbd6c/8121694c-7aec-4d69-abce-8f03f3be7799_1733549919.jpeg?h=225&w=225,
312146788,Constellation Star Table Cover 180 X 120Cm,https://www.tesco.com/groceries/en-GB/shop/home-and-ents/all?department=Party%20%26%20Giftwrap&viewAll=department&page=,£2.75,£2.75/each,,New,/groceries/en-GB/products/312146788,https://digitalcontent.api.tesco.com/v2/media/ghs/0910874a-d006-40a5-bdfd-5b1e3c1979c9/b6ece1ff-e38b-4378-8ce0-654c2c1356df_299374184.jpeg?h=225&w=225,
309824042,Tesco Colourful 4 Pack Mini Rollwrap – Height 50cm,https://www.tesco.com/groceries/en-GB/shop/home-and-ents/all?department=Party%20%26%20Giftwrap&viewAll=department&page=,£3.00,£0.75/each,,,/groceries/en-GB/products/309824042,https://digitalcontent.api.tesco.com/v2/media/ghs/6c243475-3685-494c-ae82-bf6aef9fa6e7/a6a1f04c-9760-4790-bf15-07cd2f31002a_1808617729.jpeg?h=225&w=225,
309988918,Eco 80 Paper Straws Striped,https://www.tesco.com/groceries/en-GB/shop/home-and-ents/all?department=Party%20%26%20Giftwrap&viewAll=department&page=,£2.00,£0.02/each,,,/groceries/en-GB/products/309988918,https://digitalcontent.api.tesco.com/v2/media/ghs/dd4532ad-7a09-4946-b0ac-55fd7359f46f/0d198652-0993-4762-8131-8d763ea9b2c5_399131312.jpeg?h=225&w=225,
295491467,Tesco Rainbow Colour Candles 12 Pack,https://www.tesco.com/groceries/en-GB/shop/home-and-ents/all?department=Party%20%26%20Giftwrap&viewAll=department&page=,£1.50,£0.12/each,Any 5 for 4 Clubcard Price - Cheapest Product Free - Selected Tesco Party ,,/groceries/en-GB/products/295491467,https://digitalcontent.api.tesco.com/v2/media/ghs/07ca63c9-ea06-475b-9dbd-3c97dd95c20f/37dd77e1-3662-4278-8055-35693feeee33_228004495.jpeg?h=225&w=225,
259423143,Tesco White Candles 24 Pack,https://www.tesco.com/groceries/en-GB/shop/home-and-ents/all?department=Party%20%26%20Giftwrap&viewAll=department&page=,£1.50,£0.06/each,Any 5 for 4 Clubcard Price - Cheapest Product Free - Selected Tesco Party ,,/groceries/en-GB/products/259423143,https://digitalcontent.api.tesco.com/v2/media/ghs/5718e4e9-1916-4d3d-bbe7-f01f013f6889/09c0563e-94e9-456b-9dbe-a160af1b100a_1562949822.jpeg?h=225&w=225,
309222079,Tesco Reusable Mixed Cutlery 12 Pack,https://www.tesco.com/groceries/en-GB/shop/home-and-ents/all?department=Party%20%26%20Giftwrap&viewAll=department&page=,£1.75,£0.15/each,,,/groceries/en-GB/products/309222079,https://digitalcontent.api.tesco.com/v2/media/ghs/2c358621-ffe2-49dd-a696-8bafa410be14/0bb869a7-a546-48c4-9ccd-585b7e044ced_1058608936.jpeg?h=225&w=225,
308121869,Tesco Multi Pastel Cup 10 Pack,https://www.tesco.com/groceries/en-GB/shop/home-and-ents/all?department=Party%20%26%20Giftwrap&viewAll=department&page=,£1.50,£0.15/each,Any 5 for 4 Clubcard Price - Cheapest Product Free - Selected Tesco Party ,,/groceries/en-GB/products/308121869,https://digitalcontent.api.tesco.com/v2/media/ghs/4daa169f-86d7-40c0-8a7d-e55157909f3e/44e1be5e-1bc8-4c47-97f4-f55d66bedeaf_2091373013.jpeg?h=225&w=225,
312146903,Tesco Woodland Napkin 3Ply 20 Pack,https://www.tesco.com/groceries/en-GB/shop/home-and-ents/all?department=Party%20%26%20Giftwrap&viewAll=department&page=,£1.50,£0.08/each,,,/groceries/en-GB/products/312146903,https://digitalcontent.api.tesco.com/v2/media/ghs/4a67f447-fd25-4c9a-a4cf-28a2b31c1bfc/9107ab8b-8576-4a96-8c3b-c9a0c1b0c216_1642619785.jpeg?h=225&w=225,
310647642,Tesco Bee Napkin 33Cm 3Ply 20 Pack,https://www.tesco.com/groceries/en-GB/shop/home-and-ents/all?department=Party%20%26%20Giftwrap&viewAll=department&page=,£1.50,£0.08/each,,,/groceries/en-GB/products/310647642,https://digitalcontent.api.tesco.com/v2/media/ghs/d86bf1c2-10bd-4d20-8662-998e2d361a9a/9d25def1-8de3-4436-8275-0db5b19e3644_1382503293.jpeg?h=225&w=225,
312146863,Tesco Christmas Tree Napkin 3Ply 20 Pack,https://www.tesco.com/groceries/en-GB/shop/home-and-ents/all?department=Party%20%26%20Giftwrap&viewAll=department&page=,£1.50,£0.08/each,,,/groceries/en-GB/products/312146863,https://digitalcontent.api.tesco.com/v2/media/ghs/671c61b1-c30a-44b2-96b3-09fefd6a5b4b/7ade7f2c-7aa5-4351-b26c-0b0d035fbcd5_1546538514.jpeg?h=225&w=225,
309988884,Paper Recyclable Cups 16Oz 8Pk,https://www.tesco.com/groceries/en-GB/shop/home-and-ents/all?department=Party%20%26%20Giftwrap&viewAll=department&page=,£2.00,£0.25/each,,,/groceries/en-GB/products/309988884,https://digitalcontent.api.tesco.com/v2/media/ghs/8c3fda2d-e644-4ce4-a730-c4f8dad1a6fc/5313e3ea-0dcb-4a7a-ba6e-8d2ee0f17e83_711382760.jpeg?h=225&w=225,
311313903,Decorata Party Red Papers 10 Pack,https://www.tesco.com/groceries/en-GB/shop/home-and-ents/all?department=Party%20%26%20Giftwrap&viewAll=department&page=,£1.50,£0.15/each,Any 5 for 4 Clubcard Price - Cheapest Product Free - Selected Tesco Party ,,/groceries/en-GB/products/311313903,https://digitalcontent.api.tesco.com/v2/media/ghs/f622611e-8af0-4152-98ea-b621fe482025/7c605abe-430e-48a2-87ab-a8bb650832dc_380939401.jpeg?h=225&w=225,
308122252,Tesco Balloons Napkin 20 Pack,https://www.tesco.com/groceries/en-GB/shop/home-and-ents/all?department=Party%20%26%20Giftwrap&viewAll=department&page=,£1.50,£0.08/each,Any 5 for 4 Clubcard Price - Cheapest Product Free - Selected Tesco Party ,,/groceries/en-GB/products/308122252,https://digitalcontent.api.tesco.com/v2/media/ghs/2bf5c0cd-c7e8-457d-892b-a20f4940b03c/2a66777c-ddbc-4042-9d67-81854f712e64_1327861481.jpeg?h=225&w=225,
293017538,Tesco Mini Star Bubbles 8Pk,https://www.tesco.com/groceries/en-GB/shop/home-and-ents/all?department=Party%20%26%20Giftwrap&viewAll=department&page=,£2.00,£0.25/each,Any 5 for 4 Clubcard Price - Cheapest Product Free - Selected Tesco Party ,,/groceries/en-GB/products/293017538,https://digitalcontent.api.tesco.com/v2/media/ghs/c079a991-3f71-4105-ae98-265d69ddea1d/3c76ca3d-689b-4bca-92b7-a46eda432d52_456752964.jpeg?h=225&w=225,
308121760,Tesco Rainbow Spot Napkin 20 Pack,https://www.tesco.com/groceries/en-GB/shop/home-and-ents/all?department=Party%20%26%20Giftwrap&viewAll=department&page=,£1.50,£0.08/each,Any 5 for 4 Clubcard Price - Cheapest Product Free - Selected Tesco Party ,,/groceries/en-GB/products/308121760,https://digitalcontent.api.tesco.com/v2/media/ghs/098069bc-e45f-4d4a-91b2-450b1e06644b/dd879f12-e619-4d6c-84c4-cd06b983711f_15861895.jpeg?h=225&w=225,
310708818,Tesco Multicoloured Stripe 2 Sheet 2 Tags,https://www.tesco.com/groceries/en-GB/shop/home-and-ents/all?department=Party%20%26%20Giftwrap&viewAll=department&page=,£1.00,£1.00/each,,,/groceries/en-GB/products/310708818,https://digitalcontent.api.tesco.com/v2/media/ghs/45ee3f07-95e2-4839-8fa0-30e86521c35e/b65c9abb-71c9-42ec-8504-3be67ac95ad5_1110261269.jpeg?h=225&w=225,
259423120,Tesco Blue Candy Stripe 12 Candles & Holder,https://www.tesco.com/groceries/en-GB/shop/home-and-ents/all?department=Party%20%26%20Giftwrap&viewAll=department&page=,£1.00,£0.08/each,Any 5 for 4 Clubcard Price - Cheapest Product Free - Selected Tesco Party ,,/groceries/en-GB/products/259423120,https://digitalcontent.api.tesco.com/v2/media/ghs/1e00d8e3-dacb-444b-ab9a-b1daff5787a3/d88bab27-2f46-4beb-ac3f-0fe6a5c5941d_1292352642.jpeg?h=225&w=225,
296818663,Tesco Multi Colour Pack Tissue 10 Pack,https://www.tesco.com/groceries/en-GB/shop/home-and-ents/all?department=Party%20%26%20Giftwrap&viewAll=department&page=,£1.25,£0.12/each,,,/groceries/en-GB/products/296818663,https://digitalcontent.api.tesco.com/v2/media/ghs/e9fe62e1-f802-4ce6-9e44-341166dca226/c7b4568d-d763-4de9-8b6a-4e23ddc4b899_2046985248.jpeg?h=225&w=225,
308224949,Tesco Large Bag Pink Spots,https://www.tesco.com/groceries/en-GB/shop/home-and-ents/all?department=Party%20%26%20Giftwrap&viewAll=department&page=,£1.00,£1.00/each,,,/groceries/en-GB/products/308224949,https://digitalcontent.api.tesco.com/v2/media/ghs/d0e404e2-df36-4529-a7aa-c0fc679d0755/d120e96a-aded-4a06-9027-03645c07dc8a_815173586.jpeg?h=225&w=225,
308224955,Tesco Large Bag Blue Stripe,https://www.tesco.com/groceries/en-GB/shop/home-and-ents/all?department=Party%20%26%20Giftwrap&viewAll=department&page=,£1.00,£1.00/each,,,/groceries/en-GB/products/308224955,https://digitalcontent.api.tesco.com/v2/media/ghs/adf78b7f-0cb5-45ed-b091-b717ef4febf6/e8af73fe-5cfc-4428-8d08-abd0b296c9cb_865741240.jpeg?h=225&w=225,
308153219,Tesco Grey Fabric Bow,https://www.tesco.com/groceries/en-GB/shop/home-and-ents/all?department=Party%20%26%20Giftwrap&viewAll=department&page=,£1.25,£1.25/each,,,/groceries/en-GB/products/308153219,https://digitalcontent.api.tesco.com/v2/media/ghs/20dd0c70-c056-49bd-876e-1abc06c845ad/51cbcdae-e579-4c2d-b77d-0d4c294de031_1011388809.jpeg?h=225&w=225,
297591069,Tesco Blowouts 6 Pack,https://www.tesco.com/groceries/en-GB/shop/home-and-ents/all?department=Party%20%26%20Giftwrap&viewAll=department&page=,£1.25,£0.21/each,Any 5 for 4 Clubcard Price - Cheapest Product Free - Selected Tesco Party ,,/groceries/en-GB/products/297591069,https://digitalcontent.api.tesco.com/v2/media/ghs/b4df9b60-364a-46ed-8343-fe5bf8b76020/a550bca6-adee-4a3b-b8d5-46668b443507_1632102727.jpeg?h=225&w=225,
267551779,Tesco Star Balloon 10 Pack,https://www.tesco.com/groceries/en-GB/shop/home-and-ents/all?department=Party%20%26%20Giftwrap&viewAll=department&page=,£1.25,£0.12/each,Any 5 for 4 Clubcard Price - Cheapest Product Free - Selected Tesco Party ,,/groceries/en-GB/products/267551779,https://digitalcontent.api.tesco.com/v2/media/ghs/11d80e33-3cbd-4a08-bc82-5ef76bd65401/f3b824ee-4424-4540-bbb8-065a162cb8b8_804427908.jpeg?h=225&w=225,
263065347,Tesco Balloon Balloons 5 Colours 10 Pack,https://www.tesco.com/groceries/en-GB/shop/home-and-ents/all?department=Party%20%26%20Giftwrap&viewAll=department&page=,£1.00,£0.10/each,Any 5 for 4 Clubcard Price - Cheapest Product Free - Selected Tesco Party ,,/groceries/en-GB/products/263065347,https://digitalcontent.api.tesco.com/v2/media/ghs/a0297c20-bd49-4524-9a29-f552325527e0/99b92edf-ae2d-4ffc-a7e3-2fb14f519014_812419376.jpeg?h=225&w=225,
284738810,Tesco Red Tissue 5 Sheets,https://www.tesco.com/groceries/en-GB/shop/home-and-ents/all?department=Party%20%26%20Giftwrap&viewAll=department&page=,£0.80,£0.80/each,,,/groceries/en-GB/products/284738810,https://digitalcontent.api.tesco.com/v2/media/ghs/c0c49294-fa93-4252-a785-e3ca708b0242/c8235272-52b8-4c6c-8041-4e5cb4211eaf_669742713.jpeg?h=225&w=225,
309222057,Tesco Kraft Paper Plates 23Cm 25Pk,https://www.tesco.com/groceries/en-GB/shop/home-and-ents/all?department=Party%20%26%20Giftwrap&viewAll=department&page=,£1.00,£0.04/each,,,/groceries/en-GB/products/309222057,https://digitalcontent.api.tesco.com/v2/media/ghs/3f930938-da49-42b8-964f-fbc347bc721a/756d3db1-bb63-40ae-a89c-720d68233cf7_322322643.jpeg?h=225&w=225,
250126117,Tesco Numerical Candle 1,https://www.tesco.com/groceries/en-GB/shop/home-and-ents/all?department=Party%20%26%20Giftwrap&viewAll=department&page=,£0.75,£0.75/each,Any 5 for 4 Clubcard Price - Cheapest Product Free - Selected Tesco Party ,,/groceries/en-GB/products/250126117,https://digitalcontent.api.tesco.com/v2/media/ghs/d4f170f0-a122-44c1-8675-c3a2270d9a46/bde98ec3-ed0f-4d79-9306-a6153551bbae_1355634662.jpeg?h=225&w=225,
312207106,Tesco Pink Spot Medium Bag,https://www.tesco.com/groceries/en-GB/shop/home-and-ents/all?department=Party%20%26%20Giftwrap&viewAll=department&page=,£0.80,£0.80/each,,New,/groceries/en-GB/products/312207106,https://digitalcontent.api.tesco.com/v2/media/ghs/a8fe22c6-5890-4602-b196-65bef594211c/44283bfb-be8f-4a3e-9c48-b4e2ec37769b_2045518029.jpeg?h=225&w=225,
312207112,Tesco Blue Stripe Medium Bag,https://www.tesco.com/groceries/en-GB/shop/home-and-ents/all?department=Party%20%26%20Giftwrap&viewAll=department&page=,£0.80,£0.80/each,,New,/groceries/en-GB/products/312207112,https://digitalcontent.api.tesco.com/v2/media/ghs/76196b39-c443-4584-b01a-c2638a1b6f22/c9dcd8c7-d58e-487c-8a66-5a30b994a544_530510993.jpeg?h=225&w=225,
306350998,Keep It Handy Paper Straws 30Pk,https://www.tesco.com/groceries/en-GB/shop/home-and-ents/all?department=Party%20%26%20Giftwrap&viewAll=department&page=,£1.00,£0.03/each,,,/groceries/en-GB/products/306350998,https://digitalcontent.api.tesco.com/v2/media/ghs/0de57d3b-86fc-4ed0-a3bc-6a5b70df4d08/8f770bf5-5260-4509-9732-d37cead1984c_892727085.jpeg?h=225&w=225,
308224765,Tesco Pink Spot Bottle Bag Epp,https://www.tesco.com/groceries/en-GB/shop/home-and-ents/all?department=Party%20%26%20Giftwrap&viewAll=department&page=,£0.50,£0.50/each,,,/groceries/en-GB/products/308224765,https://digitalcontent.api.tesco.com/v2/media/ghs/60f3b9b6-7bf6-475f-aa23-486f2b05af45/8e29d2b3-5d15-4147-8c76-993a96d87b7f_225628518.jpeg?h=225&w=225,
308224771,Tesco Blue Stripe Bottle Bag Epp,https://www.tesco.com/groceries/en-GB/shop/home-and-ents/all?department=Party%20%26%20Giftwrap&viewAll=department&page=,£0.50,£0.50/each,,,/groceries/en-GB/products/308224771,https://digitalcontent.api.tesco.com/v2/media/ghs/d58198bf-b6fc-4495-bca6-c858d002b0ea/440582e9-3760-4152-8e4b-8785b54567f1_1952852145.jpeg?h=225&w=225,
310708784,Hinch Box,https://www.tesco.com/groceries/en-GB/shop/home-and-ents/all?department=Party%20%26%20Giftwrap&viewAll=department&page=,£5.00,£5.00/each,,,/groceries/en-GB/products/310708784,https://digitalcontent.api.tesco.com/v2/media/ghs/9fe9405b-7401-4c51-9ec9-3d3dc0b6a548/514c674a-2064-4d64-ad7b-69e841ab7ff8_1771534770.jpeg?h=225&w=225,
312458807,Tesco Happy Birthday Wrap 8Sht 8Tags,https://www.tesco.com/groceries/en-GB/shop/home-and-ents/all?department=Party%20%26%20Giftwrap&viewAll=department&page=,£3.00,£3.00/each,,New,/groceries/en-GB/products/312458807,https://digitalcontent.api.tesco.com/v2/media/ghs/ad0c0466-c0d1-4761-a208-f2d0798a5902/b948ba1b-6df5-49d6-a6c9-8b8839ac66fe_1151406829.jpeg?h=225&w=225,
298242015,Jena Round Foil Platters 31Cm 3Pack,https://www.tesco.com/groceries/en-GB/shop/home-and-ents/all?department=Party%20%26%20Giftwrap&viewAll=department&page=,£3.00,£1.00/each,,,/groceries/en-GB/products/298242015,https://digitalcontent.api.tesco.com/v2/media/ghs/23a1f6a8-d457-45b1-80cb-e38c795eb094/1eee2cbe-0ed3-45a0-9bb7-5120dbe54771_1195293479.jpeg?h=225&w=225,
298242021,Jena Regal Foil Platters Large 49Cmx35cm 2Pack,https://www.tesco.com/groceries/en-GB/shop/home-and-ents/all?department=Party%20%26%20Giftwrap&viewAll=department&page=,£3.00,£1.50/each,,,/groceries/en-GB/products/298242021,https://digitalcontent.api.tesco.com/v2/media/ghs/8d0298a0-3f42-4008-a291-53c7b632a92c/5965cb4a-b75e-4b0a-bdeb-646b97266b44_1366883459.jpeg?h=225&w=225,
274222047,Swantex Recyclable Shot Glasses 40 Pack,https://www.tesco.com/groceries/en-GB/shop/home-and-ents/all?department=Party%20%26%20Giftwrap&viewAll=department&page=,£2.00,£0.05/each,,,/groceries/en-GB/products/274222047,https://digitalcontent.api.tesco.com/v2/media/ghs/14e08fc5-4a41-42e5-b919-4c4f1c953d45/f179c7d9-fa4c-4e8f-a7dd-9b0213117142_565955317.jpeg?h=225&w=225,
308122344,Tesco Bright Colour Multi Party Bag 10 Pack,https://www.tesco.com/groceries/en-GB/shop/home-and-ents/all?department=Party%20%26%20Giftwrap&viewAll=department&page=,£2.50,£0.25/each,Any 5 for 4 Clubcard Price - Cheapest Product Free - Selected Tesco Party ,,/groceries/en-GB/products/308122344,https://digitalcontent.api.tesco.com/v2/media/ghs/b4001f3b-5869-4997-a071-77e3f0071efb/a5f1aebb-7fb1-496b-a787-53534a5a8339_858907523.jpeg?h=225&w=225,
309824059,Tesco Kraft 4 Pack Mini Rollwrap – Height 50cm,https://www.tesco.com/groceries/en-GB/shop/home-and-ents/all?department=Party%20%26%20Giftwrap&viewAll=department&page=,£3.00,£0.75/each,,,/groceries/en-GB/products/309824059,https://digitalcontent.api.tesco.com/v2/media/ghs/d7e85602-65b2-4073-8da3-fea5abc7b1ff/231b24b9-565d-41e5-b1e2-7996e51baa58_698409775.jpeg?h=225&w=225,
308232778,Neon Sparkers,https://www.tesco.com/groceries/en-GB/shop/home-and-ents/all?department=Party%20%26%20Giftwrap&viewAll=department&page=,£1.50,£0.15/each,Any 5 for 4 Clubcard Price - Cheapest Product Free - Selected Tesco Party ,,/groceries/en-GB/products/308232778,https://digitalcontent.api.tesco.com/v2/media/ghs/647125b2-9cbd-4b54-ba09-1028f79d1a58/2dd4c852-52c0-4564-a31d-894c88155a0c_2094284441.jpeg?h=225&w=225,
310588383,Tesco Happy Birthday Banner,https://www.tesco.com/groceries/en-GB/shop/home-and-ents/all?department=Party%20%26%20Giftwrap&viewAll=department&page=,£1.25,£1.25/each,Any 5 for 4 Clubcard Price - Cheapest Product Free - Selected Tesco Party ,,/groceries/en-GB/products/310588383,https://digitalcontent.api.tesco.com/v2/media/ghs/b4969c52-977b-4fee-a17a-45910f444722/74949f9e-4ac5-48af-9f01-4360c142bf0e_1383230390.jpeg?h=225&w=225,
310588377,Tesco Blue Happy Birthday Banner,https://www.tesco.com/groceries/en-GB/shop/home-and-ents/all?department=Party%20%26%20Giftwrap&viewAll=department&page=,£1.25,£1.25/each,Any 5 for 4 Clubcard Price - Cheapest Product Free - Selected Tesco Party ,,/groceries/en-GB/products/310588377,https://digitalcontent.api.tesco.com/v2/media/ghs/2a087ec9-3de6-47e9-98fb-a4df2e147be0/60ba35d7-c33d-44dd-85cb-abe7420c8ec7_176923635.jpeg?h=225&w=225,
306854159,Scentos On The Go Activity Bags,https://www.tesco.com/groceries/en-GB/shop/home-and-ents/all?department=Party%20%26%20Giftwrap&viewAll=department&page=,£2.00,£2.00/each,Any 5 for 4 Clubcard Price - Cheapest Product Free - Selected Tesco Party ,,/groceries/en-GB/products/306854159,https://digitalcontent.api.tesco.com/v2/media/ghs/115a8494-dd01-4292-b18d-13fdfc856517/8e0b3d0f-1aa8-4680-81a8-c6c23da89009_1797663174.jpeg?h=225&w=225,
311313917,Decorata Party Blue Paper Cups 10 Pack,https://www.tesco.com/groceries/en-GB/shop/home-and-ents/all?department=Party%20%26%20Giftwrap&viewAll=department&page=,£1.50,£0.15/each,Any 5 for 4 Clubcard Price - Cheapest Product Free - Selected Tesco Party ,,/groceries/en-GB/products/311313917,https://digitalcontent.api.tesco.com/v2/media/ghs/44000890-4a42-4d23-92b2-c3598ebd694f/16d7de9c-fcc0-45a0-921b-96b2f339b7d8_1507328368.jpeg?h=225&w=225,
308121748,Tesco Rainbow Spot Table Cover,https://www.tesco.com/groceries/en-GB/shop/home-and-ents/all?department=Party%20%26%20Giftwrap&viewAll=department&page=,£1.75,£1.75/each,Any 5 for 4 Clubcard Price - Cheapest Product Free - Selected Tesco Party ,,/groceries/en-GB/products/308121748,https://digitalcontent.api.tesco.com/v2/media/ghs/7805e0e7-b890-41d8-b632-4c1137848667/cd17f982-99ff-43e4-946c-daf5456682fd_578343610.jpeg?h=225&w=225,
310647734,Tesco Bird Napkin 33Cm 3Ply 20 Pack,https://www.tesco.com/groceries/en-GB/shop/home-and-ents/all?department=Party%20%26%20Giftwrap&viewAll=department&page=,£1.50,£0.08/each,,,/groceries/en-GB/products/310647734,https://digitalcontent.api.tesco.com/v2/media/ghs/493e2da4-fdeb-4d21-a4c0-826c38001be3/c958e5f7-9b3c-4596-b8c3-f69e8110b938_1098485732.jpeg?h=225&w=225,
312458799,Tesco Silver Paper Bow & Tag Topper,https://www.tesco.com/groceries/en-GB/shop/home-and-ents/all?department=Party%20%26%20Giftwrap&viewAll=department&page=,£1.50,£0.75/each,,New,/groceries/en-GB/products/312458799,https://digitalcontent.api.tesco.com/v2/media/ghs/b3eaf9c0-48fd-4f0a-bb27-49a1194b27fd/b0c02b1b-40a2-42d5-9bc1-140fdbbd854b_1994273049.jpeg?h=225&w=225,
312146978,Tesco Celebrate Napkin 33Cm 3Ply 20 Pack,https://www.tesco.com/groceries/en-GB/shop/home-and-ents/all?department=Party%20%26%20Giftwrap&viewAll=department&page=,£1.50,£0.08/each,,,/groceries/en-GB/products/312146978,https://digitalcontent.api.tesco.com/v2/media/ghs/57fa8c1c-64f3-4b8b-b4b9-b23ad25b9813/0e080983-483a-4fd9-8f24-327231aca50c_222126138.jpeg?h=225&w=225,
308122091,Tesco Red Stars Napkin 20 Pack,https://www.tesco.com/groceries/en-GB/shop/home-and-ents/all?department=Party%20%26%20Giftwrap&viewAll=department&page=,£1.50,£0.08/each,Any 5 for 4 Clubcard Price - Cheapest Product Free - Selected Tesco Party ,,/groceries/en-GB/products/308122091,https://digitalcontent.api.tesco.com/v2/media/ghs/bc5e22eb-1830-4b56-b8db-e660642aba49/9ee0330c-bef8-4aa9-87fb-992fb1439259_706813347.jpeg?h=225&w=225,
302982819,Colour Weave Bouncy Balls 4 Pack,https://www.tesco.com/groceries/en-GB/shop/home-and-ents/all?department=Party%20%26%20Giftwrap&viewAll=department&page=,£2.00,£0.50/each,Any 5 for 4 Clubcard Price - Cheapest Product Free - Selected Tesco Party ,,/groceries/en-GB/products/302982819,https://digitalcontent.api.tesco.com/v2/media/ghs/ed402c68-5560-4984-ae32-f2c9fbac5608/51722156-76b2-44a0-8cb6-b9fc8e13e6e3_158167974.jpeg?h=225&w=225,
308122200,Tesco Bright Rainbow Plate 10 Pack 23Cm,https://www.tesco.com/groceries/en-GB/shop/home-and-ents/all?department=Party%20%26%20Giftwrap&viewAll=department&page=,£1.50,£0.15/each,Any 5 for 4 Clubcard Price - Cheapest Product Free - Selected Tesco Party ,,/groceries/en-GB/products/308122200,https://digitalcontent.api.tesco.com/v2/media/ghs/9bfaca99-df62-4878-b9bb-dd11a6ff70fa/5d720d63-8fc9-4e5a-80bb-b21fed8f74fb_1446001690.jpeg?h=225&w=225,
310647607,Tesco Mono Spotty Napkin 3Ply 20 Pack,https://www.tesco.com/groceries/en-GB/shop/home-and-ents/all?department=Party%20%26%20Giftwrap&viewAll=department&page=,£1.50,£0.08/each,,,/groceries/en-GB/products/310647607,https://digitalcontent.api.tesco.com/v2/media/ghs/402cd2bd-3e6a-4dbb-a147-2fb65ca21b4b/d2f1a846-1d56-4c3d-80b7-0ae3c16eb412_936207270.jpeg?h=225&w=225,
259423137,Tesco Pink Candy Stripe 12 Candles & Holder,https://www.tesco.com/groceries/en-GB/shop/home-and-ents/all?department=Party%20%26%20Giftwrap&viewAll=department&page=,£1.00,£0.08/each,Any 5 for 4 Clubcard Price - Cheapest Product Free - Selected Tesco Party ,,/groceries/en-GB/products/259423137,https://digitalcontent.api.tesco.com/v2/media/ghs/d5df21cf-a1b3-41c1-ae26-86f933d2aeec/4fdfe69a-2ee8-4ccd-ab4d-83f25983c259_1167702274.jpeg?h=225&w=225,
306854235,Tesco Rainbow Happy Birthday Candle,https://www.tesco.com/groceries/en-GB/shop/home-and-ents/all?department=Party%20%26%20Giftwrap&viewAll=department&page=,£1.50,£1.50/each,Any 5 for 4 Clubcard Price - Cheapest Product Free - Selected Tesco Party ,,/groceries/en-GB/products/306854235,https://digitalcontent.api.tesco.com/v2/media/ghs/a5af518f-a503-4e32-8d70-ec3d3da8aa81/9e6d31fb-273e-4d70-ab5b-2ed9627fbae3_5290629.jpeg?h=225&w=225,
310759607,Winnie The Pooh 2 Sheet 2 Tags,https://www.tesco.com/groceries/en-GB/shop/home-and-ents/all?department=Party%20%26%20Giftwrap&viewAll=department&page=,£1.00,£1.00/each,,,/groceries/en-GB/products/310759607,https://digitalcontent.api.tesco.com/v2/media/ghs/9ea2c853-b62e-4ad1-9677-2a115a94a35c/705c74df-bda3-42a2-8271-d145d743a565_15951711.jpeg?h=225&w=225,
308224919,Tesco A Little Something Floral 2 Sheet 2 Tags,https://www.tesco.com/groceries/en-GB/shop/home-and-ents/all?department=Party%20%26%20Giftwrap&viewAll=department&page=,£1.00,£0.50/each,,,/groceries/en-GB/products/308224919,https://digitalcontent.api.tesco.com/v2/media/ghs/c09ef385-ecd2-489e-86cc-8f1ff79642d8/6caa871b-7f10-44f4-a257-5b83a1c8b099_1263920676.jpeg?h=225&w=225,
308224892,Tesco Blue Happy Birthday Text 2 Sheet 2 Tags,https://www.tesco.com/groceries/en-GB/shop/home-and-ents/all?department=Party%20%26%20Giftwrap&viewAll=department&page=,£1.00,£0.50/each,,,/groceries/en-GB/products/308224892,https://digitalcontent.api.tesco.com/v2/media/ghs/da1acebe-5b64-4cda-a977-09856b992a9e/038602af-764f-4b2e-b333-bcc90b5bfc14_1030198104.jpeg?h=225&w=225,
308224903,Tesco Pink Happy Birthday Text 2 Sheet 2 Tags,https://www.tesco.com/groceries/en-GB/shop/home-and-ents/all?department=Party%20%26%20Giftwrap&viewAll=department&page=,£1.00,£0.50/each,,,/groceries/en-GB/products/308224903,https://digitalcontent.api.tesco.com/v2/media/ghs/52fde669-7d12-43c8-8e79-4c679d03a3a2/2f1cd4ba-9583-4289-a701-ddeed9f0529f_1475220159.jpeg?h=225&w=225,
250132328,Tesco Party Foil Hats 6 Pack,https://www.tesco.com/groceries/en-GB/shop/home-and-ents/all?department=Party%20%26%20Giftwrap&viewAll=department&page=,£1.25,£0.21/each,Any 5 for 4 Clubcard Price - Cheapest Product Free - Selected Tesco Party ,,/groceries/en-GB/products/250132328,https://digitalcontent.api.tesco.com/v2/media/ghs/4ac4c83a-9cff-44a0-9fcb-45900cf0720a/3fac7574-d3b5-4ace-8f28-2c11d75b36a8_1284456751.jpeg?h=225&w=225,
298126810,Whoopee Cushion,https://www.tesco.com/groceries/en-GB/shop/home-and-ents/all?department=Party%20%26%20Giftwrap&viewAll=department&page=,£1.50,£1.50/each,Any 5 for 4 Clubcard Price - Cheapest Product Free - Selected Tesco Party ,,/groceries/en-GB/products/298126810,https://digitalcontent.api.tesco.com/v2/media/ghs/db085c0f-c60e-4cac-ae29-9de3958d4b26/5c960bd4-6341-4c79-9a63-77658ea1332c_678606467.jpeg?h=225&w=225,
303901945,Scentos Scented Markers,https://www.tesco.com/groceries/en-GB/shop/home-and-ents/all?department=Party%20%26%20Giftwrap&viewAll=department&page=,£1.50,£0.19/each,Any 5 for 4 Clubcard Price - Cheapest Product Free - Selected Tesco Party ,,/groceries/en-GB/products/303901945,https://digitalcontent.api.tesco.com/v2/media/ghs/27f06998-a075-4c18-bb6a-8f172c842758/42b3c13f-4db7-4f9f-9c1d-4e0b968b4555_1398514595.jpeg?h=225&w=225,
311439737,Hinch Eucalyptus Diffuser Bag,https://www.tesco.com/groceries/en-GB/shop/home-and-ents/all?department=Party%20%26%20Giftwrap&viewAll=department&page=,£1.00,£1.00/each,,,/groceries/en-GB/products/311439737,https://digitalcontent.api.tesco.com/v2/media/ghs/d48b6db0-3f41-4fd7-af75-48343a77a675/61fce758-9878-4bc8-bfb4-4faec52fc5ca_261495400.jpeg?h=225&w=225,
253988558,Tesco White Tissue 5 Sheets,https://www.tesco.com/groceries/en-GB/shop/home-and-ents/all?department=Party%20%26%20Giftwrap&viewAll=department&page=,£0.80,£0.16/each,,,/groceries/en-GB/products/253988558,https://digitalcontent.api.tesco.com/v2/media/ghs/9e741366-0b79-4d71-9fa7-889f0d87c5ff/1262f47e-cb8f-4be9-8cb7-d027a52eef6e_744568616.jpeg?h=225&w=225,
254023138,Tesco Pale Pink Tissue 5 Sheets,https://www.tesco.com/groceries/en-GB/shop/home-and-ents/all?department=Party%20%26%20Giftwrap&viewAll=department&page=,£0.80,£0.16/each,,,/groceries/en-GB/products/254023138,https://digitalcontent.api.tesco.com/v2/media/ghs/374b0bfe-864d-4e59-bff6-1451a980093a/72f3edfc-d500-4309-86c1-8ac375d70327_35851588.jpeg?h=225&w=225,
309666021,Tesco Black And Gold Cheers Bottle Bag,https://www.tesco.com/groceries/en-GB/shop/home-and-ents/all?department=Party%20%26%20Giftwrap&viewAll=department&page=,£1.00,£1.00/each,,,/groceries/en-GB/products/309666021,https://digitalcontent.api.tesco.com/v2/media/ghs/81491853-e5c8-4abc-865d-bce20ac6bdd8/b3d31462-45d0-444f-a067-0cfc62432e4e_246437833.jpeg?h=225&w=225,
287441361,Snap Bands,https://www.tesco.com/groceries/en-GB/shop/home-and-ents/all?department=Party%20%26%20Giftwrap&viewAll=department&page=,£1.25,£1.25/each,Any 5 for 4 Clubcard Price - Cheapest Product Free - Selected Tesco Party ,,/groceries/en-GB/products/287441361,https://digitalcontent.api.tesco.com/v2/media/ghs/7cc084fe-029f-4c33-9def-a328ce85900b/e978de3a-338c-4e9d-ab7c-7b1003c5d046_798719906.jpeg?h=225&w=225,
308280426,Moody Face Squish,https://www.tesco.com/groceries/en-GB/shop/home-and-ents/all?department=Party%20%26%20Giftwrap&viewAll=department&page=,£1.25,£1.25/each,Any 5 for 4 Clubcard Price - Cheapest Product Free - Selected Tesco Party ,,/groceries/en-GB/products/308280426,https://digitalcontent.api.tesco.com/v2/media/ghs/e173f1ca-cd68-4d42-85b7-85349151021d/e3c82230-9524-4ea7-911e-adb296a52734_1219644378.jpeg?h=225&w=225,
288614708,Tesco Pastel Polka Dot Balloons Mixed Colours 10 Pack,https://www.tesco.com/groceries/en-GB/shop/home-and-ents/all?department=Party%20%26%20Giftwrap&viewAll=department&page=,£1.25,£0.12/each,Any 5 for 4 Clubcard Price - Cheapest Product Free - Selected Tesco Party ,,/groceries/en-GB/products/288614708,https://digitalcontent.api.tesco.com/v2/media/ghs/e2a54e35-2bbd-4e8f-9730-c3bb8ff7f7f9/110398f8-0302-4b93-9fa0-f1546ec565df_249156009.jpeg?h=225&w=225,
312206983,Tesco White & Silver Marble Bottle Bag,https://www.tesco.com/groceries/en-GB/shop/home-and-ents/all?department=Party%20%26%20Giftwrap&viewAll=department&page=,£1.00,£1.00/each,,New,/groceries/en-GB/products/312206983,https://digitalcontent.api.tesco.com/v2/media/ghs/3d4a8d1f-1d5c-4640-9d81-a8ce5d7fbcc9/a7f35b52-08f0-499c-ad2f-bdc66663e307_1283094561.jpeg?h=225&w=225,
312206997,Tesco Time To Celebrated Striped Bottle Bag,https://www.tesco.com/groceries/en-GB/shop/home-and-ents/all?department=Party%20%26%20Giftwrap&viewAll=department&page=,£1.00,£1.00/each,,New,/groceries/en-GB/products/312206997,https://digitalcontent.api.tesco.com/v2/media/ghs/598c599e-3628-4614-9e7e-b158bb370a7a/48481819-bbe0-42c7-aff4-1cdff5e26107_1298228161.jpeg?h=225&w=225,
310708438,Tesco Silver Foil Bottle Bag,https://www.tesco.com/groceries/en-GB/shop/home-and-ents/all?department=Party%20%26%20Giftwrap&viewAll=department&page=,£1.00,£1.00/each,,,/groceries/en-GB/products/310708438,https://digitalcontent.api.tesco.com/v2/media/ghs/757c0223-554e-4697-9827-26956feb1860/9b22005a-ce1f-4ae1-999d-0cda034c3065_584062065.jpeg?h=225&w=225,
309630265,Ink Stamps 4 Pack,https://www.tesco.com/groceries/en-GB/shop/home-and-ents/all?department=Party%20%26%20Giftwrap&viewAll=department&page=,£1.00,£0.25/each,Any 5 for 4 Clubcard Price - Cheapest Product Free - Selected Tesco Party ,,/groceries/en-GB/products/309630265,https://digitalcontent.api.tesco.com/v2/media/ghs/62e3ae47-263d-48e7-bd7f-c284336e7ee9/67715ea6-193c-494a-a5a0-fe0d90817322_891393035.jpeg?h=225&w=225,
308280449,Wooden Twist And Lock Blocks,https://www.tesco.com/groceries/en-GB/shop/home-and-ents/all?department=Party%20%26%20Giftwrap&viewAll=department&page=,£1.00,£1.00/each,Any 5 for 4 Clubcard Price - Cheapest Product Free - Selected Tesco Party ,,/groceries/en-GB/products/308280449,https://digitalcontent.api.tesco.com/v2/media/ghs/1883c0e9-3851-4efe-9e71-7082913f1e2d/047a0b84-7685-41a2-9f2f-2aa8b9d10ac8_24118236.jpeg?h=225&w=225,
311941384,My Big Rainbow Book Of Colouring,https://www.tesco.com/groceries/en-GB/shop/home-and-ents/all?department=Party%20%26%20Giftwrap&viewAll=department&page=,£1.00,£1.00/each,Any 5 for 4 Clubcard Price - Cheapest Product Free - Selected Tesco Party ,,/groceries/en-GB/products/311941384,https://digitalcontent.api.tesco.com/v2/media/ghs/31aabd10-04c9-4f88-8f52-1a024eecbed1/826da56d-e49f-45a4-a68c-1231632c2861_1642389309.jpeg?h=225&w=225,
287441292,Bubble Wand,https://www.tesco.com/groceries/en-GB/shop/home-and-ents/all?department=Party%20%26%20Giftwrap&viewAll=department&page=,£1.00,£1.00/each,Any 5 for 4 Clubcard Price - Cheapest Product Free - Selected Tesco Party ,,/groceries/en-GB/products/287441292,https://digitalcontent.api.tesco.com/v2/media/ghs/f15cfae5-1cbf-4451-bde3-85aecc32681d/89c251e8-078d-4de5-b488-c4afccac7807_63644965.jpeg?h=225&w=225,
258895988,Tesco Mini Bubbles 6 Pack,https://www.tesco.com/groceries/en-GB/shop/home-and-ents/all?department=Party%20%26%20Giftwrap&viewAll=department&page=,£1.50,£0.25/each,Any 5 for 4 Clubcard Price - Cheapest Product Free - Selected Tesco Party ,,/groceries/en-GB/products/258895988,https://digitalcontent.api.tesco.com/v2/media/ghs/a69ccdf9-43fc-46ad-bf17-b2bb7aa1e8ea/f645afe1-9da5-4df1-b129-c2f19c8dbef2.jpeg?h=225&w=225,
312207020,Tesco Kraft Red Star Bottle Bag,https://www.tesco.com/groceries/en-GB/shop/home-and-ents/all?department=Party%20%26%20Giftwrap&viewAll=department&page=,£0.80,£0.80/each,,,/groceries/en-GB/products/312207020,https://digitalcontent.api.tesco.com/v2/media/ghs/49d88e1d-09f3-45a5-937c-4c3f93e630d7/0bc0df9d-699e-4420-9995-ea97d786b47b_399427723.jpeg?h=225&w=225,
266315376,Tesco Kids Bubbles Single Pack,https://www.tesco.com/groceries/en-GB/shop/home-and-ents/all?department=Party%20%26%20Giftwrap&viewAll=department&page=,£0.50,£0.50/each,Any 5 for 4 Clubcard Price - Cheapest Product Free - Selected Tesco Party ,,/groceries/en-GB/products/266315376,https://digitalcontent.api.tesco.com/v2/media/ghs/c71880a4-a4bd-4d3a-b508-78d97212601e/9f711357-e6cd-4723-ae94-1188ecfb56d7_1414262364.jpeg?h=225&w=225,
309067281,Tesco Traditional Garland 6ft / 1.8m,https://www.tesco.com/groceries/en-GB/shop/home-and-ents/all?department=Party%20%26%20Giftwrap&viewAll=department&page=,£10.00,£5.56/metre,,New,/groceries/en-GB/products/309067281,https://digitalcontent.api.tesco.com/v2/media/ghs/6233f7a5-e3e1-44f2-9e0c-771185f3691f/cad63f7c-110d-409e-828b-70f201088f80_102902029.jpeg?h=225&w=225,
309067367,Tesco White Jewel Bead Chain Decoration - 2m,https://www.tesco.com/groceries/en-GB/shop/home-and-ents/all?department=Party%20%26%20Giftwrap&viewAll=department&page=,£3.00,£1.50/metre,,,/groceries/en-GB/products/309067367,https://digitalcontent.api.tesco.com/v2/media/ghs/e88d1625-3a75-4585-b677-0d8a8f058d91/9b0bfcca-feef-4f97-95ce-b7b59328c3d6_1622682466.jpeg?h=225&w=225,
289041105,Tesco Silver Table Cover 180X118cm,https://www.tesco.com/groceries/en-GB/shop/home-and-ents/all?department=Party%20%26%20Giftwrap&viewAll=department&page=,£2.75,£2.75/each,,,/groceries/en-GB/products/289041105,https://digitalcontent.api.tesco.com/v2/media/ghs/c8862e31-b0e6-4c57-ae3f-32d05c3461ce/fce1791d-af89-408d-b178-d616cbe563ff_201014231.jpeg?h=225&w=225,
251230928,Tesco Party Happy Birthday Candles,https://www.tesco.com/groceries/en-GB/shop/home-and-ents/all?department=Party%20%26%20Giftwrap&viewAll=department&page=,£2.00,£2.00/each,Any 5 for 4 Clubcard Price - Cheapest Product Free - Selected Tesco Party ,,/groceries/en-GB/products/251230928,https://digitalcontent.api.tesco.com/v2/media/ghs/cbb5fb9e-e297-426d-9419-f38c7a3bd376/e4c958ea-15e0-46e5-aee5-4be8c8c161b7_2024013047.jpeg?h=225&w=225,
306854120,Scentos Stationery Bumper Pack 16Pk,https://www.tesco.com/groceries/en-GB/shop/home-and-ents/all?department=Party%20%26%20Giftwrap&viewAll=department&page=,£3.50,£0.22/each,Any 5 for 4 Clubcard Price - Cheapest Product Free - Selected Tesco Party ,,/groceries/en-GB/products/306854120,https://digitalcontent.api.tesco.com/v2/media/ghs/ffb15b32-6bba-4bcb-a460-fb47fb0dede1/82401f93-eb6d-4d38-a6df-2a4f0adc80e1_274964349.jpeg?h=225&w=225,
303078231,Iridescent Flaming Fountain,https://www.tesco.com/groceries/en-GB/shop/home-and-ents/all?department=Party%20%26%20Giftwrap&viewAll=department&page=,£2.00,£2.00/each,Any 5 for 4 Clubcard Price - Cheapest Product Free - Selected Tesco Party ,,/groceries/en-GB/products/303078231,https://digitalcontent.api.tesco.com/v2/media/ghs/f50d9b68-b504-4f49-85e6-db2d50f598f2/a1804388-eba1-4adf-9aa7-62978bf66234_73868516.jpeg?h=225&w=225,
312207037,Tesco Kraft Happy Birthday Large Bag,https://www.tesco.com/groceries/en-GB/shop/home-and-ents/all?department=Party%20%26%20Giftwrap&viewAll=department&page=,£1.75,£1.75/each,,New,/groceries/en-GB/products/312207037,https://digitalcontent.api.tesco.com/v2/media/ghs/58d033fb-d221-4d36-993c-4dd3e84d73ec/8ae6e756-06f7-477f-abac-7dab48c806d6_1514477054.jpeg?h=225&w=225,
312377217,Tesco Large Pink Happy Birthday Bag,https://www.tesco.com/groceries/en-GB/shop/home-and-ents/all?department=Party%20%26%20Giftwrap&viewAll=department&page=,£1.75,£1.75/each,,New,/groceries/en-GB/products/312377217,https://digitalcontent.api.tesco.com/v2/media/ghs/89618d5e-dd95-4a55-966b-b3806a902dcd/35a0b4af-cf07-4e11-9c51-7b229f277b80_947127730.jpeg?h=225&w=225,
312207037,Tesco Kraft Happy Birthday Large Bag,https://www.tesco.com/groceries/en-GB/shop/home-and-ents/all?department=Party%20%26%20Giftwrap&viewAll=department&page=,£1.75,£1.75/each,,New,/groceries/en-GB/products/312207037,https://digitalcontent.api.tesco.com/v2/media/ghs/58d033fb-d221-4d36-993c-4dd3e84d73ec/8ae6e756-06f7-477f-abac-7dab48c806d6_1514477054.jpeg?h=225&w=225,
311263397,Eco Mountain Scene Large Bag,https://www.tesco.com/groceries/en-GB/shop/home-and-ents/all?department=Party%20%26%20Giftwrap&viewAll=department&page=,£1.75,£1.75/each,,New,/groceries/en-GB/products/311263397,https://digitalcontent.api.tesco.com/v2/media/ghs/9590d489-b9f7-43f5-bee6-bcabec16c1f0/7721a2e4-35fc-46ad-9a9e-375168665b89_1443936943.jpeg?h=225&w=225,
311262496,Watercolour Large Floral Papertwist Bag,https://www.tesco.com/groceries/en-GB/shop/home-and-ents/all?department=Party%20%26%20Giftwrap&viewAll=department&page=,£1.75,£1.75/each,,New,/groceries/en-GB/products/311262496,https://digitalcontent.api.tesco.com/v2/media/ghs/fa02d5e5-3643-4592-b20d-27e97171ffc5/66ee18c8-b2d4-4359-b09b-9c2db5163c47_2033211751.jpeg?h=225&w=225,
312206977,Tesco White & Silver Marble Bag Large,https://www.tesco.com/groceries/en-GB/shop/home-and-ents/all?department=Party%20%26%20Giftwrap&viewAll=department&page=,£1.75,£1.75/each,,New,/groceries/en-GB/products/312206977,https://digitalcontent.api.tesco.com/v2/media/ghs/6863b199-49c4-4455-917d-9a63e2218a44/02a62255-9f8b-473d-9f5f-1b61776a625f_335739898.jpeg?h=225&w=225,
311666197,Tesco Cars & Trucks Large Bag,https://www.tesco.com/groceries/en-GB/shop/home-and-ents/all?department=Party%20%26%20Giftwrap&viewAll=department&page=,£1.75,£1.75/each,,New,/groceries/en-GB/products/311666197,https://digitalcontent.api.tesco.com/v2/media/ghs/68697dea-20ca-4097-b6c5-4e78907b9971/65a0b0c9-816f-450d-8c41-7ccf3a729ee4_980464573.jpeg?h=225&w=225,
311202009,Disney Princess Bag Large,https://www.tesco.com/groceries/en-GB/shop/home-and-ents/all?department=Party%20%26%20Giftwrap&viewAll=department&page=,£1.75,£1.75/each,,New,/groceries/en-GB/products/311202009,https://digitalcontent.api.tesco.com/v2/media/ghs/96cb50ad-a065-4f6b-a779-b4df4f4f8ef2/360f6e21-f329-4f65-a955-66e45d051e1d_1778024779.jpeg?h=225&w=225,
309719229,Swantex Champagne Glass,https://www.tesco.com/groceries/en-GB/shop/home-and-ents/all?department=Party%20%26%20Giftwrap&viewAll=department&page=,£2.00,£2.00/each,,,/groceries/en-GB/products/309719229,https://digitalcontent.api.tesco.com/v2/media/ghs/86bf1145-6005-4860-bd8d-b8ef569b9cae/6e585ae8-4b9e-43ed-95b8-7c5e96e74e59_1200790331.jpeg?h=225&w=225,
311783271,Push Popper Fidget Ball,https://www.tesco.com/groceries/en-GB/shop/home-and-ents/all?department=Party%20%26%20Giftwrap&viewAll=department&page=,£2.50,£2.50/each,Any 5 for 4 Clubcard Price - Cheapest Product Free - Selected Tesco Party ,,/groceries/en-GB/products/311783271,https://digitalcontent.api.tesco.com/v2/media/ghs/259bb55a-cd96-4ae7-8515-e41c3b346320/91501052-f406-40a0-bdad-06790e5582a5_1790582161.jpeg?h=225&w=225,
311420079,Hinch Baby Wrap & Tag 2 Sheet 2 Tag,https://www.tesco.com/groceries/en-GB/shop/home-and-ents/all?department=Party%20%26%20Giftwrap&viewAll=department&page=,£1.50,£1.50/each,,New,/groceries/en-GB/products/311420079,https://digitalcontent.api.tesco.com/v2/media/ghs/adba3322-9130-43da-bf6d-f7e1d09f3943/e738b71b-5238-40e8-9600-6214bec5dbcc_1869225704.jpeg?h=225&w=225,
311683867,Hinch Eucalyptus 2 Sheet 2 Tag,https://www.tesco.com/groceries/en-GB/shop/home-and-ents/all?department=Party%20%26%20Giftwrap&viewAll=department&page=,£1.50,£1.50/each,,New,/groceries/en-GB/products/311683867,https://digitalcontent.api.tesco.com/v2/media/ghs/6932aa16-6d12-4f0f-a0e7-b91246102958/9ea3097f-d7ac-4f61-b8d6-9f1d7add1c0a_1614848241.jpeg?h=225&w=225,
309899119,Colour Change Squish Ball,https://www.tesco.com/groceries/en-GB/shop/home-and-ents/all?department=Party%20%26%20Giftwrap&viewAll=department&page=,£2.25,£2.25/each,Any 5 for 4 Clubcard Price - Cheapest Product Free - Selected Tesco Party ,,/groceries/en-GB/products/309899119,https://digitalcontent.api.tesco.com/v2/media/ghs/348885e8-27bd-4062-b94c-4378af78941f/1cc19cd6-dabd-410e-9fb2-cb46520b2515_708412305.jpeg?h=225&w=225,
311675416,Tesco Celebrate Luxury Gift Bag,https://www.tesco.com/groceries/en-GB/shop/home-and-ents/all?department=Party%20%26%20Giftwrap&viewAll=department&page=,£1.50,£1.50/each,,New,/groceries/en-GB/products/311675416,https://digitalcontent.api.tesco.com/v2/media/ghs/37065a97-8dac-46e3-a988-0c930965b6b8/a5b432e5-7975-476b-af0a-4a3ec0725fc1_1677578019.jpeg?h=225&w=225,
311420442,Butterfly Papertwist Large Bag,https://www.tesco.com/groceries/en-GB/shop/home-and-ents/all?department=Party%20%26%20Giftwrap&viewAll=department&page=,£1.50,£1.50/each,,New,/groceries/en-GB/products/311420442,https://digitalcontent.api.tesco.com/v2/media/ghs/3b548ac1-b762-4fb1-9978-d57ff98bd04f/d10366bc-07d0-42e0-8564-6886b99993f0_225078303.jpeg?h=225&w=225,
259061870,Tesco Happy Birthday Balloons 10 Pack,https://www.tesco.com/groceries/en-GB/shop/home-and-ents/all?department=Party%20%26%20Giftwrap&viewAll=department&page=,£1.25,£0.12/each,Any 5 for 4 Clubcard Price - Cheapest Product Free - Selected Tesco Party ,,/groceries/en-GB/products/259061870,https://digitalcontent.api.tesco.com/v2/media/ghs/45f977fb-8d36-4da9-8558-2ca809784cd9/8dbe5dc0-4a7b-4637-b84e-6704492b8896_1298312245.jpeg?h=225&w=225,
310588360,Tesco Pink Happy Birthday Banner,https://www.tesco.com/groceries/en-GB/shop/home-and-ents/all?department=Party%20%26%20Giftwrap&viewAll=department&page=,£1.25,£1.25/each,Any 5 for 4 Clubcard Price - Cheapest Product Free - Selected Tesco Party ,,/groceries/en-GB/products/310588360,https://digitalcontent.api.tesco.com/v2/media/ghs/96c7e784-efe2-408c-92bb-019c02be7900/3ba1ada6-7a41-48d7-a74c-10ec3201e2f7_2082979943.jpeg?h=225&w=225,
312107639,Train Whistle,https://www.tesco.com/groceries/en-GB/shop/home-and-ents/all?department=Party%20%26%20Giftwrap&viewAll=department&page=,£2.00,£2.00/each,Any 5 for 4 Clubcard Price - Cheapest Product Free - Selected Tesco Party ,,/groceries/en-GB/products/312107639,https://digitalcontent.api.tesco.com/v2/media/ghs/55c4cc65-3189-4b19-b58b-288c5c9bcbc1/58164c45-d323-4a16-805b-2297bea502bf_1685014225.jpeg?h=225&w=225,
303901922,Scentos Scented Dough - 4 Pack,https://www.tesco.com/groceries/en-GB/shop/home-and-ents/all?department=Party%20%26%20Giftwrap&viewAll=department&page=,£2.00,£0.50/each,Any 5 for 4 Clubcard Price - Cheapest Product Free - Selected Tesco Party ,,/groceries/en-GB/products/303901922,https://digitalcontent.api.tesco.com/v2/media/ghs/933e22e7-e617-4353-a868-b27a004b61f3/402c37b9-a28d-41b7-9759-cff18642c411_437017692.jpeg?h=225&w=225,
281384604,Tesco Age 21 Balloons 6 Pack,https://www.tesco.com/groceries/en-GB/shop/home-and-ents/all?department=Party%20%26%20Giftwrap&viewAll=department&page=,£1.50,£0.25/each,Any 5 for 4 Clubcard Price - Cheapest Product Free - Selected Tesco Party ,,/groceries/en-GB/products/281384604,https://digitalcontent.api.tesco.com/v2/media/ghs/c7b75e85-87fb-43a6-b4cc-d56234d983e3/snapshotimagehandler_295882871.jpeg?h=225&w=225,
310647855,Watercolour Cup 10 Pack,https://www.tesco.com/groceries/en-GB/shop/home-and-ents/all?department=Party%20%26%20Giftwrap&viewAll=department&page=,£1.50,£0.15/each,Any 5 for 4 Clubcard Price - Cheapest Product Free - Selected Tesco Party ,,/groceries/en-GB/products/310647855,https://digitalcontent.api.tesco.com/v2/media/ghs/24030f55-9bbc-455e-a0c4-276183616374/7fb7bc56-cffc-46a4-bea9-3b53fe44ff50_435854293.jpeg?h=225&w=225,
311210691,Eco Pink & Blue Floral Medium Bag,https://www.tesco.com/groceries/en-GB/shop/home-and-ents/all?department=Party%20%26%20Giftwrap&viewAll=department&page=,£1.25,£1.25/each,,New,/groceries/en-GB/products/311210691,https://digitalcontent.api.tesco.com/v2/media/ghs/f1f0d548-b79f-4ffd-9f8a-d4025eb8ffa0/8daeb659-9d39-4df1-b476-a8743f9d919f_77070398.jpeg?h=225&w=225,
312377226,Tesco Medium Pink Ombre Bag,https://www.tesco.com/groceries/en-GB/shop/home-and-ents/all?department=Party%20%26%20Giftwrap&viewAll=department&page=,£1.25,£1.25/each,,New,/groceries/en-GB/products/312377226,https://digitalcontent.api.tesco.com/v2/media/ghs/1a98773b-4211-41bf-b9d8-e90757dfe656/faa6a4d7-a1b6-4e3d-bad0-d31518d22e6a_93702675.jpeg?h=225&w=225,
312207008,Tesco Medium Lilac Marble Bag,https://www.tesco.com/groceries/en-GB/shop/home-and-ents/all?department=Party%20%26%20Giftwrap&viewAll=department&page=,£1.25,£1.25/each,,New,/groceries/en-GB/products/312207008,https://digitalcontent.api.tesco.com/v2/media/ghs/593e2dc3-6118-4323-a240-22f354497a42/139a6eb8-cd30-4b47-85a0-bdc086789097_646432099.jpeg?h=225&w=225,
308121996,Tesco Blue Ombre Napkin 20 Pack,https://www.tesco.com/groceries/en-GB/shop/home-and-ents/all?department=Party%20%26%20Giftwrap&viewAll=department&page=,£1.50,£0.08/each,Any 5 for 4 Clubcard Price - Cheapest Product Free - Selected Tesco Party ,,/groceries/en-GB/products/308121996,https://digitalcontent.api.tesco.com/v2/media/ghs/6e04bd8e-2be4-4ba5-a94b-c32c73d19098/40155b07-2547-4f4c-9a45-6aaf2968f38b_1926360886.jpeg?h=225&w=225,
287202564,Number 1 Cake Sparkler,https://www.tesco.com/groceries/en-GB/shop/home-and-ents/all?department=Party%20%26%20Giftwrap&viewAll=department&page=,£1.25,£1.25/each,Any 5 for 4 Clubcard Price - Cheapest Product Free - Selected Tesco Party ,,/groceries/en-GB/products/287202564,https://digitalcontent.api.tesco.com/v2/media/ghs/980dac89-b011-471a-a675-d53741bbe5ca/6d6b511e-ba14-4f95-b49d-496ad4fb2738_1245238016.jpeg?h=225&w=225,
310708409,Tesco Reusable Bowls Mixed Colours 4 Pack,https://www.tesco.com/groceries/en-GB/shop/home-and-ents/all?department=Party%20%26%20Giftwrap&viewAll=department&page=,£1.75,£0.44/each,,,/groceries/en-GB/products/310708409,https://digitalcontent.api.tesco.com/v2/media/ghs/2b412805-16c2-4c8c-8127-74fda5d20d30/72a17b3d-c58f-4274-9a27-4b8157b2320c_1662093723.jpeg?h=225&w=225,
312458822,Tesco Red Star 2 Sheets 2 Tags,https://www.tesco.com/groceries/en-GB/shop/home-and-ents/all?department=Party%20%26%20Giftwrap&viewAll=department&page=,£1.00,£0.25/each,,,/groceries/en-GB/products/312458822,https://digitalcontent.api.tesco.com/v2/media/ghs/d2dc2cb9-ae6e-4389-ba8b-68e7a8dba0e9/18e8e709-4898-4035-be78-bfe16e32648d_1730763737.jpeg?h=225&w=225,
308121691,Tesco Pink Ombre Napkin 20 Pack,https://www.tesco.com/groceries/en-GB/shop/home-and-ents/all?department=Party%20%26%20Giftwrap&viewAll=department&page=,£1.50,£0.08/each,Any 5 for 4 Clubcard Price - Cheapest Product Free - Selected Tesco Party ,,/groceries/en-GB/products/308121691,https://digitalcontent.api.tesco.com/v2/media/ghs/c0c153e0-2fc5-4259-84ea-996aa0464dbb/4b71cc0c-26fa-4ee5-aaf4-a4a263ddc338_1213688404.jpeg?h=225&w=225,
312207417,Push Popper Fidget Spinner,https://www.tesco.com/groceries/en-GB/shop/home-and-ents/all?department=Party%20%26%20Giftwrap&viewAll=department&page=,£1.50,£1.50/each,Any 5 for 4 Clubcard Price - Cheapest Product Free - Selected Tesco Party ,,/groceries/en-GB/products/312207417,https://digitalcontent.api.tesco.com/v2/media/ghs/978aabed-6f12-4695-8d3e-62b3bdb72436/1e6ebffd-50c0-4be9-8a01-26e40649356b_27223065.jpeg?h=225&w=225,
308122199,Tesco Bright Rainbow Table Cover,https://www.tesco.com/groceries/en-GB/shop/home-and-ents/all?department=Party%20%26%20Giftwrap&viewAll=department&page=,£1.75,£1.75/each,Any 5 for 4 Clubcard Price - Cheapest Product Free - Selected Tesco Party ,,/groceries/en-GB/products/308122199,https://digitalcontent.api.tesco.com/v2/media/ghs/9d8f3e6e-e104-4eac-b889-3f5d93aa2e31/502d30d5-bc4a-4a50-9d05-5b4b91567d5c_850161207.jpeg?h=225&w=225,
279412310,Tesco White Shredded Tissue,https://www.tesco.com/groceries/en-GB/shop/home-and-ents/all?department=Party%20%26%20Giftwrap&viewAll=department&page=,£0.80,£0.80/each,,,/groceries/en-GB/products/279412310,https://digitalcontent.api.tesco.com/v2/media/ghs/ad62ff72-2fb6-4ecf-8573-1ac606f1f782/6fbf504b-3426-4be8-a5a3-df381ce53ada_631708500.jpeg?h=225&w=225,
250126152,Tesco Numerical Candle 2,https://www.tesco.com/groceries/en-GB/shop/home-and-ents/all?department=Party%20%26%20Giftwrap&viewAll=department&page=,£0.75,£0.75/each,Any 5 for 4 Clubcard Price - Cheapest Product Free - Selected Tesco Party ,,/groceries/en-GB/products/250126152,https://digitalcontent.api.tesco.com/v2/media/ghs/238e8b2d-297b-404e-ac66-9d27fb621530/2acd31ce-6d31-4049-b348-b6572f331737_1703493186.jpeg?h=225&w=225,
250126336,Tesco Numerical Candle 5,https://www.tesco.com/groceries/en-GB/shop/home-and-ents/all?department=Party%20%26%20Giftwrap&viewAll=department&page=,£0.75,£0.75/each,Any 5 for 4 Clubcard Price - Cheapest Product Free - Selected Tesco Party ,,/groceries/en-GB/products/250126336,https://digitalcontent.api.tesco.com/v2/media/ghs/59d2cd0e-76da-48cb-8cc1-0185d91997d2/cb1a9e89-9734-4eba-873e-b0ab12dc45f2_218884587.jpeg?h=225&w=225,
250126031,Tesco Numerical Candle 0,https://www.tesco.com/groceries/en-GB/shop/home-and-ents/all?department=Party%20%26%20Giftwrap&viewAll=department&page=,£0.75,£0.75/each,Any 5 for 4 Clubcard Price - Cheapest Product Free - Selected Tesco Party ,,/groceries/en-GB/products/250126031,https://digitalcontent.api.tesco.com/v2/media/ghs/a0a4e89b-ae8c-4a64-bc61-52f8731c3ebf/6625c381-d75e-4e7e-988f-98bb41a57efe_51677292.jpeg?h=225&w=225,
309141164,Tesco Red Foil Bows 25 pack,https://www.tesco.com/groceries/en-GB/shop/home-and-ents/all?department=Party%20%26%20Giftwrap&viewAll=department&page=,£1.00,£0.04/each,,,/groceries/en-GB/products/309141164,https://digitalcontent.api.tesco.com/v2/media/ghs/17a712b7-0fde-413f-ada8-be3dd02a6730/142c6404-3d49-4817-ac42-8e4918c10b0f_1652269448.jpeg?h=225&w=225,
308226291,Tesco Red Stars Plate 10 Pack 23Cm,https://www.tesco.com/groceries/en-GB/shop/home-and-ents/all?department=Party%20%26%20Giftwrap&viewAll=department&page=,£1.50,£0.15/each,Any 5 for 4 Clubcard Price - Cheapest Product Free - Selected Tesco Party ,,/groceries/en-GB/products/308226291,https://digitalcontent.api.tesco.com/v2/media/ghs/2eb57e00-896a-4e46-af47-02cf52d4ade4/1fdb00c8-5d01-4aab-abbd-797bc3a57aed_678111517.jpeg?h=225&w=225,
308121754,Tesco Rainbow Spot Plate 10 Pack 23Cm,https://www.tesco.com/groceries/en-GB/shop/home-and-ents/all?department=Party%20%26%20Giftwrap&viewAll=department&page=,£1.50,£0.15/each,Any 5 for 4 Clubcard Price - Cheapest Product Free - Selected Tesco Party ,,/groceries/en-GB/products/308121754,https://digitalcontent.api.tesco.com/v2/media/ghs/ba6850c3-bd12-44e5-81c2-df8decade3c6/12613bcb-4c62-4488-9474-f1e04701a8cd_1982666167.jpeg?h=225&w=225,
310029533,Igloo Colouring Book - Unicorns And More,https://www.tesco.com/groceries/en-GB/shop/home-and-ents/all?department=Party%20%26%20Giftwrap&viewAll=department&page=,£1.00,£1.00/each,Any 5 for 4 Clubcard Price - Cheapest Product Free - Selected Tesco Party ,,/groceries/en-GB/products/310029533,https://digitalcontent.api.tesco.com/v2/media/ghs/fd0e3865-5c56-48f9-818f-cdd6424d1de6/ac275d7f-ab23-4496-ba4d-b9327686ce35_1365341647.jpeg?h=225&w=225,
304466951,Tesco Rainbow 4Oz Bubbles 6 Pack,https://www.tesco.com/groceries/en-GB/shop/home-and-ents/all?department=Party%20%26%20Giftwrap&viewAll=department&page=,£2.00,£0.33/each,Any 5 for 4 Clubcard Price - Cheapest Product Free - Selected Tesco Party ,,/groceries/en-GB/products/304466951,https://digitalcontent.api.tesco.com/v2/media/ghs/f12520f8-1712-4a81-9b66-c1ca05878e96/2d732fa1-7d4d-4af5-9d3e-e59f0e4aa250_1366086615.jpeg?h=225&w=225,
311670787,Hinch Baby Box,https://www.tesco.com/groceries/en-GB/shop/home-and-ents/all?department=Party%20%26%20Giftwrap&viewAll=department&page=,£5.00,£5.00/each,,New,/groceries/en-GB/products/311670787,https://digitalcontent.api.tesco.com/v2/media/ghs/da57c10d-b97f-43e3-960c-6c396e06bb61/acceb120-9464-4b9f-8694-ddacd8c93fbc_1269396923.jpeg?h=225&w=225,
305292198,Bouncy Balls - 10 Pack,https://www.tesco.com/groceries/en-GB/shop/home-and-ents/all?department=Party%20%26%20Giftwrap&viewAll=department&page=,£3.50,£0.35/each,Any 5 for 4 Clubcard Price - Cheapest Product Free - Selected Tesco Party ,,/groceries/en-GB/products/305292198,https://digitalcontent.api.tesco.com/v2/media/ghs/12267b53-d768-4dfd-b03b-e7abc67e0e96/c46b7abb-1783-4623-9a26-7dd0a7d792bf_401555318.jpeg?h=225&w=225,
312089291,Happy Birthday Book,https://www.tesco.com/groceries/en-GB/shop/home-and-ents/all?department=Party%20%26%20Giftwrap&viewAll=department&page=,£3.00,£3.00/each,Any 5 for 4 Clubcard Price - Cheapest Product Free - Selected Tesco Party ,,/groceries/en-GB/products/312089291,https://digitalcontent.api.tesco.com/v2/media/ghs/bafa546d-05af-4007-8d83-d93823dc5f60/eae931ed-02dc-457e-8b2c-3fc1c4bb104d_1074433781.jpeg?h=225&w=225,
312207095,Tesco 3 Pack Mono Bottle Bags,https://www.tesco.com/groceries/en-GB/shop/home-and-ents/all?department=Party%20%26%20Giftwrap&viewAll=department&page=,£2.50,£0.83/each,,New,/groceries/en-GB/products/312207095,https://digitalcontent.api.tesco.com/v2/media/ghs/930432e2-6448-4928-b858-43c56dd7ee50/6ecd8c4f-64cb-4547-8f75-b9f49a3f37eb_1082635930.jpeg?h=225&w=225,
252163098,Tesco Assorted Balloons Pearl 25 Pack,https://www.tesco.com/groceries/en-GB/shop/home-and-ents/all?department=Party%20%26%20Giftwrap&viewAll=department&page=,£2.25,£0.09/each,Any 5 for 4 Clubcard Price - Cheapest Product Free - Selected Tesco Party ,,/groceries/en-GB/products/252163098,https://digitalcontent.api.tesco.com/v2/media/ghs/78f5e61e-4dd3-4357-b18f-f376573168ed/aa2de4fd-c227-4ce9-a4f4-40da10e288d2_289937321.jpeg?h=225&w=225,
308225009,Tesco X2 Multipack Large Bags,https://www.tesco.com/groceries/en-GB/shop/home-and-ents/all?department=Party%20%26%20Giftwrap&viewAll=department&page=,£1.75,£0.88/each,,,/groceries/en-GB/products/308225009,https://digitalcontent.api.tesco.com/v2/media/ghs/76b6f87c-6cd7-4eaf-937f-4ad33d0d256c/78c91f74-59cb-4b07-b2de-7c05ada2fbac_581071637.jpeg?h=225&w=225,
310855712,Swantex Reusable Clear Wine Glass,https://www.tesco.com/groceries/en-GB/shop/home-and-ents/all?department=Party%20%26%20Giftwrap&viewAll=department&page=,£2.00,£2.00/each,,,/groceries/en-GB/products/310855712,https://digitalcontent.api.tesco.com/v2/media/ghs/d6ab74c0-89f0-4fcb-bcd2-56a4054eb271/8e8855ff-54ee-4fdf-8b5c-6426ab9fe265_440978857.jpeg?h=225&w=225,
310855735,Swantex Reusable Clear Champagne Flute,https://www.tesco.com/groceries/en-GB/shop/home-and-ents/all?department=Party%20%26%20Giftwrap&viewAll=department&page=,£2.00,£2.00/each,,,/groceries/en-GB/products/310855735,https://digitalcontent.api.tesco.com/v2/media/ghs/042394ef-acc3-4a87-b4a4-3377f4568d6c/95ebeec2-e4b7-4f52-b273-58ebfe96af3d_546481232.jpeg?h=225&w=225,
310233855,Red Paper Recyclable Cups 16Oz 10 Pack,https://www.tesco.com/groceries/en-GB/shop/home-and-ents/all?department=Party%20%26%20Giftwrap&viewAll=department&page=,£2.50,£0.25/each,,,/groceries/en-GB/products/310233855,https://digitalcontent.api.tesco.com/v2/media/ghs/94c33d49-8423-4ef0-bc37-f24258adcfcb/1f51a34e-5f54-44cf-8afd-7a9b9936f68f_1870483706.jpeg?h=225&w=225,
252163075,Tesco Assorted Balloons 50 Pack,https://www.tesco.com/groceries/en-GB/shop/home-and-ents/all?department=Party%20%26%20Giftwrap&viewAll=department&page=,£2.00,£0.04/each,Any 5 for 4 Clubcard Price - Cheapest Product Free - Selected Tesco Party ,,/groceries/en-GB/products/252163075,https://digitalcontent.api.tesco.com/v2/media/ghs/a4462a86-07c3-40ab-849e-181aeb3e8895/4fb55b44-91aa-4564-adf1-12ef2096b0c9_530329223.jpeg?h=225&w=225,
288615258,Tesco Gold And Silver Candles 12 Pack Assortment,https://www.tesco.com/groceries/en-GB/shop/home-and-ents/all?department=Party%20%26%20Giftwrap&viewAll=department&page=,£1.50,£0.12/each,Any 5 for 4 Clubcard Price - Cheapest Product Free - Selected Tesco Party ,,/groceries/en-GB/products/288615258,https://digitalcontent.api.tesco.com/v2/media/ghs/43e13f18-460b-4950-8b80-9cdbd8b51ae3/735bed6f-4eb8-4eba-8b83-42457e1242af_1486155510.jpeg?h=225&w=225,
309939413,Eco Pink And Yellow Floral Medium Bag,https://www.tesco.com/groceries/en-GB/shop/home-and-ents/all?department=Party%20%26%20Giftwrap&viewAll=department&page=,£1.25,£1.25/each,,,/groceries/en-GB/products/309939413,https://digitalcontent.api.tesco.com/v2/media/ghs/8a7c01c3-9972-4d97-8343-69662b920c76/87b1b6e3-b467-423f-83b1-bc3ae4624206_646164143.jpeg?h=225&w=225,
257693712,Tesco Gold Tissue 3 Sheets,https://www.tesco.com/groceries/en-GB/shop/home-and-ents/all?department=Party%20%26%20Giftwrap&viewAll=department&page=,£1.25,£0.42/each,,,/groceries/en-GB/products/257693712,https://digitalcontent.api.tesco.com/v2/media/ghs/bc50bc06-747d-49d1-aae8-0259fdd6d7f9/c55e554b-01e4-4a83-ad55-f8fd5eb4fdc5_2127692213.jpeg?h=225&w=225,
310707756,Soft Mini Footballs 4 Pack,https://www.tesco.com/groceries/en-GB/shop/home-and-ents/all?department=Party%20%26%20Giftwrap&viewAll=department&page=,£2.00,£0.50/each,Any 5 for 4 Clubcard Price - Cheapest Product Free - Selected Tesco Party ,,/groceries/en-GB/products/310707756,https://digitalcontent.api.tesco.com/v2/media/ghs/f827f5e9-eca9-4805-a921-7d37651bee95/a1c2d86a-db8c-48de-97ce-ae206192b8cc_429260161.jpeg?h=225&w=225,
309700528,Tesco Purple Hearts Medium Bag,https://www.tesco.com/groceries/en-GB/shop/home-and-ents/all?department=Party%20%26%20Giftwrap&viewAll=department&page=,£1.25,£1.25/each,,,/groceries/en-GB/products/309700528,https://digitalcontent.api.tesco.com/v2/media/ghs/38a2494d-a080-4e63-9b3b-8c0a25f22719/c049d9d5-e348-4cce-b4b8-e49868cb354d_1216692438.jpeg?h=225&w=225,
291811436,Light Up Yo-Yo 2 Pack,https://www.tesco.com/groceries/en-GB/shop/home-and-ents/all?department=Party%20%26%20Giftwrap&viewAll=department&page=,£2.00,£1.00/each,Any 5 for 4 Clubcard Price - Cheapest Product Free - Selected Tesco Party ,,/groceries/en-GB/products/291811436,https://digitalcontent.api.tesco.com/v2/media/ghs/214235be-e6d0-47ec-af65-ccf6c277ce38/3b1ebaa6-765d-4f13-b12c-706ef181efee_1960593924.jpeg?h=225&w=225,
310643894,Tesco Reusable Cups Mixed Colours 4 Pack,https://www.tesco.com/groceries/en-GB/shop/home-and-ents/all?department=Party%20%26%20Giftwrap&viewAll=department&page=,£2.00,£0.50/each,,,/groceries/en-GB/products/310643894,https://digitalcontent.api.tesco.com/v2/media/ghs/8f8e0beb-033d-4bc2-a7f6-2dd2042eca3d/2512cf24-bf0d-48c9-aaa7-9590b65fa45e_349810184.jpeg?h=225&w=225,
310647884,Woodland Cup 10 Pack,https://www.tesco.com/groceries/en-GB/shop/home-and-ents/all?department=Party%20%26%20Giftwrap&viewAll=department&page=,£1.50,£0.15/each,Any 5 for 4 Clubcard Price - Cheapest Product Free - Selected Tesco Party ,,/groceries/en-GB/products/310647884,https://digitalcontent.api.tesco.com/v2/media/ghs/ebe582d0-d628-4cc2-bc66-f3f2162fb031/86aa925c-5ad9-4915-aa64-3b15fd2b32d8_1532886819.jpeg?h=225&w=225,
312146961,Tesco Constellation Star Napkin X20,https://www.tesco.com/groceries/en-GB/shop/home-and-ents/all?department=Party%20%26%20Giftwrap&viewAll=department&page=,£1.50,£0.08/each,,,/groceries/en-GB/products/312146961,https://digitalcontent.api.tesco.com/v2/media/ghs/72909ce9-d731-4d66-9333-aaff1f0732bd/f4a15189-d92e-4476-bbb0-a56f871bcba7_1484274678.jpeg?h=225&w=225,
279681382,Party Poppers 50 Pack,https://www.tesco.com/groceries/en-GB/shop/home-and-ents/all?department=Party%20%26%20Giftwrap&viewAll=department&page=,£3.50,£0.07/each,Any 5 for 4 Clubcard Price - Cheapest Product Free - Selected Tesco Party ,,/groceries/en-GB/products/279681382,https://digitalcontent.api.tesco.com/v2/media/ghs/c696e5a6-40cb-4138-ac2f-e1c5b3ad2ff0/73caa9ca-ab62-4279-83a3-be0b8af76887_1658871652.jpeg?h=225&w=225,
311313926,Decorata Party Pink Paper Cups 10 Pack,https://www.tesco.com/groceries/en-GB/shop/home-and-ents/all?department=Party%20%26%20Giftwrap&viewAll=department&page=,£1.50,£0.15/each,Any 5 for 4 Clubcard Price - Cheapest Product Free - Selected Tesco Party ,,/groceries/en-GB/products/311313926,https://digitalcontent.api.tesco.com/v2/media/ghs/74f04e31-92f8-48ed-99aa-3934666bfc7b/5d11a275-1ed2-4ee7-82f2-06d4cc7322de_1963161329.jpeg?h=225&w=225,
308121846,Tesco Unicorn Plate 10 Pack 23Cm,https://www.tesco.com/groceries/en-GB/shop/home-and-ents/all?department=Party%20%26%20Giftwrap&viewAll=department&page=,£1.50,£0.15/each,Any 5 for 4 Clubcard Price - Cheapest Product Free - Selected Tesco Party ,,/groceries/en-GB/products/308121846,https://digitalcontent.api.tesco.com/v2/media/ghs/05a76e26-c2a0-4822-aa28-0de8905ae15f/3f5e56d1-7966-4031-9d64-70fe779eaf32_103311090.jpeg?h=225&w=225,
310643905,Tesco Reusable Plates Mixed Colours 4 Pack,https://www.tesco.com/groceries/en-GB/shop/home-and-ents/all?department=Party%20%26%20Giftwrap&viewAll=department&page=,£2.25,£0.56/each,,,/groceries/en-GB/products/310643905,https://digitalcontent.api.tesco.com/v2/media/ghs/7c22b966-4dc2-4a5e-a095-0cf49add4ad1/5d30f6af-7d9c-4751-ba1d-1781356c7f2b_2139757047.jpeg?h=225&w=225,
308122217,Tesco Bright Rainbow Napkin 20 Pack,https://www.tesco.com/groceries/en-GB/shop/home-and-ents/all?department=Party%20%26%20Giftwrap&viewAll=department&page=,£1.50,£0.08/each,Any 5 for 4 Clubcard Price - Cheapest Product Free - Selected Tesco Party ,,/groceries/en-GB/products/308122217,https://digitalcontent.api.tesco.com/v2/media/ghs/3a02b4be-d9da-4a5d-bbc1-a6d4234514e7/2ec448a0-ae20-4d33-90c8-168104367717_653368879.jpeg?h=225&w=225,
303087531,Rubber Snake,https://www.tesco.com/groceries/en-GB/shop/home-and-ents/all?department=Party%20%26%20Giftwrap&viewAll=department&page=,£1.50,£1.50/each,Any 5 for 4 Clubcard Price - Cheapest Product Free - Selected Tesco Party ,,/groceries/en-GB/products/303087531,https://digitalcontent.api.tesco.com/v2/media/ghs/a1d08749-b2e7-4e24-a23a-11e507c34884/34a495c1-3338-4261-bc93-56c3426f66a1_1087740760.jpeg?h=225&w=225,
310029547,Igloo Activity Book Spot The Difference 4 Pack,https://www.tesco.com/groceries/en-GB/shop/home-and-ents/all?department=Party%20%26%20Giftwrap&viewAll=department&page=,£1.50,£0.38/each,Any 5 for 4 Clubcard Price - Cheapest Product Free - Selected Tesco Party ,,/groceries/en-GB/products/310029547,https://digitalcontent.api.tesco.com/v2/media/ghs/446dd0de-389d-4584-92f3-7cef3c31a3ea/2bdc9aa9-2e1d-4372-8440-c79426017fae_1781324221.jpeg?h=225&w=225,
309899177,Ink Stampers,https://www.tesco.com/groceries/en-GB/shop/home-and-ents/all?department=Party%20%26%20Giftwrap&viewAll=department&page=,£1.50,£1.50/each,Any 5 for 4 Clubcard Price - Cheapest Product Free - Selected Tesco Party ,,/groceries/en-GB/products/309899177,https://digitalcontent.api.tesco.com/v2/media/ghs/fb5f8e32-b5be-4586-87be-b06c499c7a17/2c50c2d3-6561-47b5-9221-68262e2e3186_935612195.jpeg?h=225&w=225,
312089204,Yudu 2Oz Single Pot,https://www.tesco.com/groceries/en-GB/shop/home-and-ents/all?department=Party%20%26%20Giftwrap&viewAll=department&page=,£1.50,£1.50/each,Any 5 for 4 Clubcard Price - Cheapest Product Free - Selected Tesco Party ,,/groceries/en-GB/products/312089204,https://digitalcontent.api.tesco.com/v2/media/ghs/8282494a-0790-4d50-990d-355d5b683543/a720f764-81e6-4b03-9fd7-a79771b975ed_1297844560.jpeg?h=225&w=225,
312110865,Tobar Wooden Twisty Animals,https://www.tesco.com/groceries/en-GB/shop/home-and-ents/all?department=Party%20%26%20Giftwrap&viewAll=department&page=,£1.50,£1.50/each,Any 5 for 4 Clubcard Price - Cheapest Product Free - Selected Tesco Party ,,/groceries/en-GB/products/312110865,https://digitalcontent.api.tesco.com/v2/media/ghs/e39a9a9d-0650-4d11-90d3-2b828563f960/378a6fcd-8054-4c51-8708-8fb0645f5df8_612656471.jpeg?h=225&w=225,
306854212,Tesco Pastel Balloons 10 Pack,https://www.tesco.com/groceries/en-GB/shop/home-and-ents/all?department=Party%20%26%20Giftwrap&viewAll=department&page=,£1.00,£0.10/each,Any 5 for 4 Clubcard Price - Cheapest Product Free - Selected Tesco Party ,,/groceries/en-GB/products/306854212,https://digitalcontent.api.tesco.com/v2/media/ghs/3f2b83c3-05c3-4876-95c3-3b7a45a970ee/0313b75a-c21c-4ade-8409-fb47690f35cc_1007616142.jpeg?h=225&w=225,
312268033,Tesco Red Stripe Napkin 33Cm 3Ply 20 Pack,https://www.tesco.com/groceries/en-GB/shop/home-and-ents/all?department=Party%20%26%20Giftwrap&viewAll=department&page=,£1.50,£0.08/each,,,/groceries/en-GB/products/312268033,https://digitalcontent.api.tesco.com/v2/media/ghs/08a76834-acf0-471b-a758-511e5f2ad41e/dcc54b96-df98-4e45-a1d2-47a5e2442552_1968552064.jpeg?h=225&w=225,
250126215,Tesco Numerical Candle 3,https://www.tesco.com/groceries/en-GB/shop/home-and-ents/all?department=Party%20%26%20Giftwrap&viewAll=department&page=,£0.75,£0.75/each,Any 5 for 4 Clubcard Price - Cheapest Product Free - Selected Tesco Party ,,/groceries/en-GB/products/250126215,https://digitalcontent.api.tesco.com/v2/media/ghs/f78059f6-d456-4b4d-8933-47317c47e394/4fe89e6d-8954-4374-b8c4-f6fbe8470690_309645392.jpeg?h=225&w=225,
250126359,Tesco Numerical Candle 6,https://www.tesco.com/groceries/en-GB/shop/home-and-ents/all?department=Party%20%26%20Giftwrap&viewAll=department&page=,£0.75,£0.75/each,Any 5 for 4 Clubcard Price - Cheapest Product Free - Selected Tesco Party ,,/groceries/en-GB/products/250126359,https://digitalcontent.api.tesco.com/v2/media/ghs/2302a9f1-9614-4f00-a3c4-6c31576a5702/28dc3b1c-d9a7-457d-be96-50c73a5004f7_1220239531.jpeg?h=225&w=225,
250126250,Tesco Numerical Candle 4,https://www.tesco.com/groceries/en-GB/shop/home-and-ents/all?department=Party%20%26%20Giftwrap&viewAll=department&page=,£0.75,£0.75/each,Any 5 for 4 Clubcard Price - Cheapest Product Free - Selected Tesco Party ,,/groceries/en-GB/products/250126250,https://digitalcontent.api.tesco.com/v2/media/ghs/f260544e-dd40-4cc5-9986-34252d0963ee/8c29fc90-e784-4c94-9138-74f5830f06e0_84813520.jpeg?h=225&w=225,
309141170,Tesco Silver Foil Bows 25 pack,https://www.tesco.com/groceries/en-GB/shop/home-and-ents/all?department=Party%20%26%20Giftwrap&viewAll=department&page=,£1.00,£0.04/each,,New,/groceries/en-GB/products/309141170,https://digitalcontent.api.tesco.com/v2/media/ghs/1d10c9ec-cc69-4c09-84e0-7635054401c8/acfdcd50-5837-4c2a-b2d2-88f01885d06d_1094341717.jpeg?h=225&w=225,
309141187,Tesco Gold Foil Bows 25 pack,https://www.tesco.com/groceries/en-GB/shop/home-and-ents/all?department=Party%20%26%20Giftwrap&viewAll=department&page=,£1.00,£0.04/each,,,/groceries/en-GB/products/309141187,https://digitalcontent.api.tesco.com/v2/media/ghs/509be9a1-5e4d-4609-b563-706226016d7a/4c5d0760-f610-43a0-aa1e-c2da8c1f5ae3_1313331577.jpeg?h=225&w=225,
310708473,Tesco Silver Foil Small Bag,https://www.tesco.com/groceries/en-GB/shop/home-and-ents/all?department=Party%20%26%20Giftwrap&viewAll=department&page=,£0.80,£0.80/each,,,/groceries/en-GB/products/310708473,https://digitalcontent.api.tesco.com/v2/media/ghs/374a08e4-48c9-4f2f-8b16-475fc3d9c802/6415cd30-fcff-4fb0-b900-9a8dcc921b36_1647184186.jpeg?h=225&w=225,
308224788,Tesco Kraft Bottle Bag,https://www.tesco.com/groceries/en-GB/shop/home-and-ents/all?department=Party%20%26%20Giftwrap&viewAll=department&page=,£1.00,£1.00/each,,,/groceries/en-GB/products/308224788,https://digitalcontent.api.tesco.com/v2/media/ghs/aeda9f0e-0d24-4a82-8707-7f048e54d8a1/b597d577-702d-47ab-a502-184bd51f9c5e_1743153292.jpeg?h=225&w=225,
310597049,Tesco Pink Foil Bottle Bag,https://www.tesco.com/groceries/en-GB/shop/home-and-ents/all?department=Party%20%26%20Giftwrap&viewAll=department&page=,£1.00,£1.00/each,,,/groceries/en-GB/products/310597049,https://digitalcontent.api.tesco.com/v2/media/ghs/9a990f19-e56f-4d56-b964-2e6a05cb8e1f/726cf9d5-5ccb-4cd1-b54e-639eef2183be_1850073186.jpeg?h=225&w=225,
310708444,Tesco Blue Foil Bottle Bag,https://www.tesco.com/groceries/en-GB/shop/home-and-ents/all?department=Party%20%26%20Giftwrap&viewAll=department&page=,£1.00,£1.00/each,,,/groceries/en-GB/products/310708444,https://digitalcontent.api.tesco.com/v2/media/ghs/85198a5e-5495-4d95-b072-11674320b8b9/6ce15484-e770-4521-9103-d1caeacc6d36_1933323916.jpeg?h=225&w=225,
308122246,Tesco Balloons Plate 10 Pack 23Cm,https://www.tesco.com/groceries/en-GB/shop/home-and-ents/all?department=Party%20%26%20Giftwrap&viewAll=department&page=,£1.50,£0.15/each,Any 5 for 4 Clubcard Price - Cheapest Product Free - Selected Tesco Party ,,/groceries/en-GB/products/308122246,https://digitalcontent.api.tesco.com/v2/media/ghs/c7e9c795-8224-404e-b786-d9d92ef4d375/937c25bc-144d-49ff-8452-bb75e6a968cc_1741918550.jpeg?h=225&w=225,
289497746,Magic Worm,https://www.tesco.com/groceries/en-GB/shop/home-and-ents/all?department=Party%20%26%20Giftwrap&viewAll=department&page=,£1.00,£1.00/each,Any 5 for 4 Clubcard Price - Cheapest Product Free - Selected Tesco Party ,,/groceries/en-GB/products/289497746,https://digitalcontent.api.tesco.com/v2/media/ghs/80b4ed8d-80e7-4495-bbb9-e97359f2adfc/8bf4cfa9-8334-4c2c-a824-b4f44c44cddd_244327383.jpeg?h=225&w=225,
312095156,Snap Cards,https://www.tesco.com/groceries/en-GB/shop/home-and-ents/all?department=Party%20%26%20Giftwrap&viewAll=department&page=,£1.00,£1.00/each,Any 5 for 4 Clubcard Price - Cheapest Product Free - Selected Tesco Party ,,/groceries/en-GB/products/312095156,https://digitalcontent.api.tesco.com/v2/media/ghs/92f0e251-50c0-4f29-a745-ceda71a5d5eb/b7680775-9819-4b63-8d6f-39b039aaed58_1729544643.jpeg?h=225&w=225,
308224759,Tesco Blue Silver Stripe Bottle Bag,https://www.tesco.com/groceries/en-GB/shop/home-and-ents/all?department=Party%20%26%20Giftwrap&viewAll=department&page=,£1.00,£1.00/each,,,/groceries/en-GB/products/308224759,https://digitalcontent.api.tesco.com/v2/media/ghs/b4b41882-ae48-4018-9d78-0c76278e57d7/64ce1169-cab6-4728-a9f6-77e284f73807_2052007623.jpeg?h=225&w=225,
309067148,Tesco Brass Effect Stag Room Decoration,https://www.tesco.com/groceries/en-GB/shop/home-and-ents/all?department=Party%20%26%20Giftwrap&viewAll=department&page=,£5.00,£5.00/each,,,/groceries/en-GB/products/309067148,https://digitalcontent.api.tesco.com/v2/media/ghs/283955f1-5557-4566-957f-8b1a17c9c173/ae99dc36-58c2-4adc-9611-35602904a910_679749722.jpeg?h=225&w=225,
295915716,Bunting Cake Topper,https://www.tesco.com/groceries/en-GB/shop/home-and-ents/all?department=Party%20%26%20Giftwrap&viewAll=department&page=,£3.00,£3.00/each,Any 5 for 4 Clubcard Price - Cheapest Product Free - Selected Tesco Party ,,/groceries/en-GB/products/295915716,https://digitalcontent.api.tesco.com/v2/media/ghs/f706ab9d-b35a-49f4-9f47-f7d3062b70e2/030af9d4-ee5e-41fa-8cdf-8479e6f007c9_38060398.jpeg?h=225&w=225,
308224834,Tesco Kraft Box Large,https://www.tesco.com/groceries/en-GB/shop/home-and-ents/all?department=Party%20%26%20Giftwrap&viewAll=department&page=,£3.00,£3.00/each,,,/groceries/en-GB/products/308224834,https://digitalcontent.api.tesco.com/v2/media/ghs/ca558d21-c856-4775-b2ca-fcd20a38dab9/960c5014-145d-495a-a7cb-04393e6b03d2_22883684.jpeg?h=225&w=225,
308226285,Tesco Silver Star Extra Large Bag,https://www.tesco.com/groceries/en-GB/shop/home-and-ents/all?department=Party%20%26%20Giftwrap&viewAll=department&page=,£2.75,£2.75/each,,,/groceries/en-GB/products/308226285,https://digitalcontent.api.tesco.com/v2/media/ghs/bf7f6411-8d99-4246-bc27-350c0360c31b/b964d09d-2b52-48fa-8c0c-6b634d72fcec_338731953.jpeg?h=225&w=225,
304045608,Swantex Clear Plastic Chip & Dip Platter 30.5Cm Polypropylene,https://www.tesco.com/groceries/en-GB/shop/home-and-ents/all?department=Party%20%26%20Giftwrap&viewAll=department&page=,£3.00,£3.00/each,,,/groceries/en-GB/products/304045608,https://digitalcontent.api.tesco.com/v2/media/ghs/e32f94f7-7738-4d48-a0a8-918125d13196/657ade14-ce38-440c-bb27-9352f65041e4_799039787.jpeg?h=225&w=225,
309065755,Tesco Flocked Penguin Room Decoration,https://www.tesco.com/groceries/en-GB/shop/home-and-ents/all?department=Party%20%26%20Giftwrap&viewAll=department&page=,£5.00,£5.00/each,,New,/groceries/en-GB/products/309065755,https://digitalcontent.api.tesco.com/v2/media/ghs/90176e2e-487d-49d0-b177-043f3c6c9630/82364718-79bb-4072-aa38-9703d65a026c_167294107.jpeg?h=225&w=225,
289637173,Balloon Pump,https://www.tesco.com/groceries/en-GB/shop/home-and-ents/all?department=Party%20%26%20Giftwrap&viewAll=department&page=,£2.25,£2.25/each,Any 5 for 4 Clubcard Price - Cheapest Product Free - Selected Tesco Party ,,/groceries/en-GB/products/289637173,https://digitalcontent.api.tesco.com/v2/media/ghs/0da5fdcf-f37d-49ed-93b3-6891007e72e6/d5e3bd04-c905-4522-b9d6-efe386c69a70_325674390.jpeg?h=225&w=225,
308439079,Fluffy Eye Masks,https://www.tesco.com/groceries/en-GB/shop/home-and-ents/all?department=Party%20%26%20Giftwrap&viewAll=department&page=,£3.00,£3.00/each,Any 5 for 4 Clubcard Price - Cheapest Product Free - Selected Tesco Party ,,/groceries/en-GB/products/308439079,https://digitalcontent.api.tesco.com/v2/media/ghs/3140bdeb-2a16-41b0-92eb-0310117e9307/39dbced0-a129-4f7e-a101-5ec2daf616fe_1841985830.jpeg?h=225&w=225,
304045620,Swantex Plastic Jug Clear Polypropylene,https://www.tesco.com/groceries/en-GB/shop/home-and-ents/all?department=Party%20%26%20Giftwrap&viewAll=department&page=,£2.00,£2.00/each,,,/groceries/en-GB/products/304045620,https://digitalcontent.api.tesco.com/v2/media/ghs/c8e697c6-3f6a-4625-90b7-b6414cf03390/d1262c7f-b82f-45ed-9a7e-c6b5aa940eca_1079031705.jpeg?h=225&w=225,
289194004,Flaming Fountain Clip,https://www.tesco.com/groceries/en-GB/shop/home-and-ents/all?department=Party%20%26%20Giftwrap&viewAll=department&page=,£2.00,£2.00/each,Any 5 for 4 Clubcard Price - Cheapest Product Free - Selected Tesco Party ,,/groceries/en-GB/products/289194004,https://digitalcontent.api.tesco.com/v2/media/ghs/699c853e-d976-4898-8e3e-91ca8d4b5fb8/665ac739-1dc9-42b3-8e2e-28b1d0d3fc32_1159401501.jpeg?h=225&w=225,
308122338,Tesco Blue Ombre Party Bag 10 Pack,https://www.tesco.com/groceries/en-GB/shop/home-and-ents/all?department=Party%20%26%20Giftwrap&viewAll=department&page=,£2.50,£0.25/each,Any 5 for 4 Clubcard Price - Cheapest Product Free - Selected Tesco Party ,,/groceries/en-GB/products/308122338,https://digitalcontent.api.tesco.com/v2/media/ghs/7bed1db8-18d3-4ba3-8261-a4d18936983a/bbc104f2-2695-4c87-a11d-9d67ef7be7fa_1991158733.jpeg?h=225&w=225,
312207057,Tesco Floral 3 Pack Gift Tags,https://www.tesco.com/groceries/en-GB/shop/home-and-ents/all?department=Party%20%26%20Giftwrap&viewAll=department&page=,£1.50,£0.50/each,,New,/groceries/en-GB/products/312207057,https://digitalcontent.api.tesco.com/v2/media/ghs/37216538-ba6c-4b49-a004-39d8d65bc3e5/25398602-d400-458f-aa23-6877dcb9f616_49459094.jpeg?h=225&w=225,
290644779,Tesco Giant Happy Birthday Die Cut Foil Bunting,https://www.tesco.com/groceries/en-GB/shop/home-and-ents/all?department=Party%20%26%20Giftwrap&viewAll=department&page=,£2.00,£2.00/each,Any 5 for 4 Clubcard Price - Cheapest Product Free - Selected Tesco Party ,,/groceries/en-GB/products/290644779,https://digitalcontent.api.tesco.com/v2/media/ghs/0dc66acb-6856-40f7-95cd-fb84528e0562/f9f11195-6821-450f-aa0d-173cf41be9de_2054730302.jpeg?h=225&w=225,
310855758,Reusable Cups,https://www.tesco.com/groceries/en-GB/shop/home-and-ents/all?department=Party%20%26%20Giftwrap&viewAll=department&page=,£2.00,£2.00/each,,,/groceries/en-GB/products/310855758,https://digitalcontent.api.tesco.com/v2/media/ghs/11b68178-de19-4fda-b7fe-ad3a3b406ec1/adde88f7-ad7a-4649-b750-7c6b44ebe9ff_1782918214.jpeg?h=225&w=225,
309946387,Swantex Wine Glass,https://www.tesco.com/groceries/en-GB/shop/home-and-ents/all?department=Party%20%26%20Giftwrap&viewAll=department&page=,£2.00,£2.00/each,,,/groceries/en-GB/products/309946387,https://digitalcontent.api.tesco.com/v2/media/ghs/b3d4ce4d-9d9b-44e3-b8fd-97a2a0123e11/54a1df2d-4b72-40fb-8f4c-022718558d70_69897740.jpeg?h=225&w=225,
310588475,Birthday Boy Rosette Badge,https://www.tesco.com/groceries/en-GB/shop/home-and-ents/all?department=Party%20%26%20Giftwrap&viewAll=department&page=,£1.50,£1.50/each,Any 5 for 4 Clubcard Price - Cheapest Product Free - Selected Tesco Party ,,/groceries/en-GB/products/310588475,https://digitalcontent.api.tesco.com/v2/media/ghs/0a78f468-25ae-4154-b6af-9df03cda20cd/158d7501-e18a-4f91-b16c-fbc3de4fae7a_552796031.jpeg?h=225&w=225,
310588469,Birthday Pink Rosette Badge,https://www.tesco.com/groceries/en-GB/shop/home-and-ents/all?department=Party%20%26%20Giftwrap&viewAll=department&page=,£1.50,£1.50/each,Any 5 for 4 Clubcard Price - Cheapest Product Free - Selected Tesco Party ,,/groceries/en-GB/products/310588469,https://digitalcontent.api.tesco.com/v2/media/ghs/b8281574-46c4-4aa3-98bf-2a3d90e02888/e0fbab66-82a0-47cf-b551-88b93a98d538_691703741.jpeg?h=225&w=225,
308280455,Mini Muddle Puzzle,https://www.tesco.com/groceries/en-GB/shop/home-and-ents/all?department=Party%20%26%20Giftwrap&viewAll=department&page=,£2.25,£2.25/each,Any 5 for 4 Clubcard Price - Cheapest Product Free - Selected Tesco Party ,,/groceries/en-GB/products/308280455,https://digitalcontent.api.tesco.com/v2/media/ghs/60d4b93d-4234-4ff1-96bb-0ea18c594448/b119b16f-4c6e-4a41-a04b-8026b8d8f583_271210164.jpeg?h=225&w=225,
310029527,Igloo Scratch Art - Dinosaur 4 Pack,https://www.tesco.com/groceries/en-GB/shop/home-and-ents/all?department=Party%20%26%20Giftwrap&viewAll=department&page=,£1.50,£0.38/each,Any 5 for 4 Clubcard Price - Cheapest Product Free - Selected Tesco Party ,,/groceries/en-GB/products/310029527,https://digitalcontent.api.tesco.com/v2/media/ghs/d9dd3172-0ceb-4a07-9411-4885f9420998/a53231e1-7a6b-4f08-aab6-2e1301821412_1541988550.jpeg?h=225&w=225,
257693418,Tesco Silver Tissue 3 Sheets,https://www.tesco.com/groceries/en-GB/shop/home-and-ents/all?department=Party%20%26%20Giftwrap&viewAll=department&page=,£1.25,£0.42/each,,,/groceries/en-GB/products/257693418,https://digitalcontent.api.tesco.com/v2/media/ghs/54446061-af51-4c69-b950-400c995cc98f/7cb8bd33-8fb6-4fd8-8254-0e5dd7c78314_247658621.jpeg?h=225&w=225,
308429638,Eco Multi Spot Medium Bag,https://www.tesco.com/groceries/en-GB/shop/home-and-ents/all?department=Party%20%26%20Giftwrap&viewAll=department&page=,£1.25,£1.25/each,,,/groceries/en-GB/products/308429638,https://digitalcontent.api.tesco.com/v2/media/ghs/64215240-3559-4083-b722-4e92c665b0d9/5365e7d1-4c4a-4f40-a31c-347736f341e0_1773085043.jpeg?h=225&w=225,
259422864,Tesco Assorted Balloons 25 Pack,https://www.tesco.com/groceries/en-GB/shop/home-and-ents/all?department=Party%20%26%20Giftwrap&viewAll=department&page=,£1.50,£0.06/each,Any 5 for 4 Clubcard Price - Cheapest Product Free - Selected Tesco Party ,,/groceries/en-GB/products/259422864,https://digitalcontent.api.tesco.com/v2/media/ghs/d4a9907b-06e2-4d57-afaa-413bbb31e841/08939143-7aa9-4700-a727-047bce463b72_417107433.jpeg?h=225&w=225,
301837707,Mesh Ball,https://www.tesco.com/groceries/en-GB/shop/home-and-ents/all?department=Party%20%26%20Giftwrap&viewAll=department&page=,£2.00,£2.00/each,Any 5 for 4 Clubcard Price - Cheapest Product Free - Selected Tesco Party ,,/groceries/en-GB/products/301837707,https://digitalcontent.api.tesco.com/v2/media/ghs/1ab70e5d-2db2-4211-8fcf-e9dd62f10b51/14056352-77ff-4462-be67-6dfcdb57feb4_1207496514.jpeg?h=225&w=225,
310647918,Woodland Table Cover,https://www.tesco.com/groceries/en-GB/shop/home-and-ents/all?department=Party%20%26%20Giftwrap&viewAll=department&page=,£1.75,£1.75/each,Any 5 for 4 Clubcard Price - Cheapest Product Free - Selected Tesco Party ,,/groceries/en-GB/products/310647918,https://digitalcontent.api.tesco.com/v2/media/ghs/3a9932b0-fe10-4c1e-9036-3bedb3f2388b/47ca5595-b888-4887-80a2-56eb0f92657a_2135082464.jpeg?h=225&w=225,
304356626,Crayons Party Bag 6 Pack,https://www.tesco.com/groceries/en-GB/shop/home-and-ents/all?department=Party%20%26%20Giftwrap&viewAll=department&page=,£2.00,£0.33/each,Any 5 for 4 Clubcard Price - Cheapest Product Free - Selected Tesco Party ,,/groceries/en-GB/products/304356626,https://digitalcontent.api.tesco.com/v2/media/ghs/73fe674e-4f6a-4e3a-b0ad-18e02e340159/a77f7591-f1b9-4f69-9b8a-a1285e0e75a6_612616459.jpeg?h=225&w=225,
305154909,Fun Sandy Floss Sand,https://www.tesco.com/groceries/en-GB/shop/home-and-ents/all?department=Party%20%26%20Giftwrap&viewAll=department&page=,£2.00,£2.00/each,Any 5 for 4 Clubcard Price - Cheapest Product Free - Selected Tesco Party ,,/groceries/en-GB/products/305154909,https://digitalcontent.api.tesco.com/v2/media/ghs/9f0c80b6-9e67-490a-8218-f124c0c726d1/f8767db0-c8a0-44d2-998f-99923e65e869_722520602.jpeg?h=225&w=225,
281384610,Tesco Age 30 Balloons 6 Pack,https://www.tesco.com/groceries/en-GB/shop/home-and-ents/all?department=Party%20%26%20Giftwrap&viewAll=department&page=,£1.50,£0.25/each,Any 5 for 4 Clubcard Price - Cheapest Product Free - Selected Tesco Party ,,/groceries/en-GB/products/281384610,https://digitalcontent.api.tesco.com/v2/media/ghs/459c079e-e70e-44ab-b8a1-bf671f3624e1/6f410708-da33-42cf-99d9-91a3bf48ee51_1034038444.jpeg?h=225&w=225,
310647849,Tesco Space Napkin 20 Pack,https://www.tesco.com/groceries/en-GB/shop/home-and-ents/all?department=Party%20%26%20Giftwrap&viewAll=department&page=,£1.50,£0.08/each,Any 5 for 4 Clubcard Price - Cheapest Product Free - Selected Tesco Party ,,/groceries/en-GB/products/310647849,https://digitalcontent.api.tesco.com/v2/media/ghs/361d962d-45c3-4c68-b88f-6cc2f5ce127e/9c877986-7375-456d-bba7-35612c6b40b4_1754189450.jpeg?h=225&w=225,
308122275,Tesco Balloons Hat 10 Pack,https://www.tesco.com/groceries/en-GB/shop/home-and-ents/all?department=Party%20%26%20Giftwrap&viewAll=department&page=,£1.50,£0.15/each,Any 5 for 4 Clubcard Price - Cheapest Product Free - Selected Tesco Party ,,/groceries/en-GB/products/308122275,https://digitalcontent.api.tesco.com/v2/media/ghs/f9c1f502-b7ba-450c-a645-c07ed0415ead/71a579ae-9f93-4a76-a0a3-52a89437bd92_1734901360.jpeg?h=225&w=225,
310040795,Tesco Silver Tags 5 Pack,https://www.tesco.com/groceries/en-GB/shop/home-and-ents/all?department=Party%20%26%20Giftwrap&viewAll=department&page=,£1.00,£0.20/each,,,/groceries/en-GB/products/310040795,https://digitalcontent.api.tesco.com/v2/media/ghs/7cddec44-93ee-4581-95e0-fb6c15ce1880/3fbee7a4-f250-4e20-889c-956fe1a13a74_2103924667.jpeg?h=225&w=225,
308121989,Tesco Blue Ombre Plate 10 Pack 23Cm,https://www.tesco.com/groceries/en-GB/shop/home-and-ents/all?department=Party%20%26%20Giftwrap&viewAll=department&page=,£1.50,£0.15/each,Any 5 for 4 Clubcard Price - Cheapest Product Free - Selected Tesco Party ,,/groceries/en-GB/products/308121989,https://digitalcontent.api.tesco.com/v2/media/ghs/80cbc011-4e16-4892-b93d-92ce2df53d13/2806efd7-23fb-4041-9064-0aa8e2f3e281_160245673.jpeg?h=225&w=225,
302172731,Tesco Happy Birthday Candle Blue,https://www.tesco.com/groceries/en-GB/shop/home-and-ents/all?department=Party%20%26%20Giftwrap&viewAll=department&page=,£1.50,£1.50/each,Any 5 for 4 Clubcard Price - Cheapest Product Free - Selected Tesco Party ,,/groceries/en-GB/products/302172731,https://digitalcontent.api.tesco.com/v2/media/ghs/66420627-175b-4d57-a35f-ffb1a58618b7/ffb831c2-c0f7-4bf0-ad52-c83243c4aaab_837657857.jpeg?h=225&w=225,
306775530,Tesco Kraft Real Shredded Tissue,https://www.tesco.com/groceries/en-GB/shop/home-and-ents/all?department=Party%20%26%20Giftwrap&viewAll=department&page=,£1.00,£1.00/each,,,/groceries/en-GB/products/306775530,https://digitalcontent.api.tesco.com/v2/media/ghs/1f87ae98-342b-4516-8468-e863e767bbf0/1411a727-0c51-461a-bba5-3ad72430b0ef_1551260387.jpeg?h=225&w=225,
299223181,Rainbow Putty,https://www.tesco.com/groceries/en-GB/shop/home-and-ents/all?department=Party%20%26%20Giftwrap&viewAll=department&page=,£1.50,£1.50/each,Any 5 for 4 Clubcard Price - Cheapest Product Free - Selected Tesco Party ,,/groceries/en-GB/products/299223181,https://digitalcontent.api.tesco.com/v2/media/ghs/6bcec59d-1624-4af4-aa84-fa0f3da83532/cbf2a136-775e-4ed3-b2f4-fac8d1d2091e_263159139.jpeg?h=225&w=225,
309899148,Magic Sketcher,https://www.tesco.com/groceries/en-GB/shop/home-and-ents/all?department=Party%20%26%20Giftwrap&viewAll=department&page=,£1.50,£1.50/each,Any 5 for 4 Clubcard Price - Cheapest Product Free - Selected Tesco Party ,,/groceries/en-GB/products/309899148,https://digitalcontent.api.tesco.com/v2/media/ghs/574e1381-313d-49fc-8be4-114cf7e32033/0019c226-bdf6-4d58-a000-94f52bedb7b8_1880219501.jpeg?h=225&w=225,
311932942,Unicorn & Dino Storybooks 4 Pack,https://www.tesco.com/groceries/en-GB/shop/home-and-ents/all?department=Party%20%26%20Giftwrap&viewAll=department&page=,£1.50,£0.38/each,Any 5 for 4 Clubcard Price - Cheapest Product Free - Selected Tesco Party ,,/groceries/en-GB/products/311932942,https://digitalcontent.api.tesco.com/v2/media/ghs/5deb22d1-7cc7-4cb9-9002-1fd6ea203059/93ed96a1-f2ac-4bcf-8803-ebdbb43b8373_674482878.jpeg?h=225&w=225,
253988368,Tesco Royal Blue Tissue 5 Sheets,https://www.tesco.com/groceries/en-GB/shop/home-and-ents/all?department=Party%20%26%20Giftwrap&viewAll=department&page=,£0.80,£0.80/each,,,/groceries/en-GB/products/253988368,https://digitalcontent.api.tesco.com/v2/media/ghs/e53a888f-9b10-4fea-ae21-6db47424693e/344a2c61-f84e-42a7-bdbc-6e153baa384f_937711779.jpeg?h=225&w=225,
309222040,Tesco Napkins Kraft 33Cm 2Ply 25Pk,https://www.tesco.com/groceries/en-GB/shop/home-and-ents/all?department=Party%20%26%20Giftwrap&viewAll=department&page=,£1.00,£0.04/each,,,/groceries/en-GB/products/309222040,https://digitalcontent.api.tesco.com/v2/media/ghs/edf39b92-c43b-4ade-9f25-90e1b0b2ef23/3374e834-cac2-4042-8d61-b218b45068b5_888865360.jpeg?h=225&w=225,
308224742,Tesco Rose Gold Stripe Bottle Bag,https://www.tesco.com/groceries/en-GB/shop/home-and-ents/all?department=Party%20%26%20Giftwrap&viewAll=department&page=,£1.00,£1.00/each,,,/groceries/en-GB/products/308224742,https://digitalcontent.api.tesco.com/v2/media/ghs/e9ccc5ae-7ca5-4066-a7af-34547c2772ea/bd31cfb1-d05b-40cb-99e0-fdf7b109023d_1528423677.jpeg?h=225&w=225,
250126365,Tesco Numerical Candle 7,https://www.tesco.com/groceries/en-GB/shop/home-and-ents/all?department=Party%20%26%20Giftwrap&viewAll=department&page=,£0.75,£0.75/each,Any 5 for 4 Clubcard Price - Cheapest Product Free - Selected Tesco Party ,,/groceries/en-GB/products/250126365,https://digitalcontent.api.tesco.com/v2/media/ghs/f2e19754-940f-4673-9ed4-536588c88bf9/5ce3040f-b7f5-4483-84b1-abe904a4e09c_1118864705.jpeg?h=225&w=225,
250126394,Tesco Numerical Candle 8,https://www.tesco.com/groceries/en-GB/shop/home-and-ents/all?department=Party%20%26%20Giftwrap&viewAll=department&page=,£0.75,£0.75/each,Any 5 for 4 Clubcard Price - Cheapest Product Free - Selected Tesco Party ,,/groceries/en-GB/products/250126394,https://digitalcontent.api.tesco.com/v2/media/ghs/0bd1ffbb-9fa5-4826-b2fe-580de3f35d37/3c1edb2d-5be0-4d62-a59e-95b5dbeaf59b_623889687.jpeg?h=225&w=225,
308122056,Tesco Superhero Plate 10 Pack 23Cm,https://www.tesco.com/groceries/en-GB/shop/home-and-ents/all?department=Party%20%26%20Giftwrap&viewAll=department&page=,£1.50,£0.15/each,Any 5 for 4 Clubcard Price - Cheapest Product Free - Selected Tesco Party ,,/groceries/en-GB/products/308122056,https://digitalcontent.api.tesco.com/v2/media/ghs/aad6690b-fb69-4145-bdc3-0b75a4c652b1/a1ac9621-e7a0-40e4-8a70-d2c44a6afff7_1751755459.jpeg?h=225&w=225,
308121685,Tesco Pink Ombre Plate 10 Pack 23Cm,https://www.tesco.com/groceries/en-GB/shop/home-and-ents/all?department=Party%20%26%20Giftwrap&viewAll=department&page=,£1.50,£0.15/each,Any 5 for 4 Clubcard Price - Cheapest Product Free - Selected Tesco Party ,,/groceries/en-GB/products/308121685,https://digitalcontent.api.tesco.com/v2/media/ghs/2e4fa094-dc4e-4c48-95e1-86f9404156c3/67ca6350-be68-4efc-94df-ef4558bae0ae_1313057212.jpeg?h=225&w=225,
310647901,Woodland Plate 10 Pack 23Cm,https://www.tesco.com/groceries/en-GB/shop/home-and-ents/all?department=Party%20%26%20Giftwrap&viewAll=department&page=,£1.50,£0.15/each,Any 5 for 4 Clubcard Price - Cheapest Product Free - Selected Tesco Party ,,/groceries/en-GB/products/310647901,https://digitalcontent.api.tesco.com/v2/media/ghs/7a3f07e7-e2c3-42bf-b5e6-63a21b9082aa/0fd76b1a-a802-4831-8250-64774079237c_2037963197.jpeg?h=225&w=225,
309059509,"Tesco 200 Mfunction Warm White Lights  - Mains Powered, Suitable For Indoor And Outdoor Use (Approx 19.9M)",https://www.tesco.com/groceries/en-GB/shop/home-and-ents/all?department=Party%20%26%20Giftwrap&viewAll=department&page=,£12.00,£12.00/each,£8.00 Clubcard Price,,/groceries/en-GB/products/309059509,https://digitalcontent.api.tesco.com/v2/media/ghs/b4a910b7-8f26-44d6-a466-22b4dd830f87/c6bbb705-b1e8-4091-8796-d3303052dfdf_511824504.jpeg?h=225&w=225,
295346099,Chalk Board,https://www.tesco.com/groceries/en-GB/shop/home-and-ents/all?department=Party%20%26%20Giftwrap&viewAll=department&page=,£4.00,£4.00/each,Any 5 for 4 Clubcard Price - Cheapest Product Free - Selected Tesco Party ,,/groceries/en-GB/products/295346099,https://digitalcontent.api.tesco.com/v2/media/ghs/7b39bd83-f81f-4a25-aeca-ea43c717b18b/3d463420-7734-4302-89a4-bd11b946603f_333878543.jpeg?h=225&w=225,
310773653,Create Your Own Unicorn Party Pack,https://www.tesco.com/groceries/en-GB/shop/home-and-ents/all?department=Party%20%26%20Giftwrap&viewAll=department&page=,£4.00,£4.00/each,Any 5 for 4 Clubcard Price - Cheapest Product Free - Selected Tesco Party ,,/groceries/en-GB/products/310773653,https://digitalcontent.api.tesco.com/v2/media/ghs/c7a6ce37-ef4e-44f3-9ad7-cc8ea6ad6940/e4b562b1-7bd0-4956-9861-2ee9339abcb9_416225349.jpeg?h=225&w=225,
276763146,Illooms Marble Balloons - 5 Pack,https://www.tesco.com/groceries/en-GB/shop/home-and-ents/all?department=Party%20%26%20Giftwrap&viewAll=department&page=,£3.50,£0.70/each,Any 5 for 4 Clubcard Price - Cheapest Product Free - Selected Tesco Party ,,/groceries/en-GB/products/276763146,https://digitalcontent.api.tesco.com/v2/media/ghs/6d227ba1-2c9b-4c74-b01d-d54ffa4e677b/f027760b-94e9-416c-aa4b-b893df8e5dc9_861904016.jpeg?h=225&w=225,
282445445,Party Wacky String,https://www.tesco.com/groceries/en-GB/shop/home-and-ents/all?department=Party%20%26%20Giftwrap&viewAll=department&page=,£3.00,£3.00/each,Any 5 for 4 Clubcard Price - Cheapest Product Free - Selected Tesco Party ,,/groceries/en-GB/products/282445445,https://digitalcontent.api.tesco.com/v2/media/ghs/26f7a6af-2893-49a8-8b7d-7240e9a82bf3/abe354af-2ad9-4887-baf2-38a3a14353fa_1958696641.jpeg?h=225&w=225,
310759613,Fidget Track Assorted,https://www.tesco.com/groceries/en-GB/shop/home-and-ents/all?department=Party%20%26%20Giftwrap&viewAll=department&page=,£3.50,£3.50/each,Any 5 for 4 Clubcard Price - Cheapest Product Free - Selected Tesco Party ,,/groceries/en-GB/products/310759613,https://digitalcontent.api.tesco.com/v2/media/ghs/3eece7b3-682e-409a-88e8-2e35c0bffee8/3b824635-6698-460b-831c-2d05aafa22a7_313656858.jpeg?h=225&w=225,
306775789,Tesco Blue Silver Stripe Bag Xlarge,https://www.tesco.com/groceries/en-GB/shop/home-and-ents/all?department=Party%20%26%20Giftwrap&viewAll=department&page=,£2.25,£2.25/each,,,/groceries/en-GB/products/306775789,https://digitalcontent.api.tesco.com/v2/media/ghs/51b632af-798f-44a1-8096-985597e295ce/c42777e6-636b-4d6b-af08-b351fca252da_1588007557.jpeg?h=225&w=225,
310588498,Tesco Blue Happy Birthday Bunting,https://www.tesco.com/groceries/en-GB/shop/home-and-ents/all?department=Party%20%26%20Giftwrap&viewAll=department&page=,£2.00,£2.00/each,Any 5 for 4 Clubcard Price - Cheapest Product Free - Selected Tesco Party ,,/groceries/en-GB/products/310588498,https://digitalcontent.api.tesco.com/v2/media/ghs/65cda7cb-78ae-44f6-927e-463b7bd634c7/345376a3-f55b-43e4-8e16-7a330a1516f6_1460986966.jpeg?h=225&w=225,
312572907,Tobar Mega Bounce Ball,https://www.tesco.com/groceries/en-GB/shop/home-and-ents/all?department=Party%20%26%20Giftwrap&viewAll=department&page=,£3.00,£3.00/each,Any 5 for 4 Clubcard Price - Cheapest Product Free - Selected Tesco Party ,,/groceries/en-GB/products/312572907,https://digitalcontent.api.tesco.com/v2/media/ghs/b6091cee-22b6-4d59-8dd5-a9bd433b55c8/27ec50be-8062-44e4-bc82-82f502df1710_654887771.jpeg?h=225&w=225,
293554011,Hand Puppets Assorted,https://www.tesco.com/groceries/en-GB/shop/home-and-ents/all?department=Party%20%26%20Giftwrap&viewAll=department&page=,£3.00,£3.00/each,Any 5 for 4 Clubcard Price - Cheapest Product Free - Selected Tesco Party ,,/groceries/en-GB/products/293554011,https://digitalcontent.api.tesco.com/v2/media/ghs/ef853d5e-5588-4676-b85f-39877e3df7dc/b306cb9d-2e3b-4b08-bee2-918ddb7207a8_82075426.jpeg?h=225&w=225,
312350148,Gyrobots Transformers,https://www.tesco.com/groceries/en-GB/shop/home-and-ents/all?department=Party%20%26%20Giftwrap&viewAll=department&page=,£3.00,£3.00/each,Any 5 for 4 Clubcard Price - Cheapest Product Free - Selected Tesco Party ,,/groceries/en-GB/products/312350148,https://digitalcontent.api.tesco.com/v2/media/ghs/08054082-d159-4f74-8808-3407b0e9d306/11e49c6d-68f9-47ef-9ecf-cae1b8e08301_247120658.jpeg?h=225&w=225,
312458816,Tesco Birthday Gift Bags Multipack,https://www.tesco.com/groceries/en-GB/shop/home-and-ents/all?department=Party%20%26%20Giftwrap&viewAll=department&page=,£2.00,£0.67/each,,New,/groceries/en-GB/products/312458816,https://digitalcontent.api.tesco.com/v2/media/ghs/a7c5e3bb-82e7-4f98-887d-0d4715a31c7f/79bdb7f0-95a5-4e1f-b92d-1ee8e2e13906_1227750652.jpeg?h=225&w=225,
312102506,Talking Tables Pudding Party Poppers 8 Pk.,https://www.tesco.com/groceries/en-GB/shop/home-and-ents/all?department=Party%20%26%20Giftwrap&viewAll=department&page=,£2.50,£0.31/each,,New,/groceries/en-GB/products/312102506,https://digitalcontent.api.tesco.com/v2/media/ghs/a6ee21bc-9d51-4601-8f9b-dd7003ef0bfa/ed0192c3-052a-4148-b50c-44fd2a36cade_574302657.jpeg?h=225&w=225,
290887641,Tesco Football Candles,https://www.tesco.com/groceries/en-GB/shop/home-and-ents/all?department=Party%20%26%20Giftwrap&viewAll=department&page=,£2.00,£2.00/each,Any 5 for 4 Clubcard Price - Cheapest Product Free - Selected Tesco Party ,,/groceries/en-GB/products/290887641,https://digitalcontent.api.tesco.com/v2/media/ghs/65647121-04af-442c-a4af-4871155c465e/808f1602-86cf-4c61-b4dc-69ce897be7c4_981873671.jpeg?h=225&w=225,
310708542,Tesco Silver Foil Large Bag,https://www.tesco.com/groceries/en-GB/shop/home-and-ents/all?department=Party%20%26%20Giftwrap&viewAll=department&page=,£1.75,£1.75/each,,,/groceries/en-GB/products/310708542,https://digitalcontent.api.tesco.com/v2/media/ghs/cf675330-93d1-46f6-a74b-7b48264ace2c/4b8f5669-4cbe-465f-ab8f-cffa0cab6f88_1247632620.jpeg?h=225&w=225,
306854229,Tesco Marble Candles 12Pack,https://www.tesco.com/groceries/en-GB/shop/home-and-ents/all?department=Party%20%26%20Giftwrap&viewAll=department&page=,£2.00,£0.17/each,Any 5 for 4 Clubcard Price - Cheapest Product Free - Selected Tesco Party ,,/groceries/en-GB/products/306854229,https://digitalcontent.api.tesco.com/v2/media/ghs/a6ad2a82-c003-4bfe-8549-3acd7c76af52/b5a5776b-4510-4b0f-8d80-a2954f49a160_1868273298.jpeg?h=225&w=225,
310712824,Pea Popper Key Ring 4 Pack,https://www.tesco.com/groceries/en-GB/shop/home-and-ents/all?department=Party%20%26%20Giftwrap&viewAll=department&page=,£2.25,£0.56/each,Any 5 for 4 Clubcard Price - Cheapest Product Free - Selected Tesco Party ,,/groceries/en-GB/products/310712824,https://digitalcontent.api.tesco.com/v2/media/ghs/d6577cf1-16d7-4573-a712-4440154afa18/cf01dcdf-d924-4222-abe4-589be500382c_839865636.jpeg?h=225&w=225,
308122049,Football Cup 10 Pack,https://www.tesco.com/groceries/en-GB/shop/home-and-ents/all?department=Party%20%26%20Giftwrap&viewAll=department&page=,£1.50,£0.15/each,Any 5 for 4 Clubcard Price - Cheapest Product Free - Selected Tesco Party ,,/groceries/en-GB/products/308122049,https://digitalcontent.api.tesco.com/v2/media/ghs/205c0f72-95a5-4896-b2eb-2cde0290b040/46747fbb-7b22-42bb-92a8-1eb12833f429_1060105216.jpeg?h=225&w=225,
304972461,Tesco White Embedded Tissue 3 Pack,https://www.tesco.com/groceries/en-GB/shop/home-and-ents/all?department=Party%20%26%20Giftwrap&viewAll=department&page=,£1.25,£0.42/each,,,/groceries/en-GB/products/304972461,https://digitalcontent.api.tesco.com/v2/media/ghs/51778b97-7ce0-417a-bbfe-7b892753fdc0/cde35c31-d468-4075-b70e-ee25c59df226_430177003.jpeg?h=225&w=225,
310643977,Tesco Pastel Rainbow Stars Table Cover,https://www.tesco.com/groceries/en-GB/shop/home-and-ents/all?department=Party%20%26%20Giftwrap&viewAll=department&page=,£1.75,£1.75/each,Any 5 for 4 Clubcard Price - Cheapest Product Free - Selected Tesco Party ,,/groceries/en-GB/products/310643977,https://digitalcontent.api.tesco.com/v2/media/ghs/6f93cdc6-2f7e-472e-83f5-14399a602ec1/52924a1f-b1e3-4101-b0e2-fafb442febaf_1126527101.jpeg?h=225&w=225,
306854189,Sugar Rush Scented Cloud Sand,https://www.tesco.com/groceries/en-GB/shop/home-and-ents/all?department=Party%20%26%20Giftwrap&viewAll=department&page=,£2.00,£2.00/each,Any 5 for 4 Clubcard Price - Cheapest Product Free - Selected Tesco Party ,,/groceries/en-GB/products/306854189,https://digitalcontent.api.tesco.com/v2/media/ghs/933465e0-d627-48ec-91bd-0b2edcce0845/301ed2c0-238f-4e20-9f2d-eb78db6ae57f_97047267.jpeg?h=225&w=225,
312228467,Brain Teasers Puzzle Snake,https://www.tesco.com/groceries/en-GB/shop/home-and-ents/all?department=Party%20%26%20Giftwrap&viewAll=department&page=,£2.00,£2.00/each,Any 5 for 4 Clubcard Price - Cheapest Product Free - Selected Tesco Party ,,/groceries/en-GB/products/312228467,https://digitalcontent.api.tesco.com/v2/media/ghs/42c712a2-f15d-4098-a3ce-8a5f740da332/c44db78e-a490-4634-9a93-b2e2786cd309_107031111.jpeg?h=225&w=225,
311942348,Lil Shark Aqua Hoops,https://www.tesco.com/groceries/en-GB/shop/home-and-ents/all?department=Party%20%26%20Giftwrap&viewAll=department&page=,£2.00,£2.00/each,Any 5 for 4 Clubcard Price - Cheapest Product Free - Selected Tesco Party ,,/groceries/en-GB/products/311942348,https://digitalcontent.api.tesco.com/v2/media/ghs/55721e49-8fdb-4fc0-94f3-cbf90193b1a4/602e72c1-40e8-42c1-80de-b9421c7c138b_558804463.jpeg?h=225&w=225,
310588354,Tesco Birthday Boy Banner,https://www.tesco.com/groceries/en-GB/shop/home-and-ents/all?department=Party%20%26%20Giftwrap&viewAll=department&page=,£1.25,£1.25/each,Any 5 for 4 Clubcard Price - Cheapest Product Free - Selected Tesco Party ,,/groceries/en-GB/products/310588354,https://digitalcontent.api.tesco.com/v2/media/ghs/bd2ace3a-b72a-4289-a9e1-aaf31d759f63/3332937d-75ed-433d-9dbc-0784cb84d118_1553530314.jpeg?h=225&w=225,
281384593,Tesco Age 18 Balloons 6 Pack,https://www.tesco.com/groceries/en-GB/shop/home-and-ents/all?department=Party%20%26%20Giftwrap&viewAll=department&page=,£1.50,£0.25/each,Any 5 for 4 Clubcard Price - Cheapest Product Free - Selected Tesco Party ,,/groceries/en-GB/products/281384593,https://digitalcontent.api.tesco.com/v2/media/ghs/23e2833e-410c-47be-8802-13341584faf1/snapshotimagehandler_467338722.jpeg?h=225&w=225,
312207043,Tesco Metallic Paper Bow Pack,https://www.tesco.com/groceries/en-GB/shop/home-and-ents/all?department=Party%20%26%20Giftwrap&viewAll=department&page=,£1.50,£1.50/each,,New,/groceries/en-GB/products/312207043,https://digitalcontent.api.tesco.com/v2/media/ghs/76b7f7d3-2db7-4be0-a65b-13bd08a5edd9/a0bea80c-3635-417c-8269-d120e5361c4f_1888380623.jpeg?h=225&w=225,
309680395,Tesco Fabric White Curly Bow,https://www.tesco.com/groceries/en-GB/shop/home-and-ents/all?department=Party%20%26%20Giftwrap&viewAll=department&page=,£1.50,£1.50/each,,,/groceries/en-GB/products/309680395,https://digitalcontent.api.tesco.com/v2/media/ghs/aa3ac1db-c639-4a40-aaa6-39e121892152/52b7ad3e-1559-4371-856e-b869806b9cd5_2107020689.jpeg?h=225&w=225,
310040772,Tesco Multicolour Tags 10 Pack,https://www.tesco.com/groceries/en-GB/shop/home-and-ents/all?department=Party%20%26%20Giftwrap&viewAll=department&page=,£1.00,£0.10/each,,,/groceries/en-GB/products/310040772,https://digitalcontent.api.tesco.com/v2/media/ghs/4f045245-e165-4aee-95ba-90f7ca1817e4/8c39c732-50b0-4428-9a63-70e4575cfacf_512560321.jpeg?h=225&w=225,
310588348,Tesco Birthday Girl Banner,https://www.tesco.com/groceries/en-GB/shop/home-and-ents/all?department=Party%20%26%20Giftwrap&viewAll=department&page=,£1.25,£1.25/each,Any 5 for 4 Clubcard Price - Cheapest Product Free - Selected Tesco Party ,,/groceries/en-GB/products/310588348,https://digitalcontent.api.tesco.com/v2/media/ghs/41255aa5-f501-4ce2-ab7c-debe17236ee8/0a396a2c-6e44-4420-a98a-c69416abfe18_385602197.jpeg?h=225&w=225,
290724161,Tesco Patterned Candle Blue 12 Pack,https://www.tesco.com/groceries/en-GB/shop/home-and-ents/all?department=Party%20%26%20Giftwrap&viewAll=department&page=,£1.50,£0.12/each,Any 5 for 4 Clubcard Price - Cheapest Product Free - Selected Tesco Party ,,/groceries/en-GB/products/290724161,https://digitalcontent.api.tesco.com/v2/media/ghs/8860ec84-5d83-496f-8a37-44b2c60d4425/3ec50900-38ac-4ea7-b78c-8ff98bb8f5eb_1772603269.jpeg?h=225&w=225,
310704068,Star Garland,https://www.tesco.com/groceries/en-GB/shop/home-and-ents/all?department=Party%20%26%20Giftwrap&viewAll=department&page=,£1.50,£1.50/each,Any 5 for 4 Clubcard Price - Cheapest Product Free - Selected Tesco Party ,,/groceries/en-GB/products/310704068,https://digitalcontent.api.tesco.com/v2/media/ghs/b9394d30-7ce8-43b8-82b6-5a943657d322/91c8a47a-7e3a-4285-b867-1820d2cdcc38_1980931477.jpeg?h=225&w=225,
281682211,Tesco Silver Balloons 10 Pack,https://www.tesco.com/groceries/en-GB/shop/home-and-ents/all?department=Party%20%26%20Giftwrap&viewAll=department&page=,£1.25,£0.12/each,Any 5 for 4 Clubcard Price - Cheapest Product Free - Selected Tesco Party ,,/groceries/en-GB/products/281682211,https://digitalcontent.api.tesco.com/v2/media/ghs/7385d1e5-abc5-41d7-993e-194d40ec67ff/3b9048b8-e833-4699-8a3d-c0e3b30d5d03_748199044.jpeg?h=225&w=225,
310647878,Watercolour Plate 10 Pack 23Cm,https://www.tesco.com/groceries/en-GB/shop/home-and-ents/all?department=Party%20%26%20Giftwrap&viewAll=department&page=,£1.50,£0.15/each,Any 5 for 4 Clubcard Price - Cheapest Product Free - Selected Tesco Party ,,/groceries/en-GB/products/310647878,https://digitalcontent.api.tesco.com/v2/media/ghs/867cd20b-28ef-467e-889d-74711f08dc13/356687ca-786e-4d3f-bea7-3892fbf43c80_1662915269.jpeg?h=225&w=225,
308122102,Tesco Dinosaur Plate 10 Pack 23Cm,https://www.tesco.com/groceries/en-GB/shop/home-and-ents/all?department=Party%20%26%20Giftwrap&viewAll=department&page=,£1.50,£0.15/each,Any 5 for 4 Clubcard Price - Cheapest Product Free - Selected Tesco Party ,,/groceries/en-GB/products/308122102,https://digitalcontent.api.tesco.com/v2/media/ghs/4f80ded8-84be-432e-9647-88ac4f9a8af3/c1f5ea0b-67d0-453a-bdb8-9beefa34620e_1219175019.jpeg?h=225&w=225,
308122062,Tesco Superhero Napkin 20 Pack,https://www.tesco.com/groceries/en-GB/shop/home-and-ents/all?department=Party%20%26%20Giftwrap&viewAll=department&page=,£1.50,£0.08/each,Any 5 for 4 Clubcard Price - Cheapest Product Free - Selected Tesco Party ,,/groceries/en-GB/products/308122062,https://digitalcontent.api.tesco.com/v2/media/ghs/2a2026f0-4bf2-4ff6-91f4-e347f2e16d38/f76b5f90-8605-4d66-96b4-e2e9aabd163c_553049670.jpeg?h=225&w=225,
294515108,Tesco Happy B Day Balloons Blue 10 Pack,https://www.tesco.com/groceries/en-GB/shop/home-and-ents/all?department=Party%20%26%20Giftwrap&viewAll=department&page=,£1.25,£0.12/each,Any 5 for 4 Clubcard Price - Cheapest Product Free - Selected Tesco Party ,,/groceries/en-GB/products/294515108,https://digitalcontent.api.tesco.com/v2/media/ghs/119685b2-8c3f-4389-865d-1b26f7004afd/cc4b8d85-8bfe-4b01-bd53-95fe5a61f074_2017534444.jpeg?h=225&w=225,
305166399,Activity Fun Pad 4 Pack,https://www.tesco.com/groceries/en-GB/shop/home-and-ents/all?department=Party%20%26%20Giftwrap&viewAll=department&page=,£1.50,£0.38/each,Any 5 for 4 Clubcard Price - Cheapest Product Free - Selected Tesco Party ,,/groceries/en-GB/products/305166399,https://digitalcontent.api.tesco.com/v2/media/ghs/ecdbf2d8-3681-4244-8cd3-2900b882d2d8/64be8ee1-29f5-4d9b-8d0c-fc64d83472d7_1142187509.jpeg?h=225&w=225,
250126405,Tesco Numerical Candle 9,https://www.tesco.com/groceries/en-GB/shop/home-and-ents/all?department=Party%20%26%20Giftwrap&viewAll=department&page=,£0.75,£0.75/each,Any 5 for 4 Clubcard Price - Cheapest Product Free - Selected Tesco Party ,,/groceries/en-GB/products/250126405,https://digitalcontent.api.tesco.com/v2/media/ghs/21599af2-a0ce-4f5c-8a63-1245a430ec71/f50e1551-bd98-4954-9c55-184998d7b462_1892229789.jpeg?h=225&w=225,
308225142,Tesco Pastel And Gold Spot Bottle Bag,https://www.tesco.com/groceries/en-GB/shop/home-and-ents/all?department=Party%20%26%20Giftwrap&viewAll=department&page=,£1.00,£1.00/each,,,/groceries/en-GB/products/308225142,https://digitalcontent.api.tesco.com/v2/media/ghs/a46ab7b0-3ec9-43ce-aa5c-8e7eecb6410b/69043de0-05e7-4d32-8177-5415724ccb4e_1055166810.jpeg?h=225&w=225,
312222709,Jokes & Gags Fidget Mega Pack,https://www.tesco.com/groceries/en-GB/shop/home-and-ents/all?department=Party%20%26%20Giftwrap&viewAll=department&page=,£8.00,£8.00/each,Any 5 for 4 Clubcard Price - Cheapest Product Free - Selected Tesco Party ,,/groceries/en-GB/products/312222709,https://digitalcontent.api.tesco.com/v2/media/ghs/84416ae1-87dd-46da-91a4-ef98f39acc81/780a38b9-0d70-4605-a3e6-f10f73590550_1111320534.jpeg?h=225&w=225,
309067239,Tesco Red Berry Circle Wreath Hanging Decoration,https://www.tesco.com/groceries/en-GB/shop/home-and-ents/all?department=Party%20%26%20Giftwrap&viewAll=department&page=,£6.00,£6.00/each,,,/groceries/en-GB/products/309067239,https://digitalcontent.api.tesco.com/v2/media/ghs/50d9a9ae-d355-491f-a419-4829840aaa14/78009e39-bdcd-4b70-b9ef-b15e1030c192_765745487.jpeg?h=225&w=225,
303906796,Tesco Cup Cake Stand,https://www.tesco.com/groceries/en-GB/shop/home-and-ents/all?department=Party%20%26%20Giftwrap&viewAll=department&page=,£4.00,£4.00/each,Any 5 for 4 Clubcard Price - Cheapest Product Free - Selected Tesco Party ,,/groceries/en-GB/products/303906796,https://digitalcontent.api.tesco.com/v2/media/ghs/71bc54ef-0925-4b75-a967-844ac1d24f46/198e1c4f-e604-4f07-bbfe-6dc878fbcdda_397881339.jpeg?h=225&w=225,
310647826,Tesco Red Reusable Table Cover,https://www.tesco.com/groceries/en-GB/shop/home-and-ents/all?department=Party%20%26%20Giftwrap&viewAll=department&page=,£6.00,£6.00/each,Any 5 for 4 Clubcard Price - Cheapest Product Free - Selected Tesco Party ,,/groceries/en-GB/products/310647826,https://digitalcontent.api.tesco.com/v2/media/ghs/a5a0c19a-d5d7-4503-b02d-059500bb9350/320322b3-199a-4807-af5e-0890a40610c6_1897029783.jpeg?h=225&w=225,
309576916,Link Balloon Arch Kit 30 Balloons,https://www.tesco.com/groceries/en-GB/shop/home-and-ents/all?department=Party%20%26%20Giftwrap&viewAll=department&page=,£4.00,£0.13/each,Any 5 for 4 Clubcard Price - Cheapest Product Free - Selected Tesco Party ,,/groceries/en-GB/products/309576916,https://digitalcontent.api.tesco.com/v2/media/ghs/7396156c-3d81-49b2-939c-c075998e4392/7495db3a-c80b-4a10-9e21-8bd6a83baa87_695510544.jpeg?h=225&w=225,
310703962,Rainbow Scallop Fan Gardland,https://www.tesco.com/groceries/en-GB/shop/home-and-ents/all?department=Party%20%26%20Giftwrap&viewAll=department&page=,£3.50,£3.50/each,Any 5 for 4 Clubcard Price - Cheapest Product Free - Selected Tesco Party ,,/groceries/en-GB/products/310703962,https://digitalcontent.api.tesco.com/v2/media/ghs/ed5136b9-a6f2-474f-a77b-2eddcc24ee2c/30e7baf3-2ee1-4d0e-add3-4915a7c7a9eb_1570450022.jpeg?h=225&w=225,
279951224,Silver & Gold Cone Poppers 10 Pack,https://www.tesco.com/groceries/en-GB/shop/home-and-ents/all?department=Party%20%26%20Giftwrap&viewAll=department&page=,£2.50,£0.25/each,Any 5 for 4 Clubcard Price - Cheapest Product Free - Selected Tesco Party ,,/groceries/en-GB/products/279951224,https://digitalcontent.api.tesco.com/v2/media/ghs/d87d4b18-d90c-4aeb-92a0-51462eac9228/8d0acc3f-b0ed-415a-ab50-b938fb3bf5d6_1193947219.jpeg?h=225&w=225,
310704097,Woodland Pom Pom Hanging Decorations,https://www.tesco.com/groceries/en-GB/shop/home-and-ents/all?department=Party%20%26%20Giftwrap&viewAll=department&page=,£2.50,£0.83/each,Any 5 for 4 Clubcard Price - Cheapest Product Free - Selected Tesco Party ,,/groceries/en-GB/products/310704097,https://digitalcontent.api.tesco.com/v2/media/ghs/6c36bd9e-62aa-4130-ad2b-2bee2dedecff/d0d8a7f8-9324-499f-8cfe-d7a3510acfa5_1631037565.jpeg?h=225&w=225,
310588515,Tesco Giant Happy Birthday Banner,https://www.tesco.com/groceries/en-GB/shop/home-and-ents/all?department=Party%20%26%20Giftwrap&viewAll=department&page=,£2.00,£2.00/each,Any 5 for 4 Clubcard Price - Cheapest Product Free - Selected Tesco Party ,,/groceries/en-GB/products/310588515,https://digitalcontent.api.tesco.com/v2/media/ghs/f9c530c9-4521-46e5-bfd1-963d2ecf19bc/f244fddd-773f-490b-824d-a87ab44f5b1e_645423551.jpeg?h=225&w=225,
310708415,Tesco Reusable Maxi Bowl Assorted,https://www.tesco.com/groceries/en-GB/shop/home-and-ents/all?department=Party%20%26%20Giftwrap&viewAll=department&page=,£2.00,£2.00/each,,,/groceries/en-GB/products/310708415,https://digitalcontent.api.tesco.com/v2/media/ghs/38e970ab-c156-4fa8-9804-71cc4b56d4b1/c38d85be-fc77-4db5-8eb9-e511085fa0e8_1538721227.jpeg?h=225&w=225,
308224926,Tesco Kraft Large Bag,https://www.tesco.com/groceries/en-GB/shop/home-and-ents/all?department=Party%20%26%20Giftwrap&viewAll=department&page=,£1.75,£1.75/each,,,/groceries/en-GB/products/308224926,https://digitalcontent.api.tesco.com/v2/media/ghs/7877f09d-7038-4c73-904f-3a9c067e1171/ec0b2c99-b880-4990-96e2-bcd089956a0b_232168712.jpeg?h=225&w=225,
309946456,Eco Green And Blue Stripe Large Bag,https://www.tesco.com/groceries/en-GB/shop/home-and-ents/all?department=Party%20%26%20Giftwrap&viewAll=department&page=,£1.75,£1.75/each,,,/groceries/en-GB/products/309946456,https://digitalcontent.api.tesco.com/v2/media/ghs/dd9b77e4-e49a-4680-8ab4-837d3b8c2d59/18b31bc5-8ba9-4cf7-af4e-309952a69810_1203178407.jpeg?h=225&w=225,
310708559,Tesco Multicoloured Stripe Large Bag,https://www.tesco.com/groceries/en-GB/shop/home-and-ents/all?department=Party%20%26%20Giftwrap&viewAll=department&page=,£1.75,£1.75/each,,,/groceries/en-GB/products/310708559,https://digitalcontent.api.tesco.com/v2/media/ghs/f7613a74-4b1a-4d5e-ac46-199de8fea861/94799529-50d4-4eef-b3b3-be4ccd0fd044_1936754137.jpeg?h=225&w=225,
309939429,Eco Pink And Yellow Floral Large Bag,https://www.tesco.com/groceries/en-GB/shop/home-and-ents/all?department=Party%20%26%20Giftwrap&viewAll=department&page=,£1.75,£1.75/each,,,/groceries/en-GB/products/309939429,https://digitalcontent.api.tesco.com/v2/media/ghs/54d67da2-ebcf-4349-bbd5-1e056661c56c/06ef89cc-8e84-4df5-9cb3-35bff0001b6c_1244065623.jpeg?h=225&w=225,
309509449,Tesco Unicorn Stationery Bumper Pack 18 Pack,https://www.tesco.com/groceries/en-GB/shop/home-and-ents/all?department=Party%20%26%20Giftwrap&viewAll=department&page=,£3.00,£0.17/each,Any 5 for 4 Clubcard Price - Cheapest Product Free - Selected Tesco Party ,,/groceries/en-GB/products/309509449,https://digitalcontent.api.tesco.com/v2/media/ghs/26cf7dc5-b5e1-4829-9f7e-6af2357b41e4/4e1486bd-e90a-430c-ba70-e4994da60dbf_1319843574.jpeg?h=225&w=225,
310708527,Hinch Grey A Little Something Medium Bag,https://www.tesco.com/groceries/en-GB/shop/home-and-ents/all?department=Party%20%26%20Giftwrap&viewAll=department&page=,£1.50,£1.50/each,,,/groceries/en-GB/products/310708527,https://digitalcontent.api.tesco.com/v2/media/ghs/42c75fe4-5440-4348-9d24-a1f7bab2debb/eac22a5c-dd38-4f4a-9798-73401fbacc0e_987656091.jpeg?h=225&w=225,
309509456,Tesco Football Stationery Bumper Pack 18 Pack,https://www.tesco.com/groceries/en-GB/shop/home-and-ents/all?department=Party%20%26%20Giftwrap&viewAll=department&page=,£3.00,£0.17/each,Any 5 for 4 Clubcard Price - Cheapest Product Free - Selected Tesco Party ,,/groceries/en-GB/products/309509456,https://digitalcontent.api.tesco.com/v2/media/ghs/88e6ab12-4d46-4b25-a03e-5513d53acd10/e2ecdac1-1db0-407c-b1a0-0b64ae68f74f_712222345.jpeg?h=225&w=225,
306854097,Hanging Stars Decoration,https://www.tesco.com/groceries/en-GB/shop/home-and-ents/all?department=Party%20%26%20Giftwrap&viewAll=department&page=,£2.00,£2.00/each,Any 5 for 4 Clubcard Price - Cheapest Product Free - Selected Tesco Party ,,/groceries/en-GB/products/306854097,https://digitalcontent.api.tesco.com/v2/media/ghs/88ddd80b-8f7d-42a6-a485-c6b45e42efd4/f24c759a-19e8-47c6-aeb5-865bbf231644_32903172.jpeg?h=225&w=225,
308121783,Tesco Safari Animals Table Cover,https://www.tesco.com/groceries/en-GB/shop/home-and-ents/all?department=Party%20%26%20Giftwrap&viewAll=department&page=,£1.75,£1.75/each,Any 5 for 4 Clubcard Price - Cheapest Product Free - Selected Tesco Party ,,/groceries/en-GB/products/308121783,https://digitalcontent.api.tesco.com/v2/media/ghs/a50f1ecb-d0cf-480e-a384-663466b06da2/bc2e880d-bb57-44a7-ba52-1f666cce898d_1778161464.jpeg?h=225&w=225,
308225021,Tesco Gold Hearts Medium Bag,https://www.tesco.com/groceries/en-GB/shop/home-and-ents/all?department=Party%20%26%20Giftwrap&viewAll=department&page=,£1.25,£1.25/each,,,/groceries/en-GB/products/308225021,https://digitalcontent.api.tesco.com/v2/media/ghs/4f86ab74-650b-4a32-aa89-715af07dbf0c/d0a25bde-9ed2-438f-b520-d676a173db39_65803852.jpeg?h=225&w=225,
310588596,Rainbow Rosette Badge,https://www.tesco.com/groceries/en-GB/shop/home-and-ents/all?department=Party%20%26%20Giftwrap&viewAll=department&page=,£1.50,£1.50/each,Any 5 for 4 Clubcard Price - Cheapest Product Free - Selected Tesco Party ,,/groceries/en-GB/products/310588596,https://digitalcontent.api.tesco.com/v2/media/ghs/48413407-d169-470a-870d-0fa60ca92b32/b360118b-645d-4e3a-bf58-db4735359912_1306992645.jpeg?h=225&w=225,
309899160,Mini Ball Game,https://www.tesco.com/groceries/en-GB/shop/home-and-ents/all?department=Party%20%26%20Giftwrap&viewAll=department&page=,£2.00,£2.00/each,Any 5 for 4 Clubcard Price - Cheapest Product Free - Selected Tesco Party ,,/groceries/en-GB/products/309899160,https://digitalcontent.api.tesco.com/v2/media/ghs/4a4d0250-4919-40bf-86dc-29b2ff953f6d/03e2a598-b9c5-46ca-9119-679e28f01703_202420549.jpeg?h=225&w=225,
309899154,Character Click And Catch,https://www.tesco.com/groceries/en-GB/shop/home-and-ents/all?department=Party%20%26%20Giftwrap&viewAll=department&page=,£2.00,£2.00/each,Any 5 for 4 Clubcard Price - Cheapest Product Free - Selected Tesco Party ,,/groceries/en-GB/products/309899154,https://digitalcontent.api.tesco.com/v2/media/ghs/72f9ec8d-0017-4c2c-9de0-d3106145dddb/45c9357e-dc52-4f3a-8fff-c770d4ce017f_2006584375.jpeg?h=225&w=225,
308750821,Rainbow Bouncy Putty,https://www.tesco.com/groceries/en-GB/shop/home-and-ents/all?department=Party%20%26%20Giftwrap&viewAll=department&page=,£2.00,£2.00/each,Any 5 for 4 Clubcard Price - Cheapest Product Free - Selected Tesco Party ,,/groceries/en-GB/products/308750821,https://digitalcontent.api.tesco.com/v2/media/ghs/60358058-8f8b-4780-a80c-6afd44d20ec2/c5743262-43da-426d-a0df-57e4b89e33ec_1423245927.jpeg?h=225&w=225,
281384627,Tesco Age 40 Balloons 6 Pack,https://www.tesco.com/groceries/en-GB/shop/home-and-ents/all?department=Party%20%26%20Giftwrap&viewAll=department&page=,£1.50,£0.25/each,Any 5 for 4 Clubcard Price - Cheapest Product Free - Selected Tesco Party ,,/groceries/en-GB/products/281384627,https://digitalcontent.api.tesco.com/v2/media/ghs/5fd3bd70-1b9c-4c7a-80b2-6880114e0b14/07531587-e9ca-464d-a8d8-7832b07fa559_1780021459.jpeg?h=225&w=225,
281384633,Tesco Age 50 Balloons 6 Pack,https://www.tesco.com/groceries/en-GB/shop/home-and-ents/all?department=Party%20%26%20Giftwrap&viewAll=department&page=,£1.50,£0.25/each,Any 5 for 4 Clubcard Price - Cheapest Product Free - Selected Tesco Party ,,/groceries/en-GB/products/281384633,https://digitalcontent.api.tesco.com/v2/media/ghs/fa29f539-6335-4da2-bebe-b43a7f1cb4ae/snapshotimagehandler_1179038195.jpeg?h=225&w=225,
310749648,Eco Woodland Animals Medium Bag,https://www.tesco.com/groceries/en-GB/shop/home-and-ents/all?department=Party%20%26%20Giftwrap&viewAll=department&page=,£1.25,£1.25/each,,,/groceries/en-GB/products/310749648,https://digitalcontent.api.tesco.com/v2/media/ghs/bdfba021-24ea-457f-b4eb-2480a8cae7ac/596905db-5c6b-4347-82d7-1a7b0b95fe5a_1301803165.jpeg?h=225&w=225,
312146984,Tesco Art Deco Napkin 33Cm 3Ply 20 Pack,https://www.tesco.com/groceries/en-GB/shop/home-and-ents/all?department=Party%20%26%20Giftwrap&viewAll=department&page=,£1.50,£0.08/each,,,/groceries/en-GB/products/312146984,https://digitalcontent.api.tesco.com/v2/media/ghs/38aae49d-4225-4a72-8b2c-e3a090c4a3cd/084dfbb9-63ca-4e0b-b49b-5fc9580dd8a5_769937962.jpeg?h=225&w=225,
310835195,Pastel Rainbow Napkin 20 Pack,https://www.tesco.com/groceries/en-GB/shop/home-and-ents/all?department=Party%20%26%20Giftwrap&viewAll=department&page=,£1.50,£0.08/each,Any 5 for 4 Clubcard Price - Cheapest Product Free - Selected Tesco Party ,,/groceries/en-GB/products/310835195,https://digitalcontent.api.tesco.com/v2/media/ghs/2d5928ec-cec0-4f3d-b9ee-b4e8d80c0fce/dd46e399-a5f6-4628-956f-5134eb38ec61_1946876323.jpeg?h=225&w=225,
308121852,Tesco Unicorn Napkin 20 Pack,https://www.tesco.com/groceries/en-GB/shop/home-and-ents/all?department=Party%20%26%20Giftwrap&viewAll=department&page=,£1.50,£0.08/each,Any 5 for 4 Clubcard Price - Cheapest Product Free - Selected Tesco Party ,,/groceries/en-GB/products/308121852,https://digitalcontent.api.tesco.com/v2/media/ghs/87e0f932-ef6c-42db-b264-5f9c62dc834a/b44d40bf-5857-4fdb-80fd-0b7da570fc04_1793056390.jpeg?h=225&w=225,
310040829,Tesco Kraft Tags 5 Pack,https://www.tesco.com/groceries/en-GB/shop/home-and-ents/all?department=Party%20%26%20Giftwrap&viewAll=department&page=,£1.00,£0.20/each,,,/groceries/en-GB/products/310040829,https://digitalcontent.api.tesco.com/v2/media/ghs/0633a7e4-8c85-4503-96ab-f5f000dd3cda/035f8629-7d4a-4b87-9c4f-0d43ff6aa881_1483989268.jpeg?h=225&w=225,
312146667,Tesco Constellation Star Plate 10 Pack,https://www.tesco.com/groceries/en-GB/shop/home-and-ents/all?department=Party%20%26%20Giftwrap&viewAll=department&page=,£1.50,£0.15/each,,,/groceries/en-GB/products/312146667,https://digitalcontent.api.tesco.com/v2/media/ghs/6997d7a6-888c-4b20-9026-3d7d944da2a8/64740033-341d-4d0f-9924-4f666224a1ee_321547171.jpeg?h=225&w=225,
287202558,Number 0 Cake Sparkler,https://www.tesco.com/groceries/en-GB/shop/home-and-ents/all?department=Party%20%26%20Giftwrap&viewAll=department&page=,£1.25,£1.25/each,Any 5 for 4 Clubcard Price - Cheapest Product Free - Selected Tesco Party ,,/groceries/en-GB/products/287202558,https://digitalcontent.api.tesco.com/v2/media/ghs/0ac1e9ff-ef49-4c5a-85b9-6765dc7ee741/0d5e08a1-ee20-4ff8-bf98-929d0aa6ad0b_1022045068.jpeg?h=225&w=225,
287202570,Number 2 Cake Sparkler,https://www.tesco.com/groceries/en-GB/shop/home-and-ents/all?department=Party%20%26%20Giftwrap&viewAll=department&page=,£1.25,£1.25/each,Any 5 for 4 Clubcard Price - Cheapest Product Free - Selected Tesco Party ,,/groceries/en-GB/products/287202570,https://digitalcontent.api.tesco.com/v2/media/ghs/68511005-c806-4bb3-bdc2-1e2d1fe79831/88faf4ae-5871-4def-803b-576609205c03_506485854.jpeg?h=225&w=225,
308122119,Tesco Dinosaur Napkin 20 Pack,https://www.tesco.com/groceries/en-GB/shop/home-and-ents/all?department=Party%20%26%20Giftwrap&viewAll=department&page=,£1.50,£0.08/each,Any 5 for 4 Clubcard Price - Cheapest Product Free - Selected Tesco Party ,,/groceries/en-GB/products/308122119,https://digitalcontent.api.tesco.com/v2/media/ghs/5fc7b4fb-06b3-4201-8ab0-0300322470eb/aa783689-296c-4dcb-b23f-816fdb931638_1932936628.jpeg?h=225&w=225,
276809670,Tesco Pearlised Balloons 10 Pack,https://www.tesco.com/groceries/en-GB/shop/home-and-ents/all?department=Party%20%26%20Giftwrap&viewAll=department&page=,£1.25,£0.12/each,Any 5 for 4 Clubcard Price - Cheapest Product Free - Selected Tesco Party ,,/groceries/en-GB/products/276809670,https://digitalcontent.api.tesco.com/v2/media/ghs/748e70e5-16d0-4e69-9774-2f8afec59a9a/1b251e41-b439-48a4-85cb-0f47c3519e12_861720219.jpeg?h=225&w=225,
285456600,Tesco Caterpillar Balloons 6 Pack,https://www.tesco.com/groceries/en-GB/shop/home-and-ents/all?department=Party%20%26%20Giftwrap&viewAll=department&page=,£1.25,£0.21/each,Any 5 for 4 Clubcard Price - Cheapest Product Free - Selected Tesco Party ,,/groceries/en-GB/products/285456600,https://digitalcontent.api.tesco.com/v2/media/ghs/50d5207b-2f33-40da-ac7e-3bbb5954880e/1cb04c16-054b-4118-9c86-5b30d48ebf82_785379143.jpeg?h=225&w=225,
306854241,Tesco Crystal Balloons 10 Pack,https://www.tesco.com/groceries/en-GB/shop/home-and-ents/all?department=Party%20%26%20Giftwrap&viewAll=department&page=,£1.25,£1.25/each,Any 5 for 4 Clubcard Price - Cheapest Product Free - Selected Tesco Party ,,/groceries/en-GB/products/306854241,https://digitalcontent.api.tesco.com/v2/media/ghs/11628312-b35b-4c2b-b818-3cd2fc78c34c/c8c6d78c-6712-4f63-bd06-874c5fafe16e_1267641064.jpeg?h=225&w=225,
310647890,Woodland Napkin 20 Pack,https://www.tesco.com/groceries/en-GB/shop/home-and-ents/all?department=Party%20%26%20Giftwrap&viewAll=department&page=,£1.50,£0.08/each,Any 5 for 4 Clubcard Price - Cheapest Product Free - Selected Tesco Party ,,/groceries/en-GB/products/310647890,https://digitalcontent.api.tesco.com/v2/media/ghs/0d4cb69b-b0d4-4607-a104-fb86995c767c/d6adc4d8-5a42-478c-9a00-d37bf14f50aa_2076375769.jpeg?h=225&w=225,
308122125,Party Tesco Dinosaur Table Cover,https://www.tesco.com/groceries/en-GB/shop/home-and-ents/all?department=Party%20%26%20Giftwrap&viewAll=department&page=,£1.75,£1.75/each,Any 5 for 4 Clubcard Price - Cheapest Product Free - Selected Tesco Party ,,/groceries/en-GB/products/308122125,https://digitalcontent.api.tesco.com/v2/media/ghs/6acd055a-e90b-46ba-ad31-18ba498a3619/ccf477a7-8509-485d-9803-56cb268508f3_1436522608.jpeg?h=225&w=225,
307952289,Tesco Balloons Candles - 5 Pack,https://www.tesco.com/groceries/en-GB/shop/home-and-ents/all?department=Party%20%26%20Giftwrap&viewAll=department&page=,£1.50,£0.30/each,Any 5 for 4 Clubcard Price - Cheapest Product Free - Selected Tesco Party ,,/groceries/en-GB/products/307952289,https://digitalcontent.api.tesco.com/v2/media/ghs/f669a85c-aec6-4a07-bc10-610eadc631a8/9bfaf8cf-0c65-4fb4-9c64-68fea5030b17_904098236.jpeg?h=225&w=225,
310668980,Make Your Own Medals 3 Pack,https://www.tesco.com/groceries/en-GB/shop/home-and-ents/all?department=Party%20%26%20Giftwrap&viewAll=department&page=,£1.50,£0.50/each,Any 5 for 4 Clubcard Price - Cheapest Product Free - Selected Tesco Party ,,/groceries/en-GB/products/310668980,https://digitalcontent.api.tesco.com/v2/media/ghs/cc41654e-0c8c-4278-869b-1869fa17feef/af69be78-5b7c-48c0-b24d-2236f24ae4ca_379153974.jpeg?h=225&w=225,
259422841,"Tesco Red, White & Blue Balloons 10 Pack",https://www.tesco.com/groceries/en-GB/shop/home-and-ents/all?department=Party%20%26%20Giftwrap&viewAll=department&page=,£1.00,£0.10/each,Any 5 for 4 Clubcard Price - Cheapest Product Free - Selected Tesco Party ,,/groceries/en-GB/products/259422841,https://digitalcontent.api.tesco.com/v2/media/ghs/64058021-dc65-457e-bad1-0944952434d0/40c3268a-2297-4555-8a36-d806cfe4ef0c_2070280787.jpeg?h=225&w=225,
310847857,Tesco Colour In Party Bag 10 Pack,https://www.tesco.com/groceries/en-GB/shop/home-and-ents/all?department=Party%20%26%20Giftwrap&viewAll=department&page=,£2.00,£0.20/each,Any 5 for 4 Clubcard Price - Cheapest Product Free - Selected Tesco Party ,,/groceries/en-GB/products/310847857,https://digitalcontent.api.tesco.com/v2/media/ghs/1a662c6c-9f15-45dd-892a-ec450e4c7902/5aaad6bc-ce3f-4f98-a9e2-2e7744321d1c_2106180402.jpeg?h=225&w=225,
309680504,Tesco Fabric Ribbon White,https://www.tesco.com/groceries/en-GB/shop/home-and-ents/all?department=Party%20%26%20Giftwrap&viewAll=department&page=,£1.00,£1.00/each,,,/groceries/en-GB/products/309680504,https://digitalcontent.api.tesco.com/v2/media/ghs/76628cc5-b506-474c-b211-2334032a8f45/533de962-f8a8-4dd8-9b88-fd455048f003_1809651972.jpeg?h=225&w=225,
310647786,Tesco Balloons Invite 10 Pack,https://www.tesco.com/groceries/en-GB/shop/home-and-ents/all?department=Party%20%26%20Giftwrap&viewAll=department&page=,£1.00,£0.10/each,Any 5 for 4 Clubcard Price - Cheapest Product Free - Selected Tesco Party ,,/groceries/en-GB/products/310647786,https://digitalcontent.api.tesco.com/v2/media/ghs/884c0a73-3b90-4a96-9d8c-c3091a272ef6/4c4b08fe-59ca-4047-9480-6e18658b244e_1865422665.jpeg?h=225&w=225,
308122010,Football Table Cover,https://www.tesco.com/groceries/en-GB/shop/home-and-ents/all?department=Party%20%26%20Giftwrap&viewAll=department&page=,£1.75,£1.75/each,Any 5 for 4 Clubcard Price - Cheapest Product Free - Selected Tesco Party ,,/groceries/en-GB/products/308122010,https://digitalcontent.api.tesco.com/v2/media/ghs/0331be29-597c-4602-8288-1c0369c81d43/e4a8f7ff-edc7-4f81-9cb6-7bb45116d073_352699327.jpeg?h=225&w=225,
309059439,"Tesco 100 Red Berry Lights - Mains Powered, Suitable For Indoor And Outdoor Use (Approx 10.4M)",https://www.tesco.com/groceries/en-GB/shop/home-and-ents/all?department=Party%20%26%20Giftwrap&viewAll=department&page=,£12.00,£12.00/each,£8.00 Clubcard Price,,/groceries/en-GB/products/309059439,https://digitalcontent.api.tesco.com/v2/media/ghs/45f813b3-e72f-41ae-8a1f-0dbd8d94ed45/87fa189d-17ad-4644-98e4-e23a46585f83_2113661263.jpeg?h=225&w=225,
287362949,Illooms Happy Birthday Balloons - 15Pk,https://www.tesco.com/groceries/en-GB/shop/home-and-ents/all?department=Party%20%26%20Giftwrap&viewAll=department&page=,£8.00,£0.53/each,Any 5 for 4 Clubcard Price - Cheapest Product Free - Selected Tesco Party ,,/groceries/en-GB/products/287362949,https://digitalcontent.api.tesco.com/v2/media/ghs/fbeffe4d-f102-4a7a-9862-58e6d4202834/dd7233a0-a38f-410b-81fb-06abd1a0aa91_388559522.jpeg?h=225&w=225,
309059446,"Tesco 100 White Crackle Berry Lights - Mains Powered, Suitable For Indoor And Outdoor Use (Approx 10.4M)",https://www.tesco.com/groceries/en-GB/shop/home-and-ents/all?department=Party%20%26%20Giftwrap&viewAll=department&page=,£12.00,£12.00/each,£8.00 Clubcard Price,,/groceries/en-GB/products/309059446,https://digitalcontent.api.tesco.com/v2/media/ghs/d81511a3-fe19-460f-8763-d4266e0e20c4/c4f0a5be-7a5f-4daa-b646-27b0f59f3e06_213095315.jpeg?h=225&w=225,
309642913,Celebration Party Box 8 People,https://www.tesco.com/groceries/en-GB/shop/home-and-ents/all?department=Party%20%26%20Giftwrap&viewAll=department&page=,£6.00,£0.07/each,Any 5 for 4 Clubcard Price - Cheapest Product Free - Selected Tesco Party ,,/groceries/en-GB/products/309642913,https://digitalcontent.api.tesco.com/v2/media/ghs/491cd91d-85d1-4355-b1b8-cd72841c2c01/ef746e69-7aec-498e-b18b-14fcecee19d0_576888225.jpeg?h=225&w=225,
306875331,Only Fools & Horses Mug & Socks,https://www.tesco.com/groceries/en-GB/shop/home-and-ents/all?department=Party%20%26%20Giftwrap&viewAll=department&page=,£8.00,£8.00/each,,,/groceries/en-GB/products/306875331,https://digitalcontent.api.tesco.com/v2/media/ghs/9ef7b9ff-37d5-4a4e-8595-92d73297d79b/bf18fc93-f530-4efa-8331-5c188ce9b6ff_1549788463.jpeg?h=225&w=225,
310773808,Hinch Accessory Pack,https://www.tesco.com/groceries/en-GB/shop/home-and-ents/all?department=Party%20%26%20Giftwrap&viewAll=department&page=,£3.00,£3.00/each,,,/groceries/en-GB/products/310773808,https://digitalcontent.api.tesco.com/v2/media/ghs/7d567ea2-9422-4d36-8c8e-b60116dc351b/05614f5a-8883-4a86-a361-cc4ef4570f09_888457565.jpeg?h=225&w=225,
308386653,Led Bottle Lights,https://www.tesco.com/groceries/en-GB/shop/home-and-ents/all?department=Party%20%26%20Giftwrap&viewAll=department&page=,£4.00,£4.00/each,Any 5 for 4 Clubcard Price - Cheapest Product Free - Selected Tesco Party ,,/groceries/en-GB/products/308386653,https://digitalcontent.api.tesco.com/v2/media/ghs/44f6babc-6fda-4d47-8a73-4fc6ff9a466d/6edd9786-2c70-4029-bf9e-4dd71fefb891_304211546.jpeg?h=225&w=225,
310703870,Mini Fabric Bunting,https://www.tesco.com/groceries/en-GB/shop/home-and-ents/all?department=Party%20%26%20Giftwrap&viewAll=department&page=,£3.00,£3.00/each,Any 5 for 4 Clubcard Price - Cheapest Product Free - Selected Tesco Party ,,/groceries/en-GB/products/310703870,https://digitalcontent.api.tesco.com/v2/media/ghs/f0c0e09c-7d3f-401a-a68f-238675458540/22f9c513-bcf9-4f94-9bf3-672f7e25ffde_1482493727.jpeg?h=225&w=225,
310708640,Tesco Kraft Pastel Spot Extra Large Bag,https://www.tesco.com/groceries/en-GB/shop/home-and-ents/all?department=Party%20%26%20Giftwrap&viewAll=department&page=,£2.25,£2.25/each,,,/groceries/en-GB/products/310708640,https://digitalcontent.api.tesco.com/v2/media/ghs/59ae993c-6aaf-419f-8c62-9fbdbfe42132/ab930cae-462c-4379-b45c-c570562c6071_583382841.jpeg?h=225&w=225,
308429644,Eco Multi Spot Extra Large Bag,https://www.tesco.com/groceries/en-GB/shop/home-and-ents/all?department=Party%20%26%20Giftwrap&viewAll=department&page=,£2.25,£2.25/each,,,/groceries/en-GB/products/308429644,https://digitalcontent.api.tesco.com/v2/media/ghs/466ef391-9c33-4a0f-8900-a084fc0118ee/d94ee4a4-3e6a-49c7-9a34-d3be60d7a107_745998228.jpeg?h=225&w=225,
310703927,Tassel Chandelier,https://www.tesco.com/groceries/en-GB/shop/home-and-ents/all?department=Party%20%26%20Giftwrap&viewAll=department&page=,£3.00,£3.00/each,Any 5 for 4 Clubcard Price - Cheapest Product Free - Selected Tesco Party ,,/groceries/en-GB/products/310703927,https://digitalcontent.api.tesco.com/v2/media/ghs/e30b0c7e-42ed-4a88-9ba9-dc972d9b21e4/8250f3e4-dd10-4372-adb6-59ae137fa7f4_449254288.jpeg?h=225&w=225,
310703887,Gold And Silver Paper Pom Decoration,https://www.tesco.com/groceries/en-GB/shop/home-and-ents/all?department=Party%20%26%20Giftwrap&viewAll=department&page=,£2.50,£0.83/each,Any 5 for 4 Clubcard Price - Cheapest Product Free - Selected Tesco Party ,,/groceries/en-GB/products/310703887,https://digitalcontent.api.tesco.com/v2/media/ghs/278e29bd-5f64-444a-9006-f38b7d608f36/d542f87e-cb1b-4d23-8456-a39a3803b42f_1681650887.jpeg?h=225&w=225,
310588481,Tesco Pink Happy Birthday Bunting,https://www.tesco.com/groceries/en-GB/shop/home-and-ents/all?department=Party%20%26%20Giftwrap&viewAll=department&page=,£2.00,£2.00/each,Any 5 for 4 Clubcard Price - Cheapest Product Free - Selected Tesco Party ,,/groceries/en-GB/products/310588481,https://digitalcontent.api.tesco.com/v2/media/ghs/1af62dc9-a31c-413c-8c52-89b23c55554a/41235e48-4649-4cf8-996d-bf8bb4190faf_1567230844.jpeg?h=225&w=225,
305806583,Rose Gold Flaming Fountain,https://www.tesco.com/groceries/en-GB/shop/home-and-ents/all?department=Party%20%26%20Giftwrap&viewAll=department&page=,£2.00,£2.00/each,Any 5 for 4 Clubcard Price - Cheapest Product Free - Selected Tesco Party ,,/groceries/en-GB/products/305806583,https://digitalcontent.api.tesco.com/v2/media/ghs/90b70f15-9672-4a9a-9d4d-619b5f267af6/89228baa-e274-4312-ada1-fb5c8e344ffb_1834422062.jpeg?h=225&w=225,
309732761,Stripe Candles 12 Pack,https://www.tesco.com/groceries/en-GB/shop/home-and-ents/all?department=Party%20%26%20Giftwrap&viewAll=department&page=,£2.00,£0.17/each,Any 5 for 4 Clubcard Price - Cheapest Product Free - Selected Tesco Party ,,/groceries/en-GB/products/309732761,https://digitalcontent.api.tesco.com/v2/media/ghs/c9c6ada2-c3a9-4def-b490-9ef0b5fec611/6030d153-216e-4e28-9e5d-bb1e5cac6413_1253458239.jpeg?h=225&w=225,
252379839,Tesco Modelling Balloons 20 Pack,https://www.tesco.com/groceries/en-GB/shop/home-and-ents/all?department=Party%20%26%20Giftwrap&viewAll=department&page=,£2.00,£0.10/each,Any 5 for 4 Clubcard Price - Cheapest Product Free - Selected Tesco Party ,,/groceries/en-GB/products/252379839,https://digitalcontent.api.tesco.com/v2/media/ghs/1f5b721d-5729-4f2d-8b21-f607e2f958d8/ef870978-436d-4643-bb3e-1c2e66d771b7_705865983.jpeg?h=225&w=225,
310643871,Tesco Pastel Gold Spot Large Bag,https://www.tesco.com/groceries/en-GB/shop/home-and-ents/all?department=Party%20%26%20Giftwrap&viewAll=department&page=,£1.75,£1.75/each,,,/groceries/en-GB/products/310643871,https://digitalcontent.api.tesco.com/v2/media/ghs/7aaf2a67-5e54-420b-adb9-ef5971526c48/c25e4178-99ad-4bad-8c21-2e496937c264_929335260.jpeg?h=225&w=225,
309899125,Wooden Wheels,https://www.tesco.com/groceries/en-GB/shop/home-and-ents/all?department=Party%20%26%20Giftwrap&viewAll=department&page=,£2.50,£2.50/each,Any 5 for 4 Clubcard Price - Cheapest Product Free - Selected Tesco Party ,,/groceries/en-GB/products/309899125,https://digitalcontent.api.tesco.com/v2/media/ghs/eab0f6bc-c02b-472f-afbd-a5c2c538c1cb/89bc9976-964a-4251-8e53-33bd4604a4a8_1643601936.jpeg?h=225&w=225,
310773797,Hinch Bows & Tags,https://www.tesco.com/groceries/en-GB/shop/home-and-ents/all?department=Party%20%26%20Giftwrap&viewAll=department&page=,£2.00,£2.00/each,,,/groceries/en-GB/products/310773797,https://digitalcontent.api.tesco.com/v2/media/ghs/3746eff3-8c30-4c51-9b20-e26c5f475917/e1d6c977-bd4d-4d37-8ef0-0cad0c54b95d_1742791086.jpeg?h=225&w=225,
308386669,20 Copper Wire Lights,https://www.tesco.com/groceries/en-GB/shop/home-and-ents/all?department=Party%20%26%20Giftwrap&viewAll=department&page=,£4.00,£0.20/each,Any 5 for 4 Clubcard Price - Cheapest Product Free - Selected Tesco Party ,,/groceries/en-GB/products/308386669,https://digitalcontent.api.tesco.com/v2/media/ghs/82262eb0-2a73-43db-b8e8-e20ce10be7d9/71c34030-48af-44d6-9d99-1e07d3bb8474_435340344.jpeg?h=225&w=225,
308224840,Tesco Kraft Box Medium,https://www.tesco.com/groceries/en-GB/shop/home-and-ents/all?department=Party%20%26%20Giftwrap&viewAll=department&page=,£1.50,£1.50/each,,,/groceries/en-GB/products/308224840,https://digitalcontent.api.tesco.com/v2/media/ghs/307ba520-9e2e-437a-8b75-7ecf02cfe410/96033662-cfb1-46c5-b032-6d497f672d7a_665785387.jpeg?h=225&w=225,
309931681,Tesco Pink Floral Tissue 3 Pack,https://www.tesco.com/groceries/en-GB/shop/home-and-ents/all?department=Party%20%26%20Giftwrap&viewAll=department&page=,£1.25,£0.42/each,,,/groceries/en-GB/products/309931681,https://digitalcontent.api.tesco.com/v2/media/ghs/d00a2280-6677-48f9-9410-ede7ed0e3e6b/dbe6fe30-f2d9-4b6d-bf0e-7beaaa22555e_28715879.jpeg?h=225&w=225,
310597055,Tesco Multicoloured Spots Tissue,https://www.tesco.com/groceries/en-GB/shop/home-and-ents/all?department=Party%20%26%20Giftwrap&viewAll=department&page=,£1.25,£1.25/each,,,/groceries/en-GB/products/310597055,https://digitalcontent.api.tesco.com/v2/media/ghs/910ee4d6-6c96-439b-bcb8-038df6a19fcb/fa365615-02bb-416c-b1bd-eb4ba5acfdee_1076829602.jpeg?h=225&w=225,
311803531,Wooden Year Old Year Old,https://www.tesco.com/groceries/en-GB/shop/home-and-ents/all?department=Party%20%26%20Giftwrap&viewAll=department&page=,£2.00,£2.00/each,Any 5 for 4 Clubcard Price - Cheapest Product Free - Selected Tesco Party ,,/groceries/en-GB/products/311803531,https://digitalcontent.api.tesco.com/v2/media/ghs/9c5b9316-7f3b-40ea-bed4-790ec0af7a61/e7d88ea6-7455-4d47-8bcd-e1e9d706af94_2072484364.jpeg?h=225&w=225,
253652748,Tesco 10 Pack Happy Birthday Balloons Age 2,https://www.tesco.com/groceries/en-GB/shop/home-and-ents/all?department=Party%20%26%20Giftwrap&viewAll=department&page=,£1.25,£0.12/each,Any 5 for 4 Clubcard Price - Cheapest Product Free - Selected Tesco Party ,,/groceries/en-GB/products/253652748,https://digitalcontent.api.tesco.com/v2/media/ghs/acc6acf3-1847-4a33-ad75-b5e6ef8efd89/snapshotimagehandler_1681266732.jpeg?h=225&w=225,
295491450,Tesco Patterned Candles Pink 12 Pack,https://www.tesco.com/groceries/en-GB/shop/home-and-ents/all?department=Party%20%26%20Giftwrap&viewAll=department&page=,£1.50,£0.12/each,Any 5 for 4 Clubcard Price - Cheapest Product Free - Selected Tesco Party ,,/groceries/en-GB/products/295491450,https://digitalcontent.api.tesco.com/v2/media/ghs/8c01554d-3b05-4b37-89a0-e45fe5f18032/7f14290a-7946-4f1c-ae90-2e9ee04327a0_405188200.jpeg?h=225&w=225,
309946433,Eco Green And Blue Stripe Medium Bag,https://www.tesco.com/groceries/en-GB/shop/home-and-ents/all?department=Party%20%26%20Giftwrap&viewAll=department&page=,£1.25,£1.25/each,,,/groceries/en-GB/products/309946433,https://digitalcontent.api.tesco.com/v2/media/ghs/cb180fd1-cafa-4d4b-b918-af5128ebfed4/29401264-1eb1-4f6c-ab92-7f0868c7c298_1368177948.jpeg?h=225&w=225,
312207089,Tesco Pink Paper Bow Pack X4,https://www.tesco.com/groceries/en-GB/shop/home-and-ents/all?department=Party%20%26%20Giftwrap&viewAll=department&page=,£1.50,£0.38/each,,New,/groceries/en-GB/products/312207089,https://digitalcontent.api.tesco.com/v2/media/ghs/0dc99b9c-923f-4fb6-a026-9c35741afabd/278f6452-5cf6-40dd-9a7c-e21ca1dd7244_735317804.jpeg?h=225&w=225,
253684848,Tesco Party Balloons Age 6 10 Pack,https://www.tesco.com/groceries/en-GB/shop/home-and-ents/all?department=Party%20%26%20Giftwrap&viewAll=department&page=,£1.25,£0.12/each,Any 5 for 4 Clubcard Price - Cheapest Product Free - Selected Tesco Party ,,/groceries/en-GB/products/253684848,https://digitalcontent.api.tesco.com/v2/media/ghs/ff78c6ae-8108-42ce-bb72-8248c9a64a93/snapshotimagehandler_1428126731.jpeg?h=225&w=225,
310708686,Tesco Pastel Tags 5 Pack,https://www.tesco.com/groceries/en-GB/shop/home-and-ents/all?department=Party%20%26%20Giftwrap&viewAll=department&page=,£1.00,£0.20/each,,,/groceries/en-GB/products/310708686,https://digitalcontent.api.tesco.com/v2/media/ghs/76c9d909-b477-445f-95ed-4f74c038f737/66f5b16e-470c-4980-9efd-b0612893ba26_1933264592.jpeg?h=225&w=225,
281066843,White Confetti,https://www.tesco.com/groceries/en-GB/shop/home-and-ents/all?department=Party%20%26%20Giftwrap&viewAll=department&page=,£1.50,£1.50/each,Any 5 for 4 Clubcard Price - Cheapest Product Free - Selected Tesco Party ,,/groceries/en-GB/products/281066843,https://digitalcontent.api.tesco.com/v2/media/ghs/1587e93e-093a-4217-a74e-e5782a85260a/94f424b1-0938-44f5-9e8e-ccfefefdd010_647966645.jpeg?h=225&w=225,
287202604,Number 5 Cake Sparkler,https://www.tesco.com/groceries/en-GB/shop/home-and-ents/all?department=Party%20%26%20Giftwrap&viewAll=department&page=,£1.25,£1.25/each,Any 5 for 4 Clubcard Price - Cheapest Product Free - Selected Tesco Party ,,/groceries/en-GB/products/287202604,https://digitalcontent.api.tesco.com/v2/media/ghs/07f112c0-2671-41ea-b678-a03a7a787494/db9bb620-91b7-4dc8-9651-773a3d5a9892_1773699643.jpeg?h=225&w=225,
287202587,Number 3 Cake Sparkler,https://www.tesco.com/groceries/en-GB/shop/home-and-ents/all?department=Party%20%26%20Giftwrap&viewAll=department&page=,£1.25,£1.25/each,Any 5 for 4 Clubcard Price - Cheapest Product Free - Selected Tesco Party ,,/groceries/en-GB/products/287202587,https://digitalcontent.api.tesco.com/v2/media/ghs/cd752d74-0343-425c-98c6-b25bb3cea3e2/a1252ebf-0840-4c8f-84c1-f03b9f6aef22_127347883.jpeg?h=225&w=225,
287202593,Number 4 Cake Sparkler,https://www.tesco.com/groceries/en-GB/shop/home-and-ents/all?department=Party%20%26%20Giftwrap&viewAll=department&page=,£1.25,£1.25/each,Any 5 for 4 Clubcard Price - Cheapest Product Free - Selected Tesco Party ,,/groceries/en-GB/products/287202593,https://digitalcontent.api.tesco.com/v2/media/ghs/aa6cfdc3-f87c-4a8b-9a3e-d04dc47967f6/d05eb6ea-b14c-49cb-b58c-7414f9773d18_1870664439.jpeg?h=225&w=225,
287202633,Number 8 Cake Sparkler,https://www.tesco.com/groceries/en-GB/shop/home-and-ents/all?department=Party%20%26%20Giftwrap&viewAll=department&page=,£1.25,£1.25/each,Any 5 for 4 Clubcard Price - Cheapest Product Free - Selected Tesco Party ,,/groceries/en-GB/products/287202633,https://digitalcontent.api.tesco.com/v2/media/ghs/a24a3fca-a57a-4511-b639-fd6aa5bf829a/1a978240-eb05-40ae-b877-c6260481c570_2058254940.jpeg?h=225&w=225,
308232761,Dinosaur Shaped Sparkler,https://www.tesco.com/groceries/en-GB/shop/home-and-ents/all?department=Party%20%26%20Giftwrap&viewAll=department&page=,£1.25,£1.25/each,Any 5 for 4 Clubcard Price - Cheapest Product Free - Selected Tesco Party ,,/groceries/en-GB/products/308232761,https://digitalcontent.api.tesco.com/v2/media/ghs/26834f33-9cbc-4ec0-bbc0-e51a373539d9/c08a434c-c4f7-4a14-ac3a-f38d403b0a04_1466637256.jpeg?h=225&w=225,
303078225,Unicorn Shaped Cake Sparkler,https://www.tesco.com/groceries/en-GB/shop/home-and-ents/all?department=Party%20%26%20Giftwrap&viewAll=department&page=,£1.25,£1.25/each,Any 5 for 4 Clubcard Price - Cheapest Product Free - Selected Tesco Party ,,/groceries/en-GB/products/303078225,https://digitalcontent.api.tesco.com/v2/media/ghs/c8514427-f123-404e-a887-17382e7298d3/a0c13163-5de6-4f66-bdc4-fb0529c6fef2_2055400316.jpeg?h=225&w=225,
294515097,Tesco Happy B Day Balloons Pink 10 Pack,https://www.tesco.com/groceries/en-GB/shop/home-and-ents/all?department=Party%20%26%20Giftwrap&viewAll=department&page=,£1.25,£0.12/each,Any 5 for 4 Clubcard Price - Cheapest Product Free - Selected Tesco Party ,,/groceries/en-GB/products/294515097,https://digitalcontent.api.tesco.com/v2/media/ghs/88bea190-5cc0-4193-8a8d-b83c43e8dea2/snapshotimagehandler_1650789456.jpeg?h=225&w=225,
310588400,Tesco Happy 50Th Banner,https://www.tesco.com/groceries/en-GB/shop/home-and-ents/all?department=Party%20%26%20Giftwrap&viewAll=department&page=,£1.25,£1.25/each,Any 5 for 4 Clubcard Price - Cheapest Product Free - Selected Tesco Party ,,/groceries/en-GB/products/310588400,https://digitalcontent.api.tesco.com/v2/media/ghs/f7f1345a-f83a-4474-8601-4b20b3189dc6/66db9b88-23bb-40e2-8823-b5f082937210_340810773.jpeg?h=225&w=225,
310588446,Tesco Happy 21St Banner,https://www.tesco.com/groceries/en-GB/shop/home-and-ents/all?department=Party%20%26%20Giftwrap&viewAll=department&page=,£1.25,£1.25/each,Any 5 for 4 Clubcard Price - Cheapest Product Free - Selected Tesco Party ,,/groceries/en-GB/products/310588446,https://digitalcontent.api.tesco.com/v2/media/ghs/90c7ad52-6919-4276-9143-114e1ff391de/51cfeb02-5038-4a85-8548-9675b3c20405_780965423.jpeg?h=225&w=225,
310588417,Tesco Happy 30Th Banner,https://www.tesco.com/groceries/en-GB/shop/home-and-ents/all?department=Party%20%26%20Giftwrap&viewAll=department&page=,£1.25,£1.25/each,Any 5 for 4 Clubcard Price - Cheapest Product Free - Selected Tesco Party ,,/groceries/en-GB/products/310588417,https://digitalcontent.api.tesco.com/v2/media/ghs/490292c8-7478-4f54-b384-96b0a9571c83/9f2eeec6-40a5-4536-8d8a-71f86317e4cf_179443947.jpeg?h=225&w=225,
312112039,Hti Card Puzzle Game In Tin Assorted,https://www.tesco.com/groceries/en-GB/shop/home-and-ents/all?department=Party%20%26%20Giftwrap&viewAll=department&page=,£1.50,£1.50/each,Any 5 for 4 Clubcard Price - Cheapest Product Free - Selected Tesco Party ,,/groceries/en-GB/products/312112039,https://digitalcontent.api.tesco.com/v2/media/ghs/efe809fd-4452-450e-bb05-d86fe54fb04d/bf82a44a-e82e-492d-aac0-165b0c65f412_896820861.jpeg?h=225&w=225,
295314771,Gold/Silver Hats - 6 Pack,https://www.tesco.com/groceries/en-GB/shop/home-and-ents/all?department=Party%20%26%20Giftwrap&viewAll=department&page=,£1.50,£0.25/each,Any 5 for 4 Clubcard Price - Cheapest Product Free - Selected Tesco Party ,,/groceries/en-GB/products/295314771,https://digitalcontent.api.tesco.com/v2/media/ghs/805d85f1-8be3-41e5-86e7-95d8ff79c196/f2812acb-93cb-4465-a399-163b936093e5_37714602.jpeg?h=225&w=225,
310588319,Small Happy Birthday Badge,https://www.tesco.com/groceries/en-GB/shop/home-and-ents/all?department=Party%20%26%20Giftwrap&viewAll=department&page=,£0.75,£0.75/each,Any 5 for 4 Clubcard Price - Cheapest Product Free - Selected Tesco Party ,,/groceries/en-GB/products/310588319,https://digitalcontent.api.tesco.com/v2/media/ghs/28dc5753-fa5f-40c9-9d10-804e4d53a70a/bea0ec9f-cd63-489d-b5e9-830afdc356ba_2028881173.jpeg?h=225&w=225,
308225044,Tesco Rose Gold Stripe Small Bag,https://www.tesco.com/groceries/en-GB/shop/home-and-ents/all?department=Party%20%26%20Giftwrap&viewAll=department&page=,£0.80,£0.80/each,,,/groceries/en-GB/products/308225044,https://digitalcontent.api.tesco.com/v2/media/ghs/dcee1e50-e048-4a08-94e9-475eb0476b55/b934cfc6-816a-44d2-828a-16da53cee71d_353134267.jpeg?h=225&w=225,
309059567,"Tesco 500 Mfunction Multi-Coloured Lights  - Mains Powered, Suitable For Indoor And Outdoor Use (Approx 42.4M)",https://www.tesco.com/groceries/en-GB/shop/home-and-ents/all?department=Party%20%26%20Giftwrap&viewAll=department&page=,£30.00,£0.06/each,£20.00 Clubcard Price,,/groceries/en-GB/products/309059567,https://digitalcontent.api.tesco.com/v2/media/ghs/4d327382-00d4-4535-a8db-303c22c6851f/6f97e80a-cb75-483a-9cd5-3f3faa359658_1139960948.jpeg?h=225&w=225,
309059521,"Tesco 300 Mfunction Multi-Coloured Lights  - Mains Powered, Suitable For Indoor And Outdoor Use (Approx 27.4M)",https://www.tesco.com/groceries/en-GB/shop/home-and-ents/all?department=Party%20%26%20Giftwrap&viewAll=department&page=,£18.00,£18.00/each,£12.00 Clubcard Price,,/groceries/en-GB/products/309059521,https://digitalcontent.api.tesco.com/v2/media/ghs/b05ee97e-056d-4b09-9383-c84f124ef49a/ff9e77df-385e-44d5-b2b9-4d08c7f3c212_1494710507.jpeg?h=225&w=225,
309059498,"Tesco 200 Mfunction Multi-Coloured Lights  - Mains Powered, Suitable For Indoor And Outdoor Use (Approx 19.9M)",https://www.tesco.com/groceries/en-GB/shop/home-and-ents/all?department=Party%20%26%20Giftwrap&viewAll=department&page=,£12.00,£12.00/each,£8.00 Clubcard Price,,/groceries/en-GB/products/309059498,https://digitalcontent.api.tesco.com/v2/media/ghs/1d2ea920-45b0-4d5c-b853-9632f1197e1d/f761f144-82f9-4448-b96c-312ba7d988c1_1937504963.jpeg?h=225&w=225,
309065657,Tesco 50 Pack Silver Decorations,https://www.tesco.com/groceries/en-GB/shop/home-and-ents/all?department=Party%20%26%20Giftwrap&viewAll=department&page=,£8.00,£0.16/each,,,/groceries/en-GB/products/309065657,https://digitalcontent.api.tesco.com/v2/media/ghs/aa1a4cf6-058a-481b-84bc-d1c5508f7a9c/5dbe3ae7-81ab-483d-bce9-67e2ce9aee5a_706621796.jpeg?h=225&w=225,
305676188,Snazaroo Rainbow Kit,https://www.tesco.com/groceries/en-GB/shop/home-and-ents/all?department=Party%20%26%20Giftwrap&viewAll=department&page=,£13.00,£13.00/each,Any 5 for 4 Clubcard Price - Cheapest Product Free - Selected Tesco Party ,,/groceries/en-GB/products/305676188,https://digitalcontent.api.tesco.com/v2/media/ghs/219fbca3-eeda-4177-8643-f2ae1351608a/3e26e16e-afbc-4b0d-ae49-471ed905a579_1712858609.jpeg?h=225&w=225,
310643963,Mini Rainbow Pinata,https://www.tesco.com/groceries/en-GB/shop/home-and-ents/all?department=Party%20%26%20Giftwrap&viewAll=department&page=,£5.00,£5.00/each,Any 5 for 4 Clubcard Price - Cheapest Product Free - Selected Tesco Party ,,/groceries/en-GB/products/310643963,https://digitalcontent.api.tesco.com/v2/media/ghs/999b4422-ecf2-4576-bc82-72995ebf5ed2/0648704c-7e4b-44b5-8626-1279aec07464_531320022.jpeg?h=225&w=225,
310647803,Tesco Blue Reusable Table Cover,https://www.tesco.com/groceries/en-GB/shop/home-and-ents/all?department=Party%20%26%20Giftwrap&viewAll=department&page=,£6.00,£6.00/each,Any 5 for 4 Clubcard Price - Cheapest Product Free - Selected Tesco Party ,,/groceries/en-GB/products/310647803,https://digitalcontent.api.tesco.com/v2/media/ghs/d9ba5402-e661-4bea-ac7c-26664ddaaf92/6fb9b4d7-66e4-4def-bbeb-1e70e69f19c3_67293163.jpeg?h=225&w=225,
309612356,Tesco Make Your Own Party Hats 12 Pack,https://www.tesco.com/groceries/en-GB/shop/home-and-ents/all?department=Party%20%26%20Giftwrap&viewAll=department&page=,£4.00,£0.33/each,Any 5 for 4 Clubcard Price - Cheapest Product Free - Selected Tesco Party ,,/groceries/en-GB/products/309612356,https://digitalcontent.api.tesco.com/v2/media/ghs/426e9ad8-c84f-4ac6-ad59-375adafc173c/01ce5347-0a44-43ff-87c1-cea983ccfdea_670402923.jpeg?h=225&w=225,
310647792,Tesco Pink Reusable Table Cover,https://www.tesco.com/groceries/en-GB/shop/home-and-ents/all?department=Party%20%26%20Giftwrap&viewAll=department&page=,£6.00,£6.00/each,Any 5 for 4 Clubcard Price - Cheapest Product Free - Selected Tesco Party ,,/groceries/en-GB/products/310647792,https://digitalcontent.api.tesco.com/v2/media/ghs/ad10d78d-440f-4147-9e08-0400e09adea9/c16f2d7a-216f-49ab-9530-78960e93dd0d_1112814877.jpeg?h=225&w=225,
309065559,Tesco 10 Pack Wooden Shapes With Green Hanging Decorations,https://www.tesco.com/groceries/en-GB/shop/home-and-ents/all?department=Party%20%26%20Giftwrap&viewAll=department&page=,£3.50,£0.35/each,,,/groceries/en-GB/products/309065559,https://digitalcontent.api.tesco.com/v2/media/ghs/5a8a960d-c238-40bb-a617-6a78239e18ce/6124a68a-7890-43c4-b4e4-f0409af2a679_1981428632.jpeg?h=225&w=225,
282913992,Illoom Coloured Stars Light Up 5 Pack,https://www.tesco.com/groceries/en-GB/shop/home-and-ents/all?department=Party%20%26%20Giftwrap&viewAll=department&page=,£3.50,£0.70/each,Any 5 for 4 Clubcard Price - Cheapest Product Free - Selected Tesco Party ,,/groceries/en-GB/products/282913992,https://digitalcontent.api.tesco.com/v2/media/ghs/0702edd0-d0bd-4986-912c-2e06c8a79906/d3aeb604-996b-4df7-a746-4e966983bcfd_20452995.jpeg?h=225&w=225,
310643992,Tesco Chalk Board Bunting,https://www.tesco.com/groceries/en-GB/shop/home-and-ents/all?department=Party%20%26%20Giftwrap&viewAll=department&page=,£3.00,£3.00/each,Any 5 for 4 Clubcard Price - Cheapest Product Free - Selected Tesco Party ,,/groceries/en-GB/products/310643992,https://digitalcontent.api.tesco.com/v2/media/ghs/22842aef-46ae-42cb-b52f-da23efa22df9/8d59693c-ad52-446b-b4f4-91a6efea3113_225226415.jpeg?h=225&w=225,
310643940,Tesco Make Your Own Unicorn Dress Up Kit,https://www.tesco.com/groceries/en-GB/shop/home-and-ents/all?department=Party%20%26%20Giftwrap&viewAll=department&page=,£2.50,£2.50/each,Any 5 for 4 Clubcard Price - Cheapest Product Free - Selected Tesco Party ,,/groceries/en-GB/products/310643940,https://digitalcontent.api.tesco.com/v2/media/ghs/8f760384-a636-4eb1-8f82-b0e5b6184825/28d76b23-f6fc-4d07-b17b-bbd9c9371163_1331456341.jpeg?h=225&w=225,
312146805,Table Fun Meadow Table Cover 180X120cm,https://www.tesco.com/groceries/en-GB/shop/home-and-ents/all?department=Party%20%26%20Giftwrap&viewAll=department&page=,£2.75,£2.75/each,,,/groceries/en-GB/products/312146805,https://digitalcontent.api.tesco.com/v2/media/ghs/6e9eab6c-a926-452d-b6b9-11bae6485e57/fbea1ce1-27f4-4c4a-a119-c750232fb8af_5560093.jpeg?h=225&w=225,
312236336,Baby Jungle Puzzle,https://www.tesco.com/groceries/en-GB/shop/home-and-ents/all?department=Party%20%26%20Giftwrap&viewAll=department&page=,£3.00,£3.00/each,Any 5 for 4 Clubcard Price - Cheapest Product Free - Selected Tesco Party ,,/groceries/en-GB/products/312236336,https://digitalcontent.api.tesco.com/v2/media/ghs/27f76d68-3063-4cd6-9cd6-b94cf17ac787/41edfc2f-4a9a-49de-bf9c-b4dc157b3690_53889389.jpeg?h=225&w=225,
310704120,Space Honeycomb Hanging Decorations,https://www.tesco.com/groceries/en-GB/shop/home-and-ents/all?department=Party%20%26%20Giftwrap&viewAll=department&page=,£2.50,£0.83/each,Any 5 for 4 Clubcard Price - Cheapest Product Free - Selected Tesco Party ,,/groceries/en-GB/products/310704120,https://digitalcontent.api.tesco.com/v2/media/ghs/e3fc53c8-3e1d-4004-a684-1e6daf674c19/3a9e2c71-afd3-4441-9d56-73aabc172f27_973754178.jpeg?h=225&w=225,
308121950,Tesco Pink Ombre Party Bag 10 Pack,https://www.tesco.com/groceries/en-GB/shop/home-and-ents/all?department=Party%20%26%20Giftwrap&viewAll=department&page=,£2.50,£0.25/each,Any 5 for 4 Clubcard Price - Cheapest Product Free - Selected Tesco Party ,,/groceries/en-GB/products/308121950,https://digitalcontent.api.tesco.com/v2/media/ghs/ec15bf1f-f4ee-4751-b705-ff859ec3923d/2cae12e0-471f-4043-9206-c953a5bb85c1_866969514.jpeg?h=225&w=225,
308224932,Tesco A Little Something Large Bag,https://www.tesco.com/groceries/en-GB/shop/home-and-ents/all?department=Party%20%26%20Giftwrap&viewAll=department&page=,£1.75,£1.75/each,,,/groceries/en-GB/products/308224932,https://digitalcontent.api.tesco.com/v2/media/ghs/dbd6999d-1cff-4ff3-a9d7-bd33a0e2ed86/3ae3e9be-ab75-4ae1-bd0a-33c8aaa10cfe_188531420.jpeg?h=225&w=225,
310749654,Winnie The Pooh Large Bag,https://www.tesco.com/groceries/en-GB/shop/home-and-ents/all?department=Party%20%26%20Giftwrap&viewAll=department&page=,£1.75,£1.75/each,,,/groceries/en-GB/products/310749654,https://digitalcontent.api.tesco.com/v2/media/ghs/3838fae5-7255-48d7-9173-c14cb105b8f4/984d39b9-df67-49cf-beb9-f7109e83c94c_941540393.jpeg?h=225&w=225,
309700632,Tesco Grey Hearts Tissue 3 Pack,https://www.tesco.com/groceries/en-GB/shop/home-and-ents/all?department=Party%20%26%20Giftwrap&viewAll=department&page=,£1.25,£0.42/each,,,/groceries/en-GB/products/309700632,https://digitalcontent.api.tesco.com/v2/media/ghs/103b33ce-7b59-41cb-a433-d2a77d164e38/dd596296-416f-4a5d-ab12-cb305669dbc1_1607020624.jpeg?h=225&w=225,
310588331,Large Blue Birthday Badge,https://www.tesco.com/groceries/en-GB/shop/home-and-ents/all?department=Party%20%26%20Giftwrap&viewAll=department&page=,£1.25,£1.25/each,Any 5 for 4 Clubcard Price - Cheapest Product Free - Selected Tesco Party ,,/groceries/en-GB/products/310588331,https://digitalcontent.api.tesco.com/v2/media/ghs/8755cd45-34bd-4008-9720-202d34a24955/075a45e7-e615-4272-81f7-15bc27dc1746_1093695437.jpeg?h=225&w=225,
310588325,Large Pink Birthday Badge,https://www.tesco.com/groceries/en-GB/shop/home-and-ents/all?department=Party%20%26%20Giftwrap&viewAll=department&page=,£1.25,£1.25/each,Any 5 for 4 Clubcard Price - Cheapest Product Free - Selected Tesco Party ,,/groceries/en-GB/products/310588325,https://digitalcontent.api.tesco.com/v2/media/ghs/cb31011d-da5a-45e0-9d66-6447793a7b3b/49af4922-f747-482c-a938-378f99261e3b_1745825371.jpeg?h=225&w=225,
308275829,Talking Tables Confetti Ballons Pastel,https://www.tesco.com/groceries/en-GB/shop/home-and-ents/all?department=Party%20%26%20Giftwrap&viewAll=department&page=,£2.00,£0.25/each,Any 5 for 4 Clubcard Price - Cheapest Product Free - Selected Tesco Party ,,/groceries/en-GB/products/308275829,https://digitalcontent.api.tesco.com/v2/media/ghs/c8e123d7-f9d5-40b8-9855-802c13d7e84f/c03a9655-dbfa-4595-b7c8-e35e6f768393_1879196966.jpeg?h=225&w=225,
310708951,Tesco Space Table Cover,https://www.tesco.com/groceries/en-GB/shop/home-and-ents/all?department=Party%20%26%20Giftwrap&viewAll=department&page=,£1.75,£1.75/each,Any 5 for 4 Clubcard Price - Cheapest Product Free - Selected Tesco Party ,,/groceries/en-GB/products/310708951,https://digitalcontent.api.tesco.com/v2/media/ghs/5267787f-71f2-4eb1-971a-f58258f21c20/f3cd32dc-c6ed-4df1-be96-4f38c374e648_439551313.jpeg?h=225&w=225,
306963964,Go Flo Snow,https://www.tesco.com/groceries/en-GB/shop/home-and-ents/all?department=Party%20%26%20Giftwrap&viewAll=department&page=,£2.00,£2.00/each,Any 5 for 4 Clubcard Price - Cheapest Product Free - Selected Tesco Party ,,/groceries/en-GB/products/306963964,https://digitalcontent.api.tesco.com/v2/media/ghs/f759f271-4792-4cf5-b298-aa778a393400/a9c6a429-9ac2-47a5-ba5c-acad031368a3_1333910380.jpeg?h=225&w=225,
253653300,Tesco Party Balloons Age 3 10 Pack,https://www.tesco.com/groceries/en-GB/shop/home-and-ents/all?department=Party%20%26%20Giftwrap&viewAll=department&page=,£1.25,£0.12/each,Any 5 for 4 Clubcard Price - Cheapest Product Free - Selected Tesco Party ,,/groceries/en-GB/products/253653300,https://digitalcontent.api.tesco.com/v2/media/ghs/72c769f5-c0db-40f5-a059-7c292e0a3083/snapshotimagehandler_435193133.jpeg?h=225&w=225,
307952296,Pink Paper Confetti,https://www.tesco.com/groceries/en-GB/shop/home-and-ents/all?department=Party%20%26%20Giftwrap&viewAll=department&page=,£1.50,£1.50/each,Any 5 for 4 Clubcard Price - Cheapest Product Free - Selected Tesco Party ,,/groceries/en-GB/products/307952296,https://digitalcontent.api.tesco.com/v2/media/ghs/4783913e-19e8-425b-805c-9dd400ed2d81/7cb5d491-ccee-49c1-9791-eefea68b4300_1184145716.jpeg?h=225&w=225,
253685193,Tesco 10 Pack Happy Birthday Balloons Age 7,https://www.tesco.com/groceries/en-GB/shop/home-and-ents/all?department=Party%20%26%20Giftwrap&viewAll=department&page=,£1.25,£0.12/each,Any 5 for 4 Clubcard Price - Cheapest Product Free - Selected Tesco Party ,,/groceries/en-GB/products/253685193,https://digitalcontent.api.tesco.com/v2/media/ghs/ed13a90b-9a07-41ed-b2a0-aae11c2eca2f/snapshotimagehandler_703614040.jpeg?h=225&w=225,
253683538,Tesco 10 Pack Happy Birthday Balloons Age 4,https://www.tesco.com/groceries/en-GB/shop/home-and-ents/all?department=Party%20%26%20Giftwrap&viewAll=department&page=,£1.25,£0.12/each,Any 5 for 4 Clubcard Price - Cheapest Product Free - Selected Tesco Party ,,/groceries/en-GB/products/253683538,https://digitalcontent.api.tesco.com/v2/media/ghs/de9ec3d7-78c4-4918-be50-e469da881867/97492e6b-646a-4882-80f9-d2dd68450814_216867433.jpeg?h=225&w=225,
310708513,Tesco Wwf Grasslands Medium Bag,https://www.tesco.com/groceries/en-GB/shop/home-and-ents/all?department=Party%20%26%20Giftwrap&viewAll=department&page=,£1.25,£1.25/each,,,/groceries/en-GB/products/310708513,https://digitalcontent.api.tesco.com/v2/media/ghs/aee4d5f0-bd94-488b-bc1c-38eb62bc5d1b/7630551d-36b2-491d-bd23-69fca91885f2_357015294.jpeg?h=225&w=225,
253685262,Tesco 10 Pack Happy Birthday Balloons Age 8,https://www.tesco.com/groceries/en-GB/shop/home-and-ents/all?department=Party%20%26%20Giftwrap&viewAll=department&page=,£1.25,£0.12/each,Any 5 for 4 Clubcard Price - Cheapest Product Free - Selected Tesco Party ,,/groceries/en-GB/products/253685262,https://digitalcontent.api.tesco.com/v2/media/ghs/f2cbbba8-466d-4b01-9a4f-ce260603f2fe/b113ca7a-4b98-41bd-8f66-74c795c5676a_1651885319.jpeg?h=225&w=225,
253652451,Tesco Age 1 Balloons - 10 Pack,https://www.tesco.com/groceries/en-GB/shop/home-and-ents/all?department=Party%20%26%20Giftwrap&viewAll=department&page=,£1.25,£0.12/each,Any 5 for 4 Clubcard Price - Cheapest Product Free - Selected Tesco Party ,,/groceries/en-GB/products/253652451,https://digitalcontent.api.tesco.com/v2/media/ghs/939a712f-4068-489b-ab00-037e3f82a52e/66cbe870-d65d-462f-98eb-73d9fe98696d_430543043.jpeg?h=225&w=225,
312147044,Tesco Floral Bird Napkin 3Ply 20 Pack,https://www.tesco.com/groceries/en-GB/shop/home-and-ents/all?department=Party%20%26%20Giftwrap&viewAll=department&page=,£1.50,£0.08/each,,,/groceries/en-GB/products/312147044,https://digitalcontent.api.tesco.com/v2/media/ghs/21c61d2b-46a2-47a6-a492-bd404725f2f1/dde863b9-a725-4589-a15f-db59b09fcf3c_679237217.jpeg?h=225&w=225,
271648809,Tesco 10 Balloons Age 10,https://www.tesco.com/groceries/en-GB/shop/home-and-ents/all?department=Party%20%26%20Giftwrap&viewAll=department&page=,£1.25,£0.12/each,Any 5 for 4 Clubcard Price - Cheapest Product Free - Selected Tesco Party ,,/groceries/en-GB/products/271648809,https://digitalcontent.api.tesco.com/v2/media/ghs/02e9fdf2-0047-420e-b65b-a8063d90e0fc/437d9f81-296c-4d11-acce-5bc4032be53c_262879013.jpeg?h=225&w=225,
290644762,Tesco Small Happy Birthday Die Cut Foil Bunting,https://www.tesco.com/groceries/en-GB/shop/home-and-ents/all?department=Party%20%26%20Giftwrap&viewAll=department&page=,£1.25,£1.25/each,Any 5 for 4 Clubcard Price - Cheapest Product Free - Selected Tesco Party ,,/groceries/en-GB/products/290644762,https://digitalcontent.api.tesco.com/v2/media/ghs/353317e1-6a2a-4383-a990-779b23602106/0517feab-2a8d-43ac-91c4-3f5eda1beb34_1823573635.jpeg?h=225&w=225,
259422708,Tesco Birthday Girl Balloons 10 Pack,https://www.tesco.com/groceries/en-GB/shop/home-and-ents/all?department=Party%20%26%20Giftwrap&viewAll=department&page=,£1.25,£0.12/each,Any 5 for 4 Clubcard Price - Cheapest Product Free - Selected Tesco Party ,,/groceries/en-GB/products/259422708,https://digitalcontent.api.tesco.com/v2/media/ghs/d50cf120-3f20-4312-a972-180c18bfdb76/9fc6669d-f492-403a-95a5-f46fc6359411_2058306389.jpeg?h=225&w=225,
287202627,Number 7 Cake Sparkler,https://www.tesco.com/groceries/en-GB/shop/home-and-ents/all?department=Party%20%26%20Giftwrap&viewAll=department&page=,£1.25,£1.25/each,Any 5 for 4 Clubcard Price - Cheapest Product Free - Selected Tesco Party ,,/groceries/en-GB/products/287202627,https://digitalcontent.api.tesco.com/v2/media/ghs/3a087238-b18c-4d7a-be53-c774d8668937/39ce46af-fa07-40d6-97ff-43e9e21053b8_1654925921.jpeg?h=225&w=225,
287202610,Number 6 Cake Sparkler,https://www.tesco.com/groceries/en-GB/shop/home-and-ents/all?department=Party%20%26%20Giftwrap&viewAll=department&page=,£1.25,£1.25/each,Any 5 for 4 Clubcard Price - Cheapest Product Free - Selected Tesco Party ,,/groceries/en-GB/products/287202610,https://digitalcontent.api.tesco.com/v2/media/ghs/82a213a9-f886-4229-b806-914ec9645720/9d393710-71af-49dc-bfd1-547d9980e9bb_2023624907.jpeg?h=225&w=225,
302172725,Tesco Happy Birthday Candle Pink,https://www.tesco.com/groceries/en-GB/shop/home-and-ents/all?department=Party%20%26%20Giftwrap&viewAll=department&page=,£1.50,£1.50/each,Any 5 for 4 Clubcard Price - Cheapest Product Free - Selected Tesco Party ,,/groceries/en-GB/products/302172725,https://digitalcontent.api.tesco.com/v2/media/ghs/5cea94f5-6da8-4e7d-add0-549ee9b87658/50169d8c-8c99-4cd7-af77-1ece5a376251_1668991879.jpeg?h=225&w=225,
308121800,Tesco Safari Animals Napkin 20 Pack,https://www.tesco.com/groceries/en-GB/shop/home-and-ents/all?department=Party%20%26%20Giftwrap&viewAll=department&page=,£1.50,£0.08/each,Any 5 for 4 Clubcard Price - Cheapest Product Free - Selected Tesco Party ,,/groceries/en-GB/products/308121800,https://digitalcontent.api.tesco.com/v2/media/ghs/bd50ffc1-52c5-425a-bc0f-e0dc968a6dbb/01f3c9bf-58a0-41d5-9a46-abca30e4ebb6_1974787972.jpeg?h=225&w=225,
292508495,Flower Lei,https://www.tesco.com/groceries/en-GB/shop/home-and-ents/all?department=Party%20%26%20Giftwrap&viewAll=department&page=,£1.50,£1.50/each,Any 5 for 4 Clubcard Price - Cheapest Product Free - Selected Tesco Party ,,/groceries/en-GB/products/292508495,https://digitalcontent.api.tesco.com/v2/media/ghs/b9ed62bd-53b9-4ecc-821e-f4accec207a1/226ab195-00b3-4e37-92df-80943c2aed1b_33823430.jpeg?h=225&w=225,
310588423,Tesco Happy 40Th Banner,https://www.tesco.com/groceries/en-GB/shop/home-and-ents/all?department=Party%20%26%20Giftwrap&viewAll=department&page=,£1.25,£1.25/each,Any 5 for 4 Clubcard Price - Cheapest Product Free - Selected Tesco Party ,,/groceries/en-GB/products/310588423,https://digitalcontent.api.tesco.com/v2/media/ghs/5c098f3c-beeb-48aa-aabe-f99a9ea65158/d55289c5-4564-462f-b8a8-57d311860119_2058930228.jpeg?h=225&w=225,
309680441,Tesco Grey & White Raffia Cops 4 Pack,https://www.tesco.com/groceries/en-GB/shop/home-and-ents/all?department=Party%20%26%20Giftwrap&viewAll=department&page=,£1.00,£0.25/each,,,/groceries/en-GB/products/309680441,https://digitalcontent.api.tesco.com/v2/media/ghs/111f6830-33a8-4e24-823d-30e205b6f1c8/56b652ca-395c-4101-8aa0-ca5b8daca956_1434433922.jpeg?h=225&w=225,
309059538,"Tesco 300 Mfunction Warm White Lights  - Mains Powered, Suitable For Indoor And Outdoor Use (Approx 27.4M)",https://www.tesco.com/groceries/en-GB/shop/home-and-ents/all?department=Party%20%26%20Giftwrap&viewAll=department&page=,£18.00,£18.00/each,£12.00 Clubcard Price,,/groceries/en-GB/products/309059538,https://digitalcontent.api.tesco.com/v2/media/ghs/badfb449-5c75-462d-a4c1-f5d4c95c18b8/781ce5cf-8bf0-478f-baef-73a9346f7583_816271087.jpeg?h=225&w=225,
259637587,Donkey Pinata,https://www.tesco.com/groceries/en-GB/shop/home-and-ents/all?department=Party%20%26%20Giftwrap&viewAll=department&page=,£10.00,£10.00/each,Any 5 for 4 Clubcard Price - Cheapest Product Free - Selected Tesco Party ,,/groceries/en-GB/products/259637587,https://digitalcontent.api.tesco.com/v2/media/ghs/e9ee4852-b2b4-4a72-9bde-eb002f273b2e/6f1e331e-3b40-41a0-8784-25c0afbd754c_262772224.jpeg?h=225&w=225,
309059481,"Tesco 200 Mfunction Bright White Lights  - Mains Powered, Suitable For Indoor And Outdoor Use (Approx 19.9M)",https://www.tesco.com/groceries/en-GB/shop/home-and-ents/all?department=Party%20%26%20Giftwrap&viewAll=department&page=,£12.00,£12.00/each,£8.00 Clubcard Price,,/groceries/en-GB/products/309059481,https://digitalcontent.api.tesco.com/v2/media/ghs/09ede7b4-5679-4e07-be64-ef59f25c847b/84df2978-619c-4859-9a35-e78f5d70454a_2078320191.jpeg?h=225&w=225,
312217549,Illoom 15 Rose Gold Confetti Balloon,https://www.tesco.com/groceries/en-GB/shop/home-and-ents/all?department=Party%20%26%20Giftwrap&viewAll=department&page=,£8.00,£0.53/each,Any 5 for 4 Clubcard Price - Cheapest Product Free - Selected Tesco Party ,,/groceries/en-GB/products/312217549,https://digitalcontent.api.tesco.com/v2/media/ghs/2782f765-424a-48be-935b-289522816438/f2ce2b0c-a480-4797-8816-23acf757b0c0_1069248222.jpeg?h=225&w=225,
309065922,Tesco 50 Pack Red Decorations,https://www.tesco.com/groceries/en-GB/shop/home-and-ents/all?department=Party%20%26%20Giftwrap&viewAll=department&page=,£8.00,£0.16/each,,,/groceries/en-GB/products/309065922,https://digitalcontent.api.tesco.com/v2/media/ghs/ac7e186e-ffba-4d07-be32-bb0378013be0/9f0ca25e-207e-4882-8dce-bc6bc584fe8c_1346594831.jpeg?h=225&w=225,
310703985,Rainbow Party Decorating Kit,https://www.tesco.com/groceries/en-GB/shop/home-and-ents/all?department=Party%20%26%20Giftwrap&viewAll=department&page=,£6.00,£6.00/each,Any 5 for 4 Clubcard Price - Cheapest Product Free - Selected Tesco Party ,,/groceries/en-GB/products/310703985,https://digitalcontent.api.tesco.com/v2/media/ghs/de5fb042-ef6b-49f5-a726-898315bc4926/5932de9d-af3f-4254-af14-de81906dda9c_1906908324.jpeg?h=225&w=225,
306854068,Gold & Silver Decorating Kit,https://www.tesco.com/groceries/en-GB/shop/home-and-ents/all?department=Party%20%26%20Giftwrap&viewAll=department&page=,£6.00,£6.00/each,Any 5 for 4 Clubcard Price - Cheapest Product Free - Selected Tesco Party ,,/groceries/en-GB/products/306854068,https://digitalcontent.api.tesco.com/v2/media/ghs/3aca0ea0-b1ce-4819-a06c-1e42a4a07ae3/f0a67ffe-b363-4055-9688-18aadbd88aa8_1056980487.jpeg?h=225&w=225,
310892419,Doughnut Wall,https://www.tesco.com/groceries/en-GB/shop/home-and-ents/all?department=Party%20%26%20Giftwrap&viewAll=department&page=,£5.00,£5.00/each,Any 5 for 4 Clubcard Price - Cheapest Product Free - Selected Tesco Party ,,/groceries/en-GB/products/310892419,https://digitalcontent.api.tesco.com/v2/media/ghs/1010ca0a-3fde-445c-bb8a-f26e1d28f06f/3a9ec592-c294-442a-ba37-9ec1d461d8f5_835454221.jpeg?h=225&w=225,
308121967,Pink Balloon Arch 60 Balloons,https://www.tesco.com/groceries/en-GB/shop/home-and-ents/all?department=Party%20%26%20Giftwrap&viewAll=department&page=,£8.00,£0.13/each,Any 5 for 4 Clubcard Price - Cheapest Product Free - Selected Tesco Party ,,/groceries/en-GB/products/308121967,https://digitalcontent.api.tesco.com/v2/media/ghs/c6deae9e-8411-400c-bc12-a062bc895ae1/1c7972c4-3b8b-4b89-9f5e-5a1da8b98aca_769298706.jpeg?h=225&w=225,
292508558,Happy Birthday Candles Headband,https://www.tesco.com/groceries/en-GB/shop/home-and-ents/all?department=Party%20%26%20Giftwrap&viewAll=department&page=,£3.50,£3.50/each,Any 5 for 4 Clubcard Price - Cheapest Product Free - Selected Tesco Party ,,/groceries/en-GB/products/292508558,https://digitalcontent.api.tesco.com/v2/media/ghs/35a507f0-c5ae-4f20-8a39-f509a0789caa/ecfed9db-def6-46ad-b06d-3583afef522c_743503580.jpeg?h=225&w=225,
294095235,Happy Birthday Blue Cone Hat,https://www.tesco.com/groceries/en-GB/shop/home-and-ents/all?department=Party%20%26%20Giftwrap&viewAll=department&page=,£4.00,£4.00/each,Any 5 for 4 Clubcard Price - Cheapest Product Free - Selected Tesco Party ,,/groceries/en-GB/products/294095235,https://digitalcontent.api.tesco.com/v2/media/ghs/90f87f52-e530-4709-b35e-45b46e7fd34e/eb25ca9e-ba9e-44d9-909c-1fd83fe5ef43_1355192315.jpeg?h=225&w=225,
295580713,Golden Virginia The Original 50G,https://www.tesco.com/groceries/en-GB/shop/home-and-ents/all?department=Tobacco%20%26%20Alternatives&viewAll=department&page=,£29.25,£58.50/100g,,,/groceries/en-GB/products/295580713,https://digitalcontent.api.tesco.com/v2/media/ghs/d11c3a94-974a-4264-ba3f-c6472cfda3d9/58aaa725-5ad8-468d-9dce-82d10d1dcd47_657160975.jpeg?h=225&w=225,
295625754,Amber Leaf Roll Your Own 50G,https://www.tesco.com/groceries/en-GB/shop/home-and-ents/all?department=Tobacco%20%26%20Alternatives&viewAll=department&page=,£29.25,£58.50/100g,,,/groceries/en-GB/products/295625754,https://digitalcontent.api.tesco.com/v2/media/ghs/8a4c4709-c19f-46a4-9349-7a759383cbea/f82eec9e-e90b-4c0e-94bf-79327cb4b059_2002849825.jpeg?h=225&w=225,
295813059,Rothmans Superking Blue 20 Pack,https://www.tesco.com/groceries/en-GB/shop/home-and-ents/all?department=Tobacco%20%26%20Alternatives&viewAll=department&page=,£10.40,£0.52/each,,,/groceries/en-GB/products/295813059,https://digitalcontent.api.tesco.com/v2/media/ghs/aa88e510-b86b-40e3-a4ab-081e45505314/ff9b5b67-0402-4d4d-be74-4da55560f5a2_32080072.jpeg?h=225&w=225,
295458992,Gold Leaf Jps 50G,https://www.tesco.com/groceries/en-GB/shop/home-and-ents/all?department=Tobacco%20%26%20Alternatives&viewAll=department&page=,£23.95,£47.90/100g,,,/groceries/en-GB/products/295458992,https://digitalcontent.api.tesco.com/v2/media/ghs/29bc55f4-d37c-406d-8d44-2ed607cdf09a/4a0b9336-ea5d-426d-83cb-584651f190a5_967906781.jpeg?h=225&w=225,
310171651,Benson & Hedges Superking Sky Blue 20 Cigarettes,https://www.tesco.com/groceries/en-GB/shop/home-and-ents/all?department=Tobacco%20%26%20Alternatives&viewAll=department&page=,£10.40,£0.52/each,,,/groceries/en-GB/products/310171651,https://digitalcontent.api.tesco.com/v2/media/ghs/a2381261-c314-48bd-a635-f58903993601/e8ddf387-346c-4ad2-b756-3289d4ccd380_847950669.jpeg?h=225&w=225,
309487244,Marlboro Gold 20 Cigarettes,https://www.tesco.com/groceries/en-GB/shop/home-and-ents/all?department=Tobacco%20%26%20Alternatives&viewAll=department&page=,£12.75,£0.64/each,,,/groceries/en-GB/products/309487244,https://digitalcontent.api.tesco.com/v2/media/ghs/335ae447-051b-44c6-9e63-62cb6a466efb/ef66abda-7970-43d6-85dc-2747e2527bf2_1537652399.jpeg?h=225&w=225,
310123104,Benson & Hedges Sky Blue 20 Cigarettes,https://www.tesco.com/groceries/en-GB/shop/home-and-ents/all?department=Tobacco%20%26%20Alternatives&viewAll=department&page=,£10.40,£0.52/each,,,/groceries/en-GB/products/310123104,https://digitalcontent.api.tesco.com/v2/media/ghs/70f8c796-916f-469b-98a1-682e3ca4dd62/e45a59a8-e763-4e3a-bb48-0ce657b30ed9_28586387.jpeg?h=225&w=225,
310186962,Sovereign Blue Superking 20 Cigarettes,https://www.tesco.com/groceries/en-GB/shop/home-and-ents/all?department=Tobacco%20%26%20Alternatives&viewAll=department&page=,£10.40,£0.52/each,,,/groceries/en-GB/products/310186962,https://digitalcontent.api.tesco.com/v2/media/ghs/77b41404-479f-4dba-9148-981159cf490c/af7cf5e7-38ff-43f7-8e0b-6e2be79b64af_855597412.jpeg?h=225&w=225,
295770454,Players Superking Real Red 20 Pack,https://www.tesco.com/groceries/en-GB/shop/home-and-ents/all?department=Tobacco%20%26%20Alternatives&viewAll=department&page=,£10.40,£0.52/each,,,/groceries/en-GB/products/295770454,https://digitalcontent.api.tesco.com/v2/media/ghs/b4570882-e2ab-44bc-b5a1-77a8ab918f23/15f4c246-9ab2-4461-b1e0-d3637963f9ec_240856518.jpeg?h=225&w=225,
310098784,Benson & Hedges Blue 20 Pack,https://www.tesco.com/groceries/en-GB/shop/home-and-ents/all?department=Tobacco%20%26%20Alternatives&viewAll=department&page=,£10.40,£0.52/each,,,/groceries/en-GB/products/310098784,https://digitalcontent.api.tesco.com/v2/media/ghs/1b9364ad-df8c-48d8-ae10-72b4ee1400c5/ae153228-d274-47b0-aa56-5dfe0e1675f1_1586546232.jpeg?h=225&w=225,
310175468,Benson & Hedges Blue Superkings 20 Pack,https://www.tesco.com/groceries/en-GB/shop/home-and-ents/all?department=Tobacco%20%26%20Alternatives&viewAll=department&page=,£10.40,£0.52/each,,,/groceries/en-GB/products/310175468,https://digitalcontent.api.tesco.com/v2/media/ghs/70637f25-f084-47a8-a06a-560480b4daab/40d9ec35-51c3-4a43-bb7e-87f08b4d88cd_1666543637.jpeg?h=225&w=225,
305986783,Richmond Green Filter Superkings Cigarettes 20 Pack,https://www.tesco.com/groceries/en-GB/shop/home-and-ents/all?department=Tobacco%20%26%20Alternatives&viewAll=department&page=,£10.15,£0.51/each,,,/groceries/en-GB/products/305986783,https://digitalcontent.api.tesco.com/v2/media/ghs/de0eeb31-da02-470d-a118-db52aa1a8bf0/de21a5fd-6d52-4562-9fb5-571f8743f411_1217965618.jpeg?h=225&w=225,
296058323,Carlton Original Superking 20 Pack,https://www.tesco.com/groceries/en-GB/shop/home-and-ents/all?department=Tobacco%20%26%20Alternatives&viewAll=department&page=,£10.65,£0.53/each,,,/groceries/en-GB/products/296058323,https://digitalcontent.api.tesco.com/v2/media/ghs/5a58625a-5631-4c6f-bba2-edd57ef2f66f/fe1e71b8-e548-4d3d-8850-b665a14d274e_1456915221.jpeg?h=225&w=225,
295797843,Rothmans King Size Blue 20 Pack,https://www.tesco.com/groceries/en-GB/shop/home-and-ents/all?department=Tobacco%20%26%20Alternatives&viewAll=department&page=,£10.40,£0.52/each,,,/groceries/en-GB/products/295797843,https://digitalcontent.api.tesco.com/v2/media/ghs/731b7b87-8504-4211-902f-e80a1a564cd6/bfdc1c1c-83fb-42a2-b67c-9d3af49b22f4_1362732963.jpeg?h=225&w=225,
295527853,Lambert & Butler Original Silver 20 Pack,https://www.tesco.com/groceries/en-GB/shop/home-and-ents/all?department=Tobacco%20%26%20Alternatives&viewAll=department&page=,£11.20,£0.56/each,,,/groceries/en-GB/products/295527853,https://digitalcontent.api.tesco.com/v2/media/ghs/07258178-4977-4d65-aa75-2ac0a3114083/dd8de0fa-7654-4659-ac5e-40082d22a365_2065530225.jpeg?h=225&w=225,
294606250,Rothmans Blue King Size 24 Pack,https://www.tesco.com/groceries/en-GB/shop/home-and-ents/all?department=Tobacco%20%26%20Alternatives&viewAll=department&page=,£11.60,£0.48/each,,,/groceries/en-GB/products/294606250,https://digitalcontent.api.tesco.com/v2/media/ghs/7d59b84a-7d36-4258-b25a-0d34d33b1a6d/f0d422b5-eb1e-4f22-8d36-544737e12b6b_699201875.jpeg?h=225&w=225,
252879081,Swan Extra Slim Filter Tips 120 Pack,https://www.tesco.com/groceries/en-GB/shop/home-and-ents/all?department=Tobacco%20%26%20Alternatives&viewAll=department&page=,£1.04,£0.01/each,,,/groceries/en-GB/products/252879081,https://digitalcontent.api.tesco.com/v2/media/ghs/a2e9ee5f-19e4-4f88-8262-bef5eebeaa5a/e502f08c-18bb-44ba-865e-61c162cbeeb5_823425770.jpeg?h=225&w=225,
295901341,Players Real Red 20 Pack,https://www.tesco.com/groceries/en-GB/shop/home-and-ents/all?department=Tobacco%20%26%20Alternatives&viewAll=department&page=,£10.40,£0.52/each,,,/groceries/en-GB/products/295901341,https://digitalcontent.api.tesco.com/v2/media/ghs/b4ea3576-71d1-4aa9-9c07-d0790d3db87b/3d2973a4-e518-4125-8c5f-66e928ad09d5_20486543.jpeg?h=225&w=225,
295447544,L&B Blue Real Blue 20 Pack,https://www.tesco.com/groceries/en-GB/shop/home-and-ents/all?department=Tobacco%20%26%20Alternatives&viewAll=department&page=,£10.40,£0.52/each,,,/groceries/en-GB/products/295447544,https://digitalcontent.api.tesco.com/v2/media/ghs/c2e203db-fc7d-40c5-b17a-f672499c68a4/1c5c03bc-203d-4313-ad3a-1d6be48a9b41_2068232090.jpeg?h=225&w=225,
252745441,Rizla Green Papers Multi 5 Pack,https://www.tesco.com/groceries/en-GB/shop/home-and-ents/all?department=Tobacco%20%26%20Alternatives&viewAll=department&page=,£1.60,£0.32/each,,,/groceries/en-GB/products/252745441,https://digitalcontent.api.tesco.com/v2/media/ghs/c2904c8a-b8a2-4dac-a338-c7183faf8b76/8d0de2c4-6c33-45a4-890b-1d03de3f330e_3145085.jpeg?h=225&w=225,
255284157,Bryant & May Extra Long Matches Av 45 Matches,https://www.tesco.com/groceries/en-GB/shop/home-and-ents/all?department=Tobacco%20%26%20Alternatives&viewAll=department&page=,£1.00,£1.00/each,,,/groceries/en-GB/products/255284157,https://digitalcontent.api.tesco.com/v2/media/ghs/7aa01252-1a6e-4b57-bb96-ec9b543bf235/eab7c538-6dd0-48a4-b5f1-1f07f9ec5346_418878595.jpeg?h=225&w=225,
254602360,The Original Cooks Matches Av 220 Matches,https://www.tesco.com/groceries/en-GB/shop/home-and-ents/all?department=Tobacco%20%26%20Alternatives&viewAll=department&page=,£1.00,£0.00/each,,,/groceries/en-GB/products/254602360,https://digitalcontent.api.tesco.com/v2/media/ghs/df6e9513-e98a-4893-9fef-85a96b59c582/01302c93-9f5e-4b97-ab78-71e1c675cfea_1677737216.jpeg?h=225&w=225,
259729058,Swan Slim Loose Filters 165Pk,https://www.tesco.com/groceries/en-GB/shop/home-and-ents/all?department=Tobacco%20%26%20Alternatives&viewAll=department&page=,£0.91,£0.01/each,,,/groceries/en-GB/products/259729058,https://digitalcontent.api.tesco.com/v2/media/ghs/13f61edb-9860-4ba8-84f0-8fe05d0ff76e/da81a142-0a01-4201-8add-79851536b38a_209514725.jpeg?h=225&w=225,
258358763,Swan Vestas Matches 1 Box,https://www.tesco.com/groceries/en-GB/shop/home-and-ents/all?department=Tobacco%20%26%20Alternatives&viewAll=department&page=,£0.38,£0.38/each,,,/groceries/en-GB/products/258358763,https://digitalcontent.api.tesco.com/v2/media/ghs/ff2cefde-49b0-4a22-8d68-72936b042515/60c59fae-6bdd-4ade-9c63-d7f2495e4ba7_1837846266.jpeg?h=225&w=225,
295459410,Golden Virginia Yellow 50G,https://www.tesco.com/groceries/en-GB/shop/home-and-ents/all?department=Tobacco%20%26%20Alternatives&viewAll=department&page=,£26.40,£52.80/100g,,,/groceries/en-GB/products/295459410,https://digitalcontent.api.tesco.com/v2/media/ghs/8f37b288-83aa-43e8-a052-f5575f459b08/e496253c-67ba-4c3d-aeac-561496bd601f_40119793.jpeg?h=225&w=225,
295626367,Sterling Roll Your Own 50G,https://www.tesco.com/groceries/en-GB/shop/home-and-ents/all?department=Tobacco%20%26%20Alternatives&viewAll=department&page=,£23.95,£47.90/100g,,,/groceries/en-GB/products/295626367,https://digitalcontent.api.tesco.com/v2/media/ghs/7ebce3d2-b52d-42e8-bbf2-feb8923a830b/e18d2192-7f71-46c4-b53a-2ed2e88535db_560840285.jpeg?h=225&w=225,
309468808,Players Easy Rolling Tobacco Pouch 50G,https://www.tesco.com/groceries/en-GB/shop/home-and-ents/all?department=Tobacco%20%26%20Alternatives&viewAll=department&page=,£22.35,£44.70/100g,,,/groceries/en-GB/products/309468808,https://digitalcontent.api.tesco.com/v2/media/ghs/0be6ec76-0933-4f45-b030-fe84b679c133/3761a665-e74d-4274-ad13-c510d36b3c9d_85110711.jpeg?h=225&w=225,
256892622,Cricket Firepower Utility Lighter,https://www.tesco.com/groceries/en-GB/shop/home-and-ents/all?department=Tobacco%20%26%20Alternatives&viewAll=department&page=,£3.30,£3.30/each,,,/groceries/en-GB/products/256892622,https://digitalcontent.api.tesco.com/v2/media/ghs/c26775a6-a1c2-4874-9be4-e5b396de8e4a/3ab8ab6c-704e-44b2-85de-eaaeed1d32f4_25703572.jpeg?h=225&w=225,
310180717,Benson & Hedges Superkings Green 20 Cigarettes,https://www.tesco.com/groceries/en-GB/shop/home-and-ents/all?department=Tobacco%20%26%20Alternatives&viewAll=department&page=,£10.40,£0.52/each,,,/groceries/en-GB/products/310180717,https://digitalcontent.api.tesco.com/v2/media/ghs/6219cc6e-54ee-4d20-8935-0f413e02ad6d/bebf237e-b105-42f2-be7e-612a6883074a_306837317.jpeg?h=225&w=225,
294682986,Amber Leaf Roll Your Own 30G,https://www.tesco.com/groceries/en-GB/shop/home-and-ents/all?department=Tobacco%20%26%20Alternatives&viewAll=department&page=,£17.65,£58.84/100g,,,/groceries/en-GB/products/294682986,https://digitalcontent.api.tesco.com/v2/media/ghs/d1323254-b1f3-4c72-8948-c17bf9c08b04/e9578d78-4ce9-40fe-b2e8-f1daf9c772a2_95432630.jpeg?h=225&w=225,
279059590,Poppell Electronic Lighters 3 Pack,https://www.tesco.com/groceries/en-GB/shop/home-and-ents/all?department=Tobacco%20%26%20Alternatives&viewAll=department&page=,£2.65,£0.88/each,,,/groceries/en-GB/products/279059590,https://digitalcontent.api.tesco.com/v2/media/ghs/f52ac10c-e805-4e05-8d80-3d347ad933b8/3b6e307a-94cf-4db8-bdce-3459e1b0a952_1864148678.jpeg?h=225&w=225,
310186518,Silk Cut Purple 20 Cigarettes,https://www.tesco.com/groceries/en-GB/shop/home-and-ents/all?department=Tobacco%20%26%20Alternatives&viewAll=department&page=,£14.45,£0.72/each,,,/groceries/en-GB/products/310186518,https://digitalcontent.api.tesco.com/v2/media/ghs/7274de47-56d4-43a8-9a75-fb653b8a8245/a1826058-15a2-4348-9b2e-fdbe3511edb8_1182374462.jpeg?h=225&w=225,
310099869,Benson & Hedges Gold 20 Cigarettes,https://www.tesco.com/groceries/en-GB/shop/home-and-ents/all?department=Tobacco%20%26%20Alternatives&viewAll=department&page=,£14.36,£0.72/each,,,/groceries/en-GB/products/310099869,https://digitalcontent.api.tesco.com/v2/media/ghs/054291b5-61c2-4faa-92b4-d350bd6cb687/5c206cd1-d9a6-421a-acee-b215ca9e4c95_988126897.jpeg?h=225&w=225,
294779390,Dunhill International 20 Pack,https://www.tesco.com/groceries/en-GB/shop/home-and-ents/all?department=Tobacco%20%26%20Alternatives&viewAll=department&page=,£14.30,£0.72/each,,,/groceries/en-GB/products/294779390,https://digitalcontent.api.tesco.com/v2/media/ghs/3e611031-9f82-4ca5-9a3e-c899f667a70a/9baa090e-e8eb-4ce1-8c61-12784707a12f_2011894365.jpeg?h=225&w=225,
295538431,Regal Blue 20 Pack,https://www.tesco.com/groceries/en-GB/shop/home-and-ents/all?department=Tobacco%20%26%20Alternatives&viewAll=department&page=,£13.70,£0.68/each,,,/groceries/en-GB/products/295538431,https://digitalcontent.api.tesco.com/v2/media/ghs/1d6f60f8-9c02-4294-8006-62dac19e477f/cb8e1d2a-6ca4-4212-9fde-e6e7d9b6fbe1_1014128747.jpeg?h=225&w=225,
310169263,Sterling Dual 20 Cigarettes,https://www.tesco.com/groceries/en-GB/shop/home-and-ents/all?department=Tobacco%20%26%20Alternatives&viewAll=department&page=,£11.30,£0.56/each,,,/groceries/en-GB/products/310169263,https://digitalcontent.api.tesco.com/v2/media/ghs/d635f17c-18fb-4ded-b900-6bb3c4746deb/96ae3b5c-0250-4d55-9070-11c2441e240b_1643813265.jpeg?h=225&w=225,
256097291,Swan Menthol Extra Slim Filters 120 Pack,https://www.tesco.com/groceries/en-GB/shop/home-and-ents/all?department=Tobacco%20%26%20Alternatives&viewAll=department&page=,£1.06,£0.01/each,,,/groceries/en-GB/products/256097291,https://digitalcontent.api.tesco.com/v2/media/ghs/e177d85c-d726-4386-b17b-bf682a2c7374/f1d14d1a-8ac7-4792-9e4c-254b055da7cf_1223496633.jpeg?h=225&w=225,
310122981,Sterling Superking Original Red 20 Cigarettes,https://www.tesco.com/groceries/en-GB/shop/home-and-ents/all?department=Tobacco%20%26%20Alternatives&viewAll=department&page=,£11.20,£0.56/each,,,/groceries/en-GB/products/310122981,https://digitalcontent.api.tesco.com/v2/media/ghs/e11ac86f-8a9e-4012-a633-73615042076f/9681db2a-ac5a-4385-b227-1c8e9443f767_627971959.jpeg?h=225&w=225,
310158466,Benson & Hedges Silver 20 Cigarettes,https://www.tesco.com/groceries/en-GB/shop/home-and-ents/all?department=Tobacco%20%26%20Alternatives&viewAll=department&page=,£12.40,£0.62/each,,,/groceries/en-GB/products/310158466,https://digitalcontent.api.tesco.com/v2/media/ghs/ee77389a-9098-4723-a797-23c9fa1cf43a/ae3c1355-1914-46bd-8f60-ab17fa487dd6_872621992.jpeg?h=225&w=225,
283168339,Swan Ultra Slim Filter Tips 126 Pack,https://www.tesco.com/groceries/en-GB/shop/home-and-ents/all?department=Tobacco%20%26%20Alternatives&viewAll=department&page=,£1.05,£0.01/each,,,/groceries/en-GB/products/283168339,https://digitalcontent.api.tesco.com/v2/media/ghs/65f1eb7b-6918-4aad-92d0-8edc730182a0/39b0b61c-0739-4dc9-93dd-e1709a46336e_1054569435.jpeg?h=225&w=225,
309740895,Sterling Superkings Green Cigarettes 20 Pack,https://www.tesco.com/groceries/en-GB/shop/home-and-ents/all?department=Tobacco%20%26%20Alternatives&viewAll=department&page=,£11.20,£0.56/each,,,/groceries/en-GB/products/309740895,https://digitalcontent.api.tesco.com/v2/media/ghs/b09e0fb3-f974-4b83-872e-0ff1da08fda3/19319ae3-38c0-4fc3-b220-341583de1bf9_1785286363.jpeg?h=225&w=225,
295362269,Richmond Bright Superkings 20 Pack,https://www.tesco.com/groceries/en-GB/shop/home-and-ents/all?department=Tobacco%20%26%20Alternatives&viewAll=department&page=,£10.15,£0.51/each,,,/groceries/en-GB/products/295362269,https://digitalcontent.api.tesco.com/v2/media/ghs/8ade3c53-e6ac-4902-a108-87a73c308d3f/59e2fb36-7e7d-4c31-8800-3e460e231303_935312545.jpeg?h=225&w=225,
295630586,Rothmans Kingsize Silver 20 Pack,https://www.tesco.com/groceries/en-GB/shop/home-and-ents/all?department=Tobacco%20%26%20Alternatives&viewAll=department&page=,£10.40,£0.52/each,,,/groceries/en-GB/products/295630586,https://digitalcontent.api.tesco.com/v2/media/ghs/de4a609a-34b2-4077-8249-6bca338ff576/5319ef1f-128c-4b73-9a43-4da3aa9c9baa_169203580.jpeg?h=225&w=225,
294761772,Embassy Signature Gold 20 Pack,https://www.tesco.com/groceries/en-GB/shop/home-and-ents/all?department=Tobacco%20%26%20Alternatives&viewAll=department&page=,£10.15,£0.51/each,,,/groceries/en-GB/products/294761772,https://digitalcontent.api.tesco.com/v2/media/ghs/85649d05-76e7-406b-87eb-9714859eb6ee/05c92922-c80a-40bd-a28f-98829b2726fa_1876620329.jpeg?h=225&w=225,
306664137,Pall Mall Flow Blue Superkings 20 Cigarettes,https://www.tesco.com/groceries/en-GB/shop/home-and-ents/all?department=Tobacco%20%26%20Alternatives&viewAll=department&page=,£10.40,£0.52/each,,,/groceries/en-GB/products/306664137,https://digitalcontent.api.tesco.com/v2/media/ghs/25c09fca-c16e-4db2-b4fc-38924f75386d/e455ef73-fe47-47bf-8ffd-34e96846b1d6_1811444580.jpeg?h=225&w=225,
310100917,Sovereign Dual 20 Cigarettes,https://www.tesco.com/groceries/en-GB/shop/home-and-ents/all?department=Tobacco%20%26%20Alternatives&viewAll=department&page=,£10.50,£0.52/each,,,/groceries/en-GB/products/310100917,https://digitalcontent.api.tesco.com/v2/media/ghs/c00dd935-f2de-467b-a64f-cfe1f43da827/487ff7d2-b498-45e2-94ec-e0748b879432_1890862284.jpeg?h=225&w=225,
309459059,Marlboro Touch 20 Cigarettes,https://www.tesco.com/groceries/en-GB/shop/home-and-ents/all?department=Tobacco%20%26%20Alternatives&viewAll=department&page=,£10.95,£0.55/each,,,/groceries/en-GB/products/309459059,https://digitalcontent.api.tesco.com/v2/media/ghs/5bea2575-d56a-4bc1-bc1f-8bed6f4f1122/4d9b2154-3a3d-49aa-858f-29c3ea4af5b9_1402131323.jpeg?h=225&w=225,
306493460,Pall Mall Flow Red Superkings 20 Cigarettes,https://www.tesco.com/groceries/en-GB/shop/home-and-ents/all?department=Tobacco%20%26%20Alternatives&viewAll=department&page=,£10.40,£0.52/each,,,/groceries/en-GB/products/306493460,https://digitalcontent.api.tesco.com/v2/media/ghs/d6c160a6-5652-42f7-a28b-eb809d06d896/f60c36a4-9a96-4889-807c-6532d0dd4bdd_330924387.jpeg?h=225&w=225,
295772348,Players Bright Superking 20 Pack,https://www.tesco.com/groceries/en-GB/shop/home-and-ents/all?department=Tobacco%20%26%20Alternatives&viewAll=department&page=,£10.40,£0.52/each,,,/groceries/en-GB/products/295772348,https://digitalcontent.api.tesco.com/v2/media/ghs/728dc7a1-1d8c-4ede-b496-229276de0783/3c3e8967-faf9-4301-aea1-aae00c962a47_1903309445.jpeg?h=225&w=225,
310163442,Sovereign Blue Cigarettes 20 Pack,https://www.tesco.com/groceries/en-GB/shop/home-and-ents/all?department=Tobacco%20%26%20Alternatives&viewAll=department&page=,£10.40,£0.52/each,,,/groceries/en-GB/products/310163442,https://digitalcontent.api.tesco.com/v2/media/ghs/874796db-cd94-4ff4-8a10-0355a72eb1a3/389d7a8c-0b25-4284-bc8f-1fa2b4fc5f59_2039275730.jpeg?h=225&w=225,
295373786,L&B Blue Real Blue Superkings 20 Pack,https://www.tesco.com/groceries/en-GB/shop/home-and-ents/all?department=Tobacco%20%26%20Alternatives&viewAll=department&page=,£10.40,£0.52/each,,,/groceries/en-GB/products/295373786,https://digitalcontent.api.tesco.com/v2/media/ghs/d44abb19-0145-4b28-bfb3-cc37d5ab90ee/95a410cd-b30f-491e-ac96-659508125981_686655481.jpeg?h=225&w=225,
309476948,Mayfair Original Blue Cigarettes 20 Pack,https://www.tesco.com/groceries/en-GB/shop/home-and-ents/all?department=Tobacco%20%26%20Alternatives&viewAll=department&page=,£11.55,£0.58/each,,,/groceries/en-GB/products/309476948,https://digitalcontent.api.tesco.com/v2/media/ghs/e8f08de4-af84-4cec-b714-687ef0812c9a/c2bb6338-a414-4cf6-aded-8d10dbd7b5af_242546031.jpeg?h=225&w=225,
258372555,Rizla Blue Papers,https://www.tesco.com/groceries/en-GB/shop/home-and-ents/all?department=Tobacco%20%26%20Alternatives&viewAll=department&page=,£0.36,£0.36/each,,,/groceries/en-GB/products/258372555,https://digitalcontent.api.tesco.com/v2/media/ghs/209dd3da-c3ea-4bcd-bbd4-6337f31fcc18/0daa2660-6ac0-4b31-8b85-bdc519e03c6b_228356007.jpeg?h=225&w=225,
307139712,Rizla Menthol Chill Flavour Card,https://www.tesco.com/groceries/en-GB/shop/home-and-ents/all?department=Tobacco%20%26%20Alternatives&viewAll=department&page=,£0.39,£0.39/each,,,/groceries/en-GB/products/307139712,https://digitalcontent.api.tesco.com/v2/media/ghs/5e7f6ded-64e8-49f7-b102-697411a23ebb/6dc76c38-89aa-4978-af38-975975256d53_1995175456.jpeg?h=225&w=225,
258372618,Rizla Liquorice Papers,https://www.tesco.com/groceries/en-GB/shop/home-and-ents/all?department=Tobacco%20%26%20Alternatives&viewAll=department&page=,£0.46,£0.46/each,,,/groceries/en-GB/products/258372618,https://digitalcontent.api.tesco.com/v2/media/ghs/3160b0cd-3647-4e4f-88a1-cb09c38b963a/0eece76c-fd70-402a-b87c-393cf2943173_1369489545.jpeg?h=225&w=225,
299913171,Players Real Red Superking 5 X 20 Pack,https://www.tesco.com/groceries/en-GB/shop/home-and-ents/all?department=Tobacco%20%26%20Alternatives&viewAll=department&page=,£51.75,£0.52/each,,,/groceries/en-GB/products/299913171,https://digitalcontent.api.tesco.com/v2/media/ghs/157ef745-470a-4ed1-8af0-38dd64296208/72c95752-1eff-4c06-bfc5-539bb29ffc9c_584742025.jpeg?h=225&w=225,
302430144,Riverstone 50G,https://www.tesco.com/groceries/en-GB/shop/home-and-ents/all?department=Tobacco%20%26%20Alternatives&viewAll=department&page=,£22.35,£44.70/100g,,,/groceries/en-GB/products/302430144,https://digitalcontent.api.tesco.com/v2/media/ghs/f2acf898-dd5f-47c8-bd78-54809e52592e/d5f61d7d-ca94-4688-a2ec-993ec207bfd2_997696985.jpeg?h=225&w=225,
295458744,Golden Virginia The Original 30G,https://www.tesco.com/groceries/en-GB/shop/home-and-ents/all?department=Tobacco%20%26%20Alternatives&viewAll=department&page=,£17.65,£0.59/each,,,/groceries/en-GB/products/295458744,https://digitalcontent.api.tesco.com/v2/media/ghs/54d491e3-ea32-4488-8ee0-432cc9d20609/befdd611-8a90-4aae-aee7-3c4f2aecfd2f_329681091.jpeg?h=225&w=225,
295494176,Gold Leaf Jps 30G,https://www.tesco.com/groceries/en-GB/shop/home-and-ents/all?department=Tobacco%20%26%20Alternatives&viewAll=department&page=,£14.60,£4.87/10g,,,/groceries/en-GB/products/295494176,https://digitalcontent.api.tesco.com/v2/media/ghs/4e802bc5-a85f-4daf-ad77-04218f034d5f/0f1ad927-bbb6-4095-8041-71fb3ca21cb6_14948244.jpeg?h=225&w=225,
309789486,Silk Cut Silver Cigarettes 20 Pack,https://www.tesco.com/groceries/en-GB/shop/home-and-ents/all?department=Tobacco%20%26%20Alternatives&viewAll=department&page=,£14.45,£0.72/each,,,/groceries/en-GB/products/309789486,https://digitalcontent.api.tesco.com/v2/media/ghs/fb7dce9a-7f4b-4d0b-8b9a-3abd77d45079/aaa914f9-370c-4904-af46-95947f0579a1_502029828.jpeg?h=225&w=225,
310154453,Silk Cut Purple 100S 20 Cigarettes,https://www.tesco.com/groceries/en-GB/shop/home-and-ents/all?department=Tobacco%20%26%20Alternatives&viewAll=department&page=,£14.45,£0.72/each,,,/groceries/en-GB/products/310154453,https://digitalcontent.api.tesco.com/v2/media/ghs/e553a090-9bcd-4366-8fa1-d97d48189d4d/04ba270e-1fe3-444d-8235-90094e8f3fc7_1285614762.jpeg?h=225&w=225,
302419844,Marlboro Roll Your Own 30G,https://www.tesco.com/groceries/en-GB/shop/home-and-ents/all?department=Tobacco%20%26%20Alternatives&viewAll=department&page=,£12.90,£43.00/100g,,,/groceries/en-GB/products/302419844,https://digitalcontent.api.tesco.com/v2/media/ghs/28ee3c29-8ecc-4bff-8e66-f4803619f70b/snapshotimagehandler_1910884533.jpeg?h=225&w=225,
295628970,Classic Fine Cigars 5 Pack,https://www.tesco.com/groceries/en-GB/shop/home-and-ents/all?department=Tobacco%20%26%20Alternatives&viewAll=department&page=,£7.85,£1.57/each,,,/groceries/en-GB/products/295628970,https://digitalcontent.api.tesco.com/v2/media/ghs/6777ffae-f4cb-40a2-9f4e-a3e15e9a5abb/b0d5fb09-b535-4f3c-a59f-98eb7a49e80f_836397334.jpeg?h=225&w=225,
295409106,Dunhill Red 20 Pack,https://www.tesco.com/groceries/en-GB/shop/home-and-ents/all?department=Tobacco%20%26%20Alternatives&viewAll=department&page=,£14.00,£0.70/each,,,/groceries/en-GB/products/295409106,https://digitalcontent.api.tesco.com/v2/media/ghs/33f71610-c8cf-440c-8872-7ccc8f92d663/2779fcb0-7506-4951-b7fb-64ef17710a3f_1669677674.jpeg?h=225&w=225,
294434083,Royals Red King Size 23 Pack,https://www.tesco.com/groceries/en-GB/shop/home-and-ents/all?department=Tobacco%20%26%20Alternatives&viewAll=department&page=,£14.05,£0.61/each,,,/groceries/en-GB/products/294434083,https://digitalcontent.api.tesco.com/v2/media/ghs/a35efbbf-622d-4ad5-bf1a-5369bb1a4851/7991dd23-47fc-4c21-8cbe-0b23083f49c5_388475659.jpeg?h=225&w=225,
295447475,L&B Blue Bright Superking 20 Pack,https://www.tesco.com/groceries/en-GB/shop/home-and-ents/all?department=Tobacco%20%26%20Alternatives&viewAll=department&page=,£10.40,£0.52/each,,,/groceries/en-GB/products/295447475,https://digitalcontent.api.tesco.com/v2/media/ghs/a6deb187-1567-4ee8-be13-2b02d5886461/f89d3739-f39a-4deb-818b-abd4db9b26a2_1205892236.jpeg?h=225&w=225,
308494300,Heets Amber Selection Tobacco Sticks 20 Pack,https://www.tesco.com/groceries/en-GB/shop/home-and-ents/all?department=Tobacco%20%26%20Alternatives&viewAll=department&page=,£5.00,£0.25/each,,,/groceries/en-GB/products/308494300,https://digitalcontent.api.tesco.com/v2/media/ghs/6148feeb-9585-411e-9e92-9906c98fcacd/dcc2427c-2ee8-419a-aaf5-8f8b9309b3a8_2071685286.jpeg?h=225&w=225,
295327168,Jps Legendary Black 20 Pack,https://www.tesco.com/groceries/en-GB/shop/home-and-ents/all?department=Tobacco%20%26%20Alternatives&viewAll=department&page=,£12.75,£0.64/each,,,/groceries/en-GB/products/295327168,https://digitalcontent.api.tesco.com/v2/media/ghs/934a7021-4521-4785-99fa-fe9dc0379954/ee2a5322-33ef-4360-a32c-a7c10a421569_985803360.jpeg?h=225&w=225,
310139938,Sterling Original Red 20 Cigarettes,https://www.tesco.com/groceries/en-GB/shop/home-and-ents/all?department=Tobacco%20%26%20Alternatives&viewAll=department&page=,£11.20,£0.56/each,,,/groceries/en-GB/products/310139938,https://digitalcontent.api.tesco.com/v2/media/ghs/d3c6e153-6034-462f-9841-a9696d47050a/5f44fb33-feb1-40e6-bd3d-bf9db66d3de1_354552719.jpeg?h=225&w=225,
309458227,Marlboro Red 20 Cigarettes,https://www.tesco.com/groceries/en-GB/shop/home-and-ents/all?department=Tobacco%20%26%20Alternatives&viewAll=department&page=,£12.75,£0.64/each,,,/groceries/en-GB/products/309458227,https://digitalcontent.api.tesco.com/v2/media/ghs/a05b68ad-759b-4c99-a1bf-7a340b88e78c/eed44739-6722-4b00-9403-4c399f846308_858021905.jpeg?h=225&w=225,
295447498,L&B Blue Bright Air Filter 20 Pack,https://www.tesco.com/groceries/en-GB/shop/home-and-ents/all?department=Tobacco%20%26%20Alternatives&viewAll=department&page=,£10.40,£0.52/each,,,/groceries/en-GB/products/295447498,https://digitalcontent.api.tesco.com/v2/media/ghs/b0d1f2ff-dc5e-4541-9f8e-ddcee7a95aaf/943c4734-a9ac-4ab2-b099-6d8fb296e79b_1825336567.jpeg?h=225&w=225,
304000443,Embassy Signature Gold Superking 20 Pack,https://www.tesco.com/groceries/en-GB/shop/home-and-ents/all?department=Tobacco%20%26%20Alternatives&viewAll=department&page=,£10.15,£0.51/each,,,/groceries/en-GB/products/304000443,https://digitalcontent.api.tesco.com/v2/media/ghs/4236bf36-3dc0-4b79-92f7-3bb89cf5c791/99f9fbc4-bbc6-4267-b6b5-d09264abe79e_2092337925.jpeg?h=225&w=225,
296058277,Carlton Original King Size 20 Pack,https://www.tesco.com/groceries/en-GB/shop/home-and-ents/all?department=Tobacco%20%26%20Alternatives&viewAll=department&page=,£10.65,£0.53/each,,,/groceries/en-GB/products/296058277,https://digitalcontent.api.tesco.com/v2/media/ghs/e69318f2-3157-4833-aa8d-d5b7b002e83e/583ac4ff-f4ef-45f5-a297-915caa25ef8d_921029785.jpeg?h=225&w=225,
295036253,Jps Silver Stream 20 Pack,https://www.tesco.com/groceries/en-GB/shop/home-and-ents/all?department=Tobacco%20%26%20Alternatives&viewAll=department&page=,£11.20,£0.56/each,,,/groceries/en-GB/products/295036253,https://digitalcontent.api.tesco.com/v2/media/ghs/b7badf5d-6909-4225-87c6-5090605f6a64/83599e2e-26ba-4282-8157-60cab8835afd_1155860035.jpeg?h=225&w=225,
295315891,Richmond Original 20 Pack,https://www.tesco.com/groceries/en-GB/shop/home-and-ents/all?department=Tobacco%20%26%20Alternatives&viewAll=department&page=,£10.15,£0.51/each,,,/groceries/en-GB/products/295315891,https://digitalcontent.api.tesco.com/v2/media/ghs/7ab9e4f7-6d96-4e3d-9a1d-489bdc6f71a3/9410904c-6fed-4a40-945e-5363b4a5345a_1980613338.jpeg?h=225&w=225,
295362799,Jps Real Blue 20 Pack,https://www.tesco.com/groceries/en-GB/shop/home-and-ents/all?department=Tobacco%20%26%20Alternatives&viewAll=department&page=,£11.20,£0.56/each,,,/groceries/en-GB/products/295362799,https://digitalcontent.api.tesco.com/v2/media/ghs/078be87b-923a-48eb-95e7-fbf4fb45bef0/eb52f684-efb4-4048-bc5f-400f561988d9_171932272.jpeg?h=225&w=225,
296058352,Carlton Bright Superking 20 Pack,https://www.tesco.com/groceries/en-GB/shop/home-and-ents/all?department=Tobacco%20%26%20Alternatives&viewAll=department&page=,£10.65,£0.53/each,,,/groceries/en-GB/products/296058352,https://digitalcontent.api.tesco.com/v2/media/ghs/def0f56f-c357-472e-8cc9-fd142018527b/d1aeaa32-17ef-4bec-a8d5-233c3c63bae0_587067430.jpeg?h=225&w=225,
305982689,Players Green Filter Superkings Cigarettes 20 Pack,https://www.tesco.com/groceries/en-GB/shop/home-and-ents/all?department=Tobacco%20%26%20Alternatives&viewAll=department&page=,£10.40,£0.52/each,,,/groceries/en-GB/products/305982689,https://digitalcontent.api.tesco.com/v2/media/ghs/8d1394fb-8d73-4477-b973-34d5a6fca26e/39ea9778-aba5-4d68-a410-0c3ba2fbc138_2018383420.jpeg?h=225&w=225,
295315401,Lambert & Butler Bright 20 Pack,https://www.tesco.com/groceries/en-GB/shop/home-and-ents/all?department=Tobacco%20%26%20Alternatives&viewAll=department&page=,£11.20,£0.56/each,,,/groceries/en-GB/products/295315401,https://digitalcontent.api.tesco.com/v2/media/ghs/8fd8dcf0-be0a-497d-8996-7077cb292f53/0ae36760-9705-40cf-b661-eec60c28bc37_1728589285.jpeg?h=225&w=225,
310144586,Sovereign Sky Blue 20 Cigarettes,https://www.tesco.com/groceries/en-GB/shop/home-and-ents/all?department=Tobacco%20%26%20Alternatives&viewAll=department&page=,£10.40,£0.52/each,,,/groceries/en-GB/products/310144586,https://digitalcontent.api.tesco.com/v2/media/ghs/9ccd79be-04ae-4765-a0f4-91c65a7eec56/b3f38a4b-b6e3-4140-adf4-62cf85910a6d_1965565349.jpeg?h=225&w=225,
310093530,Mayfair White 20 Cigarettes,https://www.tesco.com/groceries/en-GB/shop/home-and-ents/all?department=Tobacco%20%26%20Alternatives&viewAll=department&page=,£11.55,£0.58/each,,,/groceries/en-GB/products/310093530,https://digitalcontent.api.tesco.com/v2/media/ghs/64c6a02d-7a52-4e3b-b1c0-996b4d996a2b/5554f65b-c226-448a-b1d8-b2bf2a29abce_1156126495.jpeg?h=225&w=225,
310108097,Mayfair Sky Blue 20 Cigarettes,https://www.tesco.com/groceries/en-GB/shop/home-and-ents/all?department=Tobacco%20%26%20Alternatives&viewAll=department&page=,£11.55,£0.58/each,,,/groceries/en-GB/products/310108097,https://digitalcontent.api.tesco.com/v2/media/ghs/e6fffef3-285f-487b-8aa1-9ff99bf2d045/55808b87-fa56-4916-a509-68815485b890_845198555.jpeg?h=225&w=225,
295901289,Players Bright 20 Pack,https://www.tesco.com/groceries/en-GB/shop/home-and-ents/all?department=Tobacco%20%26%20Alternatives&viewAll=department&page=,£10.40,£0.52/each,,,/groceries/en-GB/products/295901289,https://digitalcontent.api.tesco.com/v2/media/ghs/9f86139b-6190-426b-82ae-fb1d036a0691/2d19daae-7642-405b-9ead-84e7edb29328_1354034673.jpeg?h=225&w=225,
309482468,Mayfair Superkings Original Blue 20 Cigarettes,https://www.tesco.com/groceries/en-GB/shop/home-and-ents/all?department=Tobacco%20%26%20Alternatives&viewAll=department&page=,£11.55,£0.58/each,,,/groceries/en-GB/products/309482468,https://digitalcontent.api.tesco.com/v2/media/ghs/75b773f2-3bae-4ced-9c03-fe94fff78e83/0680b773-3d3b-4e8c-acde-01a364d9fb6b_1693454653.jpeg?h=225&w=225,
254548487,Rizla Blue Slim King Size Papers,https://www.tesco.com/groceries/en-GB/shop/home-and-ents/all?department=Tobacco%20%26%20Alternatives&viewAll=department&page=,£0.89,£0.89/each,,,/groceries/en-GB/products/254548487,https://digitalcontent.api.tesco.com/v2/media/ghs/9fe75bf9-6aac-4e3d-b904-91bec2b41fae/10c74236-420b-4497-8d1b-d26b30bc43c2_670946321.jpeg?h=225&w=225,
256809585,Rizla Silver Slim King Size Papers,https://www.tesco.com/groceries/en-GB/shop/home-and-ents/all?department=Tobacco%20%26%20Alternatives&viewAll=department&page=,£0.94,£0.94/each,,,/groceries/en-GB/products/256809585,https://digitalcontent.api.tesco.com/v2/media/ghs/39791a5c-1672-4e40-a8f3-4ff4799bbb4e/01489f39-ec33-4f55-b50f-c0d7cf4b6634_496704724.jpeg?h=225&w=225,
296481817,Zig Zag Green 8 Paper,https://www.tesco.com/groceries/en-GB/shop/home-and-ents/all?department=Tobacco%20%26%20Alternatives&viewAll=department&page=,£1.02,£0.13/each,,,/groceries/en-GB/products/296481817,https://digitalcontent.api.tesco.com/v2/media/ghs/1ae89847-9001-4e64-84de-8a9ae666f2bb/c55430e6-8441-4d64-b4f6-b69d9932c33a_721238577.jpeg?h=225&w=225,
307138765,Rizla Fresh Mint Flavour Card,https://www.tesco.com/groceries/en-GB/shop/home-and-ents/all?department=Tobacco%20%26%20Alternatives&viewAll=department&page=,£0.39,£0.39/each,,,/groceries/en-GB/products/307138765,https://digitalcontent.api.tesco.com/v2/media/ghs/ba3fcae3-14d1-456c-89a2-143073e769f5/38d225a8-ebed-477f-a102-d756926c1230_814564783.jpeg?h=225&w=225,
262483314,Rizla Silver Regular Papers,https://www.tesco.com/groceries/en-GB/shop/home-and-ents/all?department=Tobacco%20%26%20Alternatives&viewAll=department&page=,£0.46,£0.46/each,,,/groceries/en-GB/products/262483314,https://digitalcontent.api.tesco.com/v2/media/ghs/879c4367-a0f6-4e1e-b180-88c670c2f63d/36a2ff51-6d1a-458c-8a7b-daf38af2a76a_1495504271.jpeg?h=225&w=225,
310151306,Benson & Hedges Blue Superkings Cigarettes 5X20 Multipack,https://www.tesco.com/groceries/en-GB/shop/home-and-ents/all?department=Tobacco%20%26%20Alternatives&viewAll=department&page=,£51.75,£0.52/each,,,/groceries/en-GB/products/310151306,https://digitalcontent.api.tesco.com/v2/media/ghs/97f641e7-9d84-4d14-86be-19a72bd6f689/07713084-2a36-48f5-b73d-24db617dd5c3_1670433143.jpeg?h=225&w=225,
310145435,Benson & Hedges Blue Cigarettes 5X20 Multipack,https://www.tesco.com/groceries/en-GB/shop/home-and-ents/all?department=Tobacco%20%26%20Alternatives&viewAll=department&page=,£51.75,£0.52/each,,,/groceries/en-GB/products/310145435,https://digitalcontent.api.tesco.com/v2/media/ghs/c2e11ad9-71cc-4769-bf53-0c20f54eeba9/7a5c305a-f320-4f55-ada7-b6fe9ab6bca1_173293519.jpeg?h=225&w=225,
295528005,Lambert & Butler Original Silver 100 Pack,https://www.tesco.com/groceries/en-GB/shop/home-and-ents/all?department=Tobacco%20%26%20Alternatives&viewAll=department&page=,£55.75,£0.56/each,,,/groceries/en-GB/products/295528005,https://digitalcontent.api.tesco.com/v2/media/ghs/631b44e0-a674-49c9-b0db-1828b9ad5fed/20a43632-6d5e-45d9-899d-14dbdca2eb99_261074986.jpeg?h=225&w=225,
296241503,Cutters Choice Extra Fine 50G,https://www.tesco.com/groceries/en-GB/shop/home-and-ents/all?department=Tobacco%20%26%20Alternatives&viewAll=department&page=,£26.35,£52.70/100g,,,/groceries/en-GB/products/296241503,https://digitalcontent.api.tesco.com/v2/media/ghs/ecbbad9f-b40b-425f-97b5-af00a0edf6ac/ba51d514-e1e8-430b-bfde-91dcf89b26e7_104234649.jpeg?h=225&w=225,
295348212,Golden Virginia Yellow 30G,https://www.tesco.com/groceries/en-GB/shop/home-and-ents/all?department=Tobacco%20%26%20Alternatives&viewAll=department&page=,£15.95,£53.17/100g,,,/groceries/en-GB/products/295348212,https://digitalcontent.api.tesco.com/v2/media/ghs/616c7978-2a12-485d-b942-27f850f33471/cd0d9442-ec1f-48f3-92ef-18d0c3d78509_1483591868.jpeg?h=225&w=225,
296242060,Cutters Choice Extra Fine 30G,https://www.tesco.com/groceries/en-GB/shop/home-and-ents/all?department=Tobacco%20%26%20Alternatives&viewAll=department&page=,£16.00,£5.34/10g,,,/groceries/en-GB/products/296242060,https://digitalcontent.api.tesco.com/v2/media/ghs/3f7215a0-c7d3-42aa-8f30-8fff6b1624d6/fb03282e-4f6c-4427-8432-c1058d9c7f23_1135282145.jpeg?h=225&w=225,
308486074,Players Easy Rolling Tobacco 30G,https://www.tesco.com/groceries/en-GB/shop/home-and-ents/all?department=Tobacco%20%26%20Alternatives&viewAll=department&page=,£13.65,£45.50/100g,,,/groceries/en-GB/products/308486074,https://digitalcontent.api.tesco.com/v2/media/ghs/a50cff45-936c-46b9-be4e-89bb014c30d1/2c590237-f4a4-479e-8588-7b2129cab234_2144384399.jpeg?h=225&w=225,
310146912,Benson & Hedges Gold 100 Cigarettes 20 Pack,https://www.tesco.com/groceries/en-GB/shop/home-and-ents/all?department=Tobacco%20%26%20Alternatives&viewAll=department&page=,£14.40,£0.72/each,,,/groceries/en-GB/products/310146912,https://digitalcontent.api.tesco.com/v2/media/ghs/f6cb3eb2-5530-4be4-ae7a-21b76662ef5b/f40c0ed9-4e02-47f1-b041-168aeff489c6_2078614620.jpeg?h=225&w=225,
309496884,Marlboro Gold Superking 20 Cigarettes,https://www.tesco.com/groceries/en-GB/shop/home-and-ents/all?department=Tobacco%20%26%20Alternatives&viewAll=department&page=,£12.80,£0.64/each,,,/groceries/en-GB/products/309496884,https://digitalcontent.api.tesco.com/v2/media/ghs/002dcac8-328f-410b-afa0-d6cfa0042db4/33b0aa42-9d7a-45b9-b43c-d1387a3e1f93_1222712772.jpeg?h=225&w=225,
294761708,Embassy Filter Red 20 Pack,https://www.tesco.com/groceries/en-GB/shop/home-and-ents/all?department=Tobacco%20%26%20Alternatives&viewAll=department&page=,£13.70,£0.68/each,,,/groceries/en-GB/products/294761708,https://digitalcontent.api.tesco.com/v2/media/ghs/ebe899ca-81e9-4fc1-b16c-5de84b416c1b/30de0c4b-74e0-454a-a236-1d53812d2289_1387859728.jpeg?h=225&w=225,
308844307,Heets Sienna Selection Tobacco Sticks 20 Pack,https://www.tesco.com/groceries/en-GB/shop/home-and-ents/all?department=Tobacco%20%26%20Alternatives&viewAll=department&page=,£5.00,£0.25/each,,,/groceries/en-GB/products/308844307,https://digitalcontent.api.tesco.com/v2/media/ghs/d6f2d7e0-327f-46da-95b2-003719401ea4/aee84011-a0a9-4206-abe8-b641ba0d091e_1819774892.jpeg?h=225&w=225,
308836127,Heets Blue Selection Tobacco Sticks 20 Pack,https://www.tesco.com/groceries/en-GB/shop/home-and-ents/all?department=Tobacco%20%26%20Alternatives&viewAll=department&page=,£5.00,£0.25/each,,,/groceries/en-GB/products/308836127,https://digitalcontent.api.tesco.com/v2/media/ghs/21755d11-998b-43fa-ae37-790c0f30bea7/84a64d10-1b27-4eb4-abbd-138f92aede6b_304774217.jpeg?h=225&w=225,
294341463,Royals Red King Size 20 Pack,https://www.tesco.com/groceries/en-GB/shop/home-and-ents/all?department=Tobacco%20%26%20Alternatives&viewAll=department&page=,£12.80,£0.64/each,,,/groceries/en-GB/products/294341463,https://digitalcontent.api.tesco.com/v2/media/ghs/adedc458-762f-4f75-85f9-fa9b110647f6/304cb78c-2a99-4283-b681-7b6f475fbb86_2055952610.jpeg?h=225&w=225,
295035191,Superkings Original Black 20 Pack,https://www.tesco.com/groceries/en-GB/shop/home-and-ents/all?department=Tobacco%20%26%20Alternatives&viewAll=department&page=,£13.70,£0.68/each,,,/groceries/en-GB/products/295035191,https://digitalcontent.api.tesco.com/v2/media/ghs/3990f9ec-e07f-4f2f-88a4-84f36e663450/9d38c693-2316-461e-a5bf-b89b849703a5_1455238.jpeg?h=225&w=225,
295458404,Windsor Blue Real Blue 20 Pack,https://www.tesco.com/groceries/en-GB/shop/home-and-ents/all?department=Tobacco%20%26%20Alternatives&viewAll=department&page=,£11.20,£0.56/each,,,/groceries/en-GB/products/295458404,https://digitalcontent.api.tesco.com/v2/media/ghs/b9e9959b-17ce-4376-8ee5-90638521981d/fb1f3061-0e2e-47a9-8b07-a02a4fdec0ab_495501455.jpeg?h=225&w=225,
295035375,Superkings Bright 20 Pack,https://www.tesco.com/groceries/en-GB/shop/home-and-ents/all?department=Tobacco%20%26%20Alternatives&viewAll=department&page=,£13.70,£0.68/each,,,/groceries/en-GB/products/295035375,https://digitalcontent.api.tesco.com/v2/media/ghs/94d2384d-3ea2-4ae3-af5b-6dd06877511b/7c6bb3f0-a2bd-48a1-8a94-799c55e8a31b_487190314.jpeg?h=225&w=225,
294779763,Rothmans Original King Size 20 Pack,https://www.tesco.com/groceries/en-GB/shop/home-and-ents/all?department=Tobacco%20%26%20Alternatives&viewAll=department&page=,£14.00,£0.70/each,,,/groceries/en-GB/products/294779763,https://digitalcontent.api.tesco.com/v2/media/ghs/71ed6e9e-60dd-4db9-85f8-540bce9257e5/89889345-87b7-4777-a90c-c293a135d3bd_863128215.jpeg?h=225&w=225,
296058444,Carlton Bright 20 Pack,https://www.tesco.com/groceries/en-GB/shop/home-and-ents/all?department=Tobacco%20%26%20Alternatives&viewAll=department&page=,£10.65,£0.53/each,,,/groceries/en-GB/products/296058444,https://digitalcontent.api.tesco.com/v2/media/ghs/8f7d51be-744a-4c06-ba7a-060a64cfa048/2656d758-46c8-4a3c-8f03-182659bf866a_1797217854.jpeg?h=225&w=225,
264254208,Poppell Electronic Lighter,https://www.tesco.com/groceries/en-GB/shop/home-and-ents/all?department=Tobacco%20%26%20Alternatives&viewAll=department&page=,£1.06,£1.06/each,,,/groceries/en-GB/products/264254208,https://digitalcontent.api.tesco.com/v2/media/ghs/3f8550b8-bb2a-4956-b0ca-cec6680fc0c0/1ef14c07-35c8-41c7-8c39-9bb27231c5ca_828185485.jpeg?h=225&w=225,
295362557,Jps Superkings Real Blue 20 Pack,https://www.tesco.com/groceries/en-GB/shop/home-and-ents/all?department=Tobacco%20%26%20Alternatives&viewAll=department&page=,£11.20,£0.56/each,,,/groceries/en-GB/products/295362557,https://digitalcontent.api.tesco.com/v2/media/ghs/f21bb5fa-0a80-49ed-9d9b-9ed47d00fe52/1ef3f98a-5546-4c48-bdff-ae5ada87ccb1_1503978707.jpeg?h=225&w=225,
310092479,Sterling Superking Blue 20 Cigarettes,https://www.tesco.com/groceries/en-GB/shop/home-and-ents/all?department=Tobacco%20%26%20Alternatives&viewAll=department&page=,£11.20,£0.56/each,,,/groceries/en-GB/products/310092479,https://digitalcontent.api.tesco.com/v2/media/ghs/d13136f2-9c48-461e-9fb7-f87a462f5cc7/9db5f230-b296-4a5e-86cb-60f7ed069497_1517627744.jpeg?h=225&w=225,
309743166,Berkeley Superkings Green Cigarettes 20 Pack,https://www.tesco.com/groceries/en-GB/shop/home-and-ents/all?department=Tobacco%20%26%20Alternatives&viewAll=department&page=,£11.90,£0.60/each,,,/groceries/en-GB/products/309743166,https://digitalcontent.api.tesco.com/v2/media/ghs/0a02429a-f62f-4f8b-bb89-6f49217b14ed/f40b8ef5-048b-4e76-b147-1e46bedf9425_1161093355.jpeg?h=225&w=225,
311934462,Mayfair Silver Kingsize Cigarettes 20'S,https://www.tesco.com/groceries/en-GB/shop/home-and-ents/all?department=Tobacco%20%26%20Alternatives&viewAll=department&page=,£10.15,£0.51/each,,,/groceries/en-GB/products/311934462,https://digitalcontent.api.tesco.com/v2/media/ghs/5a544b80-a34a-41b9-a2cd-c52aa33d991b/753b37aa-f015-4030-8180-307d9d0f4317_1469122784.jpeg?h=225&w=225,
306503323,Pall Mall Shift Kingsize 20 Cigarettes,https://www.tesco.com/groceries/en-GB/shop/home-and-ents/all?department=Tobacco%20%26%20Alternatives&viewAll=department&page=,£10.00,£0.50/each,,,/groceries/en-GB/products/306503323,https://digitalcontent.api.tesco.com/v2/media/ghs/f46aa9c0-c7e6-49d4-be8e-57aa6860c372/968c9aef-9d98-401b-833a-ae4b73cf83b0_1564116793.jpeg?h=225&w=225,
310148985,Berkeley Superkings Blue 20 Cigarettes,https://www.tesco.com/groceries/en-GB/shop/home-and-ents/all?department=Tobacco%20%26%20Alternatives&viewAll=department&page=,£11.90,£0.60/each,,,/groceries/en-GB/products/310148985,https://digitalcontent.api.tesco.com/v2/media/ghs/ccfb98ab-a4c0-4b4e-9e82-5822a2bcd7d3/ac0d0c75-b087-46e1-810e-3adfdd161e20_1356147414.jpeg?h=225&w=225,
305984595,Carlton Green Filter Superkings Cigarettes 20 Pack,https://www.tesco.com/groceries/en-GB/shop/home-and-ents/all?department=Tobacco%20%26%20Alternatives&viewAll=department&page=,£10.65,£0.53/each,,,/groceries/en-GB/products/305984595,https://digitalcontent.api.tesco.com/v2/media/ghs/afdb1ad0-a051-4e1c-8991-5255dec245aa/ab3de68b-9bf4-44d0-97e3-fcdabd15510e_1134154950.jpeg?h=225&w=225,
307740086,L & B Blue New Crush Cigarettes 20 Pack,https://www.tesco.com/groceries/en-GB/shop/home-and-ents/all?department=Tobacco%20%26%20Alternatives&viewAll=department&page=,£10.40,£0.52/each,,,/groceries/en-GB/products/307740086,https://digitalcontent.api.tesco.com/v2/media/ghs/9cfaff2b-fffe-4a2f-ba90-fbcc62c24285/da8a6716-f887-46ff-a32f-c019672833d4_126519136.jpeg?h=225&w=225,
295336020,Windsor Blue Superking Real Blue 20 Pack,https://www.tesco.com/groceries/en-GB/shop/home-and-ents/all?department=Tobacco%20%26%20Alternatives&viewAll=department&page=,£11.20,£0.56/each,,,/groceries/en-GB/products/295336020,https://digitalcontent.api.tesco.com/v2/media/ghs/ebc29954-0813-4a81-98f2-b16d9cf6124d/753c332d-d2dc-4b6d-bacc-a7680824742c_414745795.jpeg?h=225&w=225,
310189976,Benson & Hedges Blue Dual 20 Cigarettes,https://www.tesco.com/groceries/en-GB/shop/home-and-ents/all?department=Tobacco%20%26%20Alternatives&viewAll=department&page=,£10.50,£0.52/each,,,/groceries/en-GB/products/310189976,https://digitalcontent.api.tesco.com/v2/media/ghs/777f1e92-080d-4918-b87a-b5f348f7b8c1/9706af3f-ecee-4420-b3f7-68d36cfa1b9f_594519977.jpeg?h=225&w=225,
296058290,Windsor Blue Bright Superking 20 Pack,https://www.tesco.com/groceries/en-GB/shop/home-and-ents/all?department=Tobacco%20%26%20Alternatives&viewAll=department&page=,£11.20,£0.56/each,,,/groceries/en-GB/products/296058290,https://digitalcontent.api.tesco.com/v2/media/ghs/7bb2efe9-de97-4c15-905a-1622c64de04f/ba981d4d-202e-419f-bec7-f62fd96ba496_1674396275.jpeg?h=225&w=225,
306650977,Pall Mall Flow Red 20 Pack,https://www.tesco.com/groceries/en-GB/shop/home-and-ents/all?department=Tobacco%20%26%20Alternatives&viewAll=department&page=,£10.40,£0.52/each,,,/groceries/en-GB/products/306650977,https://digitalcontent.api.tesco.com/v2/media/ghs/6465bc15-a2c3-4adf-918b-ab9f1788b7f1/a750ab5a-18f4-4154-b1cb-2c1e97619b13_611441171.jpeg?h=225&w=225,
306662911,Pall Mall Flow Blue 20 Pack,https://www.tesco.com/groceries/en-GB/shop/home-and-ents/all?department=Tobacco%20%26%20Alternatives&viewAll=department&page=,£10.40,£0.52/each,,,/groceries/en-GB/products/306662911,https://digitalcontent.api.tesco.com/v2/media/ghs/4f81b5a5-ee31-44d7-806b-d332ed4d0625/485ad8db-3159-485f-8613-aee005a94284_1262326338.jpeg?h=225&w=225,
306663052,Pall Mall Shift Xl 23 Pack,https://www.tesco.com/groceries/en-GB/shop/home-and-ents/all?department=Tobacco%20%26%20Alternatives&viewAll=department&page=,£10.90,£0.47/each,,,/groceries/en-GB/products/306663052,https://digitalcontent.api.tesco.com/v2/media/ghs/6ce29e51-b7ce-46e1-901c-496ada9e3f61/1d07c88a-8c86-4206-bf9a-61734e4a6262_520176696.jpeg?h=225&w=225,
304010270,Rizla Polar Blast Extra Slim Filter Tips 60S,https://www.tesco.com/groceries/en-GB/shop/home-and-ents/all?department=Tobacco%20%26%20Alternatives&viewAll=department&page=,£0.99,£0.02/each,,,/groceries/en-GB/products/304010270,https://digitalcontent.api.tesco.com/v2/media/ghs/65762bbb-1ce3-47c9-b669-a5f6d9eeeabd/fc2fba13-df19-48be-a01a-e3a645c2aac6_2104176248.jpeg?h=225&w=225,
299156945,Rizla Regular Green 50,https://www.tesco.com/groceries/en-GB/shop/home-and-ents/all?department=Tobacco%20%26%20Alternatives&viewAll=department&page=,£0.34,£0.34/each,,,/groceries/en-GB/products/299156945,https://digitalcontent.api.tesco.com/v2/media/ghs/89ca2227-df74-49db-ad1a-09093536b0cc/snapshotimagehandler_1695926399.jpeg?h=225&w=225,
305979210,Richmond Green Filter Superkings 5X20 Cigarettes,https://www.tesco.com/groceries/en-GB/shop/home-and-ents/all?department=Tobacco%20%26%20Alternatives&viewAll=department&page=,£50.50,£0.50/each,,,/groceries/en-GB/products/305979210,https://digitalcontent.api.tesco.com/v2/media/ghs/f8865f9f-c7e1-4ab6-8f33-6dcfefc659fd/627a3f26-c25f-4d77-a181-4abd0e8e3a6a_361270326.jpeg?h=225&w=225,
295541432,Embassy Signature Gold 100 Pack,https://www.tesco.com/groceries/en-GB/shop/home-and-ents/all?department=Tobacco%20%26%20Alternatives&viewAll=department&page=,£50.50,£0.50/each,,,/groceries/en-GB/products/295541432,https://digitalcontent.api.tesco.com/v2/media/ghs/77a3b150-4374-49df-b14c-f4fb5f4ddd6d/snapshotimagehandler_1693434521.jpeg?h=225&w=225,
301515017,10 Motives Disposable Regular,https://www.tesco.com/groceries/en-GB/shop/home-and-ents/all?department=Tobacco%20%26%20Alternatives&viewAll=department&page=,£6.99,£6.99/each,,,/groceries/en-GB/products/301515017,https://digitalcontent.api.tesco.com/v2/media/ghs/35101859-ab42-42b2-80e3-9ee3bc9e3adf/c88440bc-eb1d-4aea-9dd8-99dcb73b514f_1007506770.jpeg?h=225&w=225,
309184245,Vuse Original Epen Master Blend 12Mg/Ml 2Pack,https://www.tesco.com/groceries/en-GB/shop/home-and-ents/all?department=Tobacco%20%26%20Alternatives&viewAll=department&page=,£7.99,"£1,997.50/litre",,,/groceries/en-GB/products/309184245,https://digitalcontent.api.tesco.com/v2/media/ghs/a3af8a60-9d34-4393-a28a-e2a5ad3cd731/8281d7b4-0045-4e49-baab-d45ec847c672_174296899.jpeg?h=225&w=225,
294958148,Players Volume Tobacco 50G,https://www.tesco.com/groceries/en-GB/shop/home-and-ents/all?department=Tobacco%20%26%20Alternatives&viewAll=department&page=,£27.30,£54.60/100g,,,/groceries/en-GB/products/294958148,https://digitalcontent.api.tesco.com/v2/media/ghs/bed74619-0583-4abf-a084-699c421cab86/fa0c0b66-2449-4b20-bbe4-43ffb7ad7ea7_435392051.jpeg?h=225&w=225,
305351492,Logic Compact Intense Amber Tobacco 2 X Caps,https://www.tesco.com/groceries/en-GB/shop/home-and-ents/all?department=Tobacco%20%26%20Alternatives&viewAll=department&page=,£5.99,"£1,761.77/litre",,,/groceries/en-GB/products/305351492,https://digitalcontent.api.tesco.com/v2/media/ghs/fa3ea592-36f1-4082-9bd6-472e3ade93ce/fd28c77a-de93-4c46-9b45-4309eef3935d_463436712.jpeg?h=225&w=225,
302154661,Logic Compact X 2 Capsules Menthol,https://www.tesco.com/groceries/en-GB/shop/home-and-ents/all?department=Tobacco%20%26%20Alternatives&viewAll=department&page=,£5.99,"£1,761.77/litre",,,/groceries/en-GB/products/302154661,https://digitalcontent.api.tesco.com/v2/media/ghs/39dc205e-e3e8-48dd-b2f7-dd210805c7ae/878393b6-6fbf-4298-ac68-bbcec15f3b3e_990590131.jpeg?h=225&w=225,
295316711,Hamlet Fine Cigars 10 Pack,https://www.tesco.com/groceries/en-GB/shop/home-and-ents/all?department=Tobacco%20%26%20Alternatives&viewAll=department&page=,£13.75,£1.38/each,,,/groceries/en-GB/products/295316711,https://digitalcontent.api.tesco.com/v2/media/ghs/17f8e7ed-4fab-4167-97a3-8855586ece09/424677ca-51fc-4edd-aeac-6448192842b3_1046694196.jpeg?h=225&w=225,
311950845,Sterling Rolling Tobacco Essential 50G,https://www.tesco.com/groceries/en-GB/shop/home-and-ents/all?department=Tobacco%20%26%20Alternatives&viewAll=department&page=,£22.35,£44.70/100g,,,/groceries/en-GB/products/311950845,https://digitalcontent.api.tesco.com/v2/media/ghs/b315333a-b2a1-42cd-85dd-7f6777898728/cde40cf7-3d6c-494f-a4ee-f806c5802cd4_746254658.jpeg?h=225&w=225,
295347910,Moments Blue 20 Cigars,https://www.tesco.com/groceries/en-GB/shop/home-and-ents/all?department=Tobacco%20%26%20Alternatives&viewAll=department&page=,£9.95,£0.50/each,,,/groceries/en-GB/products/295347910,https://digitalcontent.api.tesco.com/v2/media/ghs/20d55e5c-42cc-4fad-a5ec-033e807d4011/5019eeb0-6c1b-4672-a36b-793da45d77e9_1564551837.jpeg?h=225&w=225,
294304427,Henri Wintermans 5 Half Corona Cigars,https://www.tesco.com/groceries/en-GB/shop/home-and-ents/all?department=Tobacco%20%26%20Alternatives&viewAll=department&page=,£11.84,£2.37/each,,,/groceries/en-GB/products/294304427,https://digitalcontent.api.tesco.com/v2/media/ghs/89f3ab83-abbe-48d2-b97e-ff13ba3973f7/5fc14bf5-66c8-484f-bf66-4778c9e842db_1926827344.jpeg?h=225&w=225,
295144862,Cutters Choice Original 30G,https://www.tesco.com/groceries/en-GB/shop/home-and-ents/all?department=Tobacco%20%26%20Alternatives&viewAll=department&page=,£17.70,£59.00/100g,,,/groceries/en-GB/products/295144862,https://digitalcontent.api.tesco.com/v2/media/ghs/9af30178-b33a-464f-a4e2-8266dff248a5/4d42955a-074d-46f0-8187-a0c4d202fd93_410397348.jpeg?h=225&w=225,
310160217,Silk Cut Blue 20 Cigarettes,https://www.tesco.com/groceries/en-GB/shop/home-and-ents/all?department=Tobacco%20%26%20Alternatives&viewAll=department&page=,£14.45,£0.72/each,,,/groceries/en-GB/products/310160217,https://digitalcontent.api.tesco.com/v2/media/ghs/732f4705-05e4-473f-8f44-4f23e9e52387/181742f8-7123-42bc-801b-cf4f94b4a404_167999160.jpeg?h=225&w=225,
302419182,Royal Dutch Miniatures 20 Pack,https://www.tesco.com/groceries/en-GB/shop/home-and-ents/all?department=Tobacco%20%26%20Alternatives&viewAll=department&page=,£10.30,£0.52/each,,,/groceries/en-GB/products/302419182,https://digitalcontent.api.tesco.com/v2/media/ghs/1daa7d15-4706-4fa3-acdc-2444b74f876a/241f56b6-ca70-44ed-bd9f-83d72e92d476_889681855.jpeg?h=225&w=225,
309206139,Sterling Rolling Tobacco Essential 30G,https://www.tesco.com/groceries/en-GB/shop/home-and-ents/all?department=Tobacco%20%26%20Alternatives&viewAll=department&page=,£13.65,£45.50/100g,,,/groceries/en-GB/products/309206139,https://digitalcontent.api.tesco.com/v2/media/ghs/024b697a-9d1a-4721-9d5b-5359808d5d76/e751acc9-6310-4558-a6b4-152c3eb1a55f_2102616803.jpeg?h=225&w=225,
295037690,Sterling Roll Your Own 30G,https://www.tesco.com/groceries/en-GB/shop/home-and-ents/all?department=Tobacco%20%26%20Alternatives&viewAll=department&page=,£14.60,£48.67/100g,,,/groceries/en-GB/products/295037690,https://digitalcontent.api.tesco.com/v2/media/ghs/09c147f7-8297-41df-93c2-c43d77ef4489/1940c3a2-205f-4e0b-8fcf-af8b0388cfa4_2105867546.jpeg?h=225&w=225,
310156572,Sterling Dual Leaf Wrapped 20 Cigarillios,https://www.tesco.com/groceries/en-GB/shop/home-and-ents/all?department=Tobacco%20%26%20Alternatives&viewAll=department&page=,£10.40,£0.52/each,,,/groceries/en-GB/products/310156572,https://digitalcontent.api.tesco.com/v2/media/ghs/1ff130a5-146d-4d89-98e3-33ad327bfee0/04005575-37ef-430a-b5ab-71275fa36553_120982715.jpeg?h=225&w=225,
274057323,Swan Gas 200Ml,https://www.tesco.com/groceries/en-GB/shop/home-and-ents/all?department=Tobacco%20%26%20Alternatives&viewAll=department&page=,£2.02,£10.10/litre,,,/groceries/en-GB/products/274057323,https://digitalcontent.api.tesco.com/v2/media/ghs/a73e93f2-46fa-475a-ad7b-1839eee1c51e/3bcf27d0-7362-4aa4-b5df-626e796325c5_138275423.jpeg?h=225&w=225,
295538419,Embassy Signature Silver 20 Pack,https://www.tesco.com/groceries/en-GB/shop/home-and-ents/all?department=Tobacco%20%26%20Alternatives&viewAll=department&page=,£10.15,£0.51/each,,,/groceries/en-GB/products/295538419,https://digitalcontent.api.tesco.com/v2/media/ghs/0882e580-c89d-4c5e-9d4a-f6ec9e00782c/4125174c-2f55-4c72-90c5-0bc6dcbca5a0_142321146.jpeg?h=225&w=225,
310164268,Sterling Blue 20 Cigarettes,https://www.tesco.com/groceries/en-GB/shop/home-and-ents/all?department=Tobacco%20%26%20Alternatives&viewAll=department&page=,£11.20,£0.56/each,,,/groceries/en-GB/products/310164268,https://digitalcontent.api.tesco.com/v2/media/ghs/8d8766b9-1f79-4342-894c-ebcb1f208ae0/e0c23ecf-26ae-4240-aba7-f12ac988ad2c_677348581.jpeg?h=225&w=225,
294706384,Royal Dutch Blue Miniature 10 Pack,https://www.tesco.com/groceries/en-GB/shop/home-and-ents/all?department=Tobacco%20%26%20Alternatives&viewAll=department&page=,£5.25,£0.52/each,,,/groceries/en-GB/products/294706384,https://digitalcontent.api.tesco.com/v2/media/ghs/3154550b-c802-4971-9af7-24515b833865/bb88da45-4b85-4cbf-a9f8-2e4e91543256_1400335143.jpeg?h=225&w=225,
310148017,Mayfair Green Cigerettes 20 Pack,https://www.tesco.com/groceries/en-GB/shop/home-and-ents/all?department=Tobacco%20%26%20Alternatives&viewAll=department&page=,£11.55,£0.58/each,,,/groceries/en-GB/products/310148017,https://digitalcontent.api.tesco.com/v2/media/ghs/61efecd0-e95c-427f-8a11-c19413ca0b94/3749bedf-d3ae-4195-9b33-49fabee961b1_2083566826.jpeg?h=225&w=225,
312094059,Royal Dutch Flame Filter 10 Cigarillos,https://www.tesco.com/groceries/en-GB/shop/home-and-ents/all?department=Tobacco%20%26%20Alternatives&viewAll=department&page=,£5.99,£0.60/each,,,/groceries/en-GB/products/312094059,https://digitalcontent.api.tesco.com/v2/media/ghs/ee6832d3-68f0-45d5-b745-cf322f8f66fe/d2397110-8232-4571-b08b-4d4cc814aa06_1820903782.jpeg?h=225&w=225,
310146492,Mayfair Superkings Sky Blue 20 Cigarettes,https://www.tesco.com/groceries/en-GB/shop/home-and-ents/all?department=Tobacco%20%26%20Alternatives&viewAll=department&page=,£11.55,£0.58/each,,,/groceries/en-GB/products/310146492,https://digitalcontent.api.tesco.com/v2/media/ghs/e54f3b12-fa79-4280-9bc6-717cbb6d4fb2/d153d2f5-b051-4246-937c-1865372d62bb_641913924.jpeg?h=225&w=225,
310181345,Sterling Dual Leaf Wrapped 10 Cigarillos,https://www.tesco.com/groceries/en-GB/shop/home-and-ents/all?department=Tobacco%20%26%20Alternatives&viewAll=department&page=,£5.30,£0.53/each,,,/groceries/en-GB/products/310181345,https://digitalcontent.api.tesco.com/v2/media/ghs/68351c1f-b7cf-46fb-aa07-4a0340449353/670206b6-455a-499c-adb7-099aa2783b1b_25443346.jpeg?h=225&w=225,
311803652,Pall Mall Shift Green Cigarettes 20'S,https://www.tesco.com/groceries/en-GB/shop/home-and-ents/all?department=Tobacco%20%26%20Alternatives&viewAll=department&page=,£9.75,£0.49/each,,,/groceries/en-GB/products/311803652,https://digitalcontent.api.tesco.com/v2/media/ghs/4c965d9a-4caf-4a90-b12d-17a668323d2e/848048ed-7dfb-4853-91dd-5401ea2e4ca7_1612458330.jpeg?h=225&w=225,
260342905,Swan Slim Filter Tips Pre Cut 102 Pack,https://www.tesco.com/groceries/en-GB/shop/home-and-ents/all?department=Tobacco%20%26%20Alternatives&viewAll=department&page=,£0.91,£0.01/each,,,/groceries/en-GB/products/260342905,https://digitalcontent.api.tesco.com/v2/media/ghs/4ef6951c-2ee0-4d02-a44b-90b3bf641056/05876f11-65db-4856-8060-ca1bb0de249e_1335389940.jpeg?h=225&w=225,
301183967,Rizla Menthol Ultra Slim Filtertips 120S,https://www.tesco.com/groceries/en-GB/shop/home-and-ents/all?department=Tobacco%20%26%20Alternatives&viewAll=department&page=,£0.79,£0.01/each,,,/groceries/en-GB/products/301183967,https://digitalcontent.api.tesco.com/v2/media/ghs/3f211e6d-6ed3-4244-a72b-247dc48a9f47/52c9c067-5f38-4a36-8281-ad62ee6856e5_1443906100.jpeg?h=225&w=225,
304721920,Rizla Extra Slim Filter Tips 120'S,https://www.tesco.com/groceries/en-GB/shop/home-and-ents/all?department=Tobacco%20%26%20Alternatives&viewAll=department&page=,£0.79,£0.01/each,,,/groceries/en-GB/products/304721920,https://digitalcontent.api.tesco.com/v2/media/ghs/303ceae5-1751-43c1-8e16-ee002e7e037d/7ee3d5b1-630a-4c6e-b619-20ca06eb3ae3_448496322.jpeg?h=225&w=225,
258372584,Rizla Red Papers,https://www.tesco.com/groceries/en-GB/shop/home-and-ents/all?department=Tobacco%20%26%20Alternatives&viewAll=department&page=,£0.34,£0.34/each,,,/groceries/en-GB/products/258372584,https://digitalcontent.api.tesco.com/v2/media/ghs/cf2d2f3e-d238-421e-99b5-d0d96f32ad7f/1d6ecd73-d306-472d-8b17-f9bd751f8295_75088764.jpeg?h=225&w=225,
310092266,Silk Cut Silver Cigarettes 5X20pk,https://www.tesco.com/groceries/en-GB/shop/home-and-ents/all?department=Tobacco%20%26%20Alternatives&viewAll=department&page=,£72.25,£0.72/each,,,/groceries/en-GB/products/310092266,https://digitalcontent.api.tesco.com/v2/media/ghs/e7242eb6-5837-47d7-8455-79629eca2411/5e4c33a2-b219-4a7d-93e1-1b35f1f14f5d_641723968.jpeg?h=225&w=225,
309762189,Silk Cut Purple Cigarettes 5 X 20 Multipack,https://www.tesco.com/groceries/en-GB/shop/home-and-ents/all?department=Tobacco%20%26%20Alternatives&viewAll=department&page=,£72.00,£3.60/each,,,/groceries/en-GB/products/309762189,https://digitalcontent.api.tesco.com/v2/media/ghs/58303aac-0b26-4247-8671-483b59e49e5a/20fb8bc0-5ceb-4382-83b0-8e5dd9be1312_1012999054.jpeg?h=225&w=225,
295229025,Superkings Original Black 100 Pack,https://www.tesco.com/groceries/en-GB/shop/home-and-ents/all?department=Tobacco%20%26%20Alternatives&viewAll=department&page=,£68.25,£0.68/each,,,/groceries/en-GB/products/295229025,https://digitalcontent.api.tesco.com/v2/media/ghs/61eb62a8-004a-4c20-a91a-c9bbd03e49ea/17ee5b14-bf2a-4d36-9033-b9c346e15b9d_1338850665.jpeg?h=225&w=225,
309470619,Marlboro Gold 20X5 Cigarettes,https://www.tesco.com/groceries/en-GB/shop/home-and-ents/all?department=Tobacco%20%26%20Alternatives&viewAll=department&page=,£63.75,£0.64/each,,,/groceries/en-GB/products/309470619,https://digitalcontent.api.tesco.com/v2/media/ghs/2496af3a-95ff-40fd-a801-a969a5b1dfc1/6a4a35cc-6d62-497d-9128-0d626463bc25_2047975289.jpeg?h=225&w=225,
301706287,10 Motives Refills Regular 16Mg,https://www.tesco.com/groceries/en-GB/shop/home-and-ents/all?department=Tobacco%20%26%20Alternatives&viewAll=department&page=,£8.99,£2.25/each,,,/groceries/en-GB/products/301706287,https://digitalcontent.api.tesco.com/v2/media/ghs/5ed22d18-4a15-4f4c-9a76-38c1da7375e2/b5b97427-1809-49cc-98d7-0d3cb17991d7_86346287.jpeg?h=225&w=225,
295982727,Jps Superking Real Blue 100 Pack,https://www.tesco.com/groceries/en-GB/shop/home-and-ents/all?department=Tobacco%20%26%20Alternatives&viewAll=department&page=,£55.75,£0.56/each,,,/groceries/en-GB/products/295982727,https://digitalcontent.api.tesco.com/v2/media/ghs/c0489000-f3a0-4a16-af37-5df719f3e692/42676fb5-3159-4fa6-bda6-426931787cf7_1770773371.jpeg?h=225&w=225,
296141414,Carlton Original Superking 100 Pack,https://www.tesco.com/groceries/en-GB/shop/home-and-ents/all?department=Tobacco%20%26%20Alternatives&viewAll=department&page=,£53.00,£0.53/each,,,/groceries/en-GB/products/296141414,https://digitalcontent.api.tesco.com/v2/media/ghs/32a5aeb7-559e-4fa3-ab35-3081333b170f/baba1184-e86f-4a5c-9aee-7630a3a8e04e_988326846.jpeg?h=225&w=225,
295228200,Windsor Blue Superking Real Blue 100 Pack,https://www.tesco.com/groceries/en-GB/shop/home-and-ents/all?department=Tobacco%20%26%20Alternatives&viewAll=department&page=,£55.75,£0.56/each,,,/groceries/en-GB/products/295228200,https://digitalcontent.api.tesco.com/v2/media/ghs/04682948-4266-4ae2-8ddd-6db76a8c27be/a5b73179-58e6-407c-a968-862e53e87c2d_1097351256.jpeg?h=225&w=225,
312848672,Blu 2.0 Pods Blueberry Ice 18Mg/Ml 2X1.9Ml,https://www.tesco.com/groceries/en-GB/shop/home-and-ents/all?department=Tobacco%20%26%20Alternatives&viewAll=department&page=,£6.99,"£1,839.48/litre",,New,/groceries/en-GB/products/312848672,https://digitalcontent.api.tesco.com/v2/media/ghs/50d9b327-42e7-41a1-9293-18f5ff7367a0/435b2fc5-7e75-42b5-aa45-5f2793cf3ec2_1073863183.jpeg?h=225&w=225,
312834786,Blu 2.0 Pods Berry Mix 18Mg/Ml 2X1.9Ml,https://www.tesco.com/groceries/en-GB/shop/home-and-ents/all?department=Tobacco%20%26%20Alternatives&viewAll=department&page=,£6.99,"£1,839.48/litre",,New,/groceries/en-GB/products/312834786,https://digitalcontent.api.tesco.com/v2/media/ghs/e9b169a6-48d8-492d-97a4-630b07f00205/165efb4d-64c6-4f92-ad8a-5390fcd60302_1753393429.jpeg?h=225&w=225,
312853475,Blu 2.0 Pods Fresh Mint 18Mg/Ml 2X1.9Ml,https://www.tesco.com/groceries/en-GB/shop/home-and-ents/all?department=Tobacco%20%26%20Alternatives&viewAll=department&page=,£6.99,"£1,839.48/litre",,New,/groceries/en-GB/products/312853475,https://digitalcontent.api.tesco.com/v2/media/ghs/d2e9b1e0-82b9-421c-8b73-824bc6fb56ab/acae0347-1f1f-464b-8c1d-60f6a19fa3d7_324650256.jpeg?h=225&w=225,
295227747,Drum Tobacco Original Blue 50G,https://www.tesco.com/groceries/en-GB/shop/home-and-ents/all?department=Tobacco%20%26%20Alternatives&viewAll=department&page=,£30.10,£60.20/100g,,,/groceries/en-GB/products/295227747,https://digitalcontent.api.tesco.com/v2/media/ghs/15393773-1299-4295-9cb4-416ffa7b368d/e1ba5cef-77ef-4376-9db5-b7b143311b10_746447723.jpeg?h=225&w=225,
305384896,Lambert & Butler Original Pouch 50G,https://www.tesco.com/groceries/en-GB/shop/home-and-ents/all?department=Tobacco%20%26%20Alternatives&viewAll=department&page=,£23.95,£47.90/100g,,,/groceries/en-GB/products/305384896,https://digitalcontent.api.tesco.com/v2/media/ghs/8e53ac83-9720-4320-869e-dea18fe29b9b/f0b69c76-a191-4fd8-89cd-812c9e7716e7_2121163597.jpeg?h=225&w=225,
306504057,Logic Compact Intense Polar Menthol E Liquid Pods 2 Pack,https://www.tesco.com/groceries/en-GB/shop/home-and-ents/all?department=Tobacco%20%26%20Alternatives&viewAll=department&page=,£5.99,"£1,761.77/litre",,,/groceries/en-GB/products/306504057,https://digitalcontent.api.tesco.com/v2/media/ghs/419b2402-95a9-45fb-9b1b-129dae1e647f/819b6ee8-ed95-41fe-b789-553d46d841e6_1341791834.jpeg?h=225&w=225,
303971302,Logic Compact X 2 Capsules Strawberry,https://www.tesco.com/groceries/en-GB/shop/home-and-ents/all?department=Tobacco%20%26%20Alternatives&viewAll=department&page=,£5.99,"£1,761.77/litre",,,/groceries/en-GB/products/303971302,https://digitalcontent.api.tesco.com/v2/media/ghs/970e0e39-1d27-4c34-a888-86d84ce372d8/01d8348f-8011-4aa2-9a42-7f756f1a712c_176373290.jpeg?h=225&w=225,
309164056,Cirro Eliquid Utterly Menthol 6Mg/Ml 10Ml,https://www.tesco.com/groceries/en-GB/shop/home-and-ents/all?department=Tobacco%20%26%20Alternatives&viewAll=department&page=,£3.99,£399.00/litre,,,/groceries/en-GB/products/309164056,https://digitalcontent.api.tesco.com/v2/media/ghs/6e3e050a-14bd-4ec4-be29-f284d3aa3335/51a84de4-77cd-4fd2-84ec-800015f6ec07_23284330.jpeg?h=225&w=225,
301964199,Cirro Eliquid Regular 18Mg,https://www.tesco.com/groceries/en-GB/shop/home-and-ents/all?department=Tobacco%20%26%20Alternatives&viewAll=department&page=,£3.99,£399.00/litre,,,/groceries/en-GB/products/301964199,https://digitalcontent.api.tesco.com/v2/media/ghs/e7f33fe1-a06b-4acd-8746-1ce22fc9c4ff/bf60a3e0-3760-4cfe-affc-fe41d0bef478_1890525069.jpeg?h=225&w=225,
294707043,American Roll Your Own 30G,https://www.tesco.com/groceries/en-GB/shop/home-and-ents/all?department=Tobacco%20%26%20Alternatives&viewAll=department&page=,£18.70,£62.34/100g,,,/groceries/en-GB/products/294707043,https://digitalcontent.api.tesco.com/v2/media/ghs/ec98163d-09c1-4d25-abb0-6e2c1b1b3c2c/adb860af-d059-45d9-8dd2-a67c139dc297_1338245281.jpeg?h=225&w=225,
296242122,Pall Mall Fine Cut 30G,https://www.tesco.com/groceries/en-GB/shop/home-and-ents/all?department=Tobacco%20%26%20Alternatives&viewAll=department&page=,£14.60,£48.67/100g,,,/groceries/en-GB/products/296242122,https://digitalcontent.api.tesco.com/v2/media/ghs/66bfec50-d232-4cfc-a962-c5405f6194a0/434459bf-64c3-4442-a02a-03456d725365_1229994722.jpeg?h=225&w=225,
306808435,Royal Dutch Blue Miniatures 20 Cigarillos,https://www.tesco.com/groceries/en-GB/shop/home-and-ents/all?department=Tobacco%20%26%20Alternatives&viewAll=department&page=,£10.30,£0.52/each,,,/groceries/en-GB/products/306808435,https://digitalcontent.api.tesco.com/v2/media/ghs/4bc5b803-5bcb-4e7f-b7bb-ed2d19d638d8/d40f8c36-aad8-4298-93fd-cbfbd312784b_800014221.jpeg?h=225&w=225,
299650158,Blu Liquid Green Apple 0.8%,https://www.tesco.com/groceries/en-GB/shop/home-and-ents/all?department=Tobacco%20%26%20Alternatives&viewAll=department&page=,£3.99,£399.00/litre,,,/groceries/en-GB/products/299650158,https://digitalcontent.api.tesco.com/v2/media/ghs/a4b18936-060a-4980-abb3-c04c5d85b3e8/b512507f-76d7-45fc-9e2d-777f86d3fb06_1651131665.jpeg?h=225&w=225,
309498421,Cirro Utterly Menthol Eliquid 18Mg/Ml 10Ml,https://www.tesco.com/groceries/en-GB/shop/home-and-ents/all?department=Tobacco%20%26%20Alternatives&viewAll=department&page=,£3.99,£399.00/litre,,,/groceries/en-GB/products/309498421,https://digitalcontent.api.tesco.com/v2/media/ghs/857ad704-c5b7-4820-a0c9-a48757feeff5/e8d47acd-b2f1-496f-a2e2-f539fcf91a85_864074467.jpeg?h=225&w=225,
302430229,Riverstone 30G,https://www.tesco.com/groceries/en-GB/shop/home-and-ents/all?department=Tobacco%20%26%20Alternatives&viewAll=department&page=,£13.65,£45.50/100g,,,/groceries/en-GB/products/302430229,https://digitalcontent.api.tesco.com/v2/media/ghs/370fc7ce-abb1-4e6b-9fd2-88f99219dffc/7f0a7d0a-f971-4ccf-8eaf-317fef6e31cd_1990819726.jpeg?h=225&w=225,
294891295,Blu Pro Kit Clearomiser,https://www.tesco.com/groceries/en-GB/shop/home-and-ents/all?department=Tobacco%20%26%20Alternatives&viewAll=department&page=,£5.49,£5.49/each,,,/groceries/en-GB/products/294891295,https://digitalcontent.api.tesco.com/v2/media/ghs/15a78317-8618-4894-8639-77b47586a987/7ab99be4-ce94-4c88-8b2a-95b297ec496c_851695277.jpeg?h=225&w=225,
305662763,Ibiza Club Vapes & E-Liquids 12Mg Menthol,https://www.tesco.com/groceries/en-GB/shop/home-and-ents/all?department=Tobacco%20%26%20Alternatives&viewAll=department&page=,£3.00,£300.00/litre,,,/groceries/en-GB/products/305662763,https://digitalcontent.api.tesco.com/v2/media/ghs/4f0b5c0e-a6e7-4d64-b13f-a993832910e9/5048c0ea-9efc-4a79-914d-29f9c4b4fc26_1344011612.jpeg?h=225&w=225,
306948568,Velo Nicotine Pouches Ice Cool 10Mg 20 Pack,https://www.tesco.com/groceries/en-GB/shop/home-and-ents/all?department=Tobacco%20%26%20Alternatives&viewAll=department&page=,£5.50,£0.28/each,,,/groceries/en-GB/products/306948568,https://digitalcontent.api.tesco.com/v2/media/ghs/50cd3081-181c-485b-9efd-aa753b02b124/ec093cb3-a0ac-484d-b29b-b4fb29a3180b_1273574293.jpeg?h=225&w=225,
295487352,Hamlet Fine Cigars 5 Pack,https://www.tesco.com/groceries/en-GB/shop/home-and-ents/all?department=Tobacco%20%26%20Alternatives&viewAll=department&page=,£7.00,£1.40/each,,,/groceries/en-GB/products/295487352,https://digitalcontent.api.tesco.com/v2/media/ghs/3ff1352d-b5fe-43a8-847a-e3513e697923/b8bdf84c-3eb1-426a-9d41-dfd777416d2a_1217606134.jpeg?h=225&w=225,
294350204,Signature Blue Cigars 10 Pack,https://www.tesco.com/groceries/en-GB/shop/home-and-ents/all?department=Tobacco%20%26%20Alternatives&viewAll=department&page=,£6.38,£0.64/each,,,/groceries/en-GB/products/294350204,https://digitalcontent.api.tesco.com/v2/media/ghs/03287d87-eb88-44ef-abb1-70b908d5e4a8/73171e41-a8db-4aa8-bb1e-e8f636e362fc_1006626097.jpeg?h=225&w=225,
294891600,Blu E-Liquid Menthol 1.6%,https://www.tesco.com/groceries/en-GB/shop/home-and-ents/all?department=Tobacco%20%26%20Alternatives&viewAll=department&page=,£3.99,£3.99/each,,,/groceries/en-GB/products/294891600,https://digitalcontent.api.tesco.com/v2/media/ghs/52ba8642-893b-4003-bc67-8acd024d6590/70dcc06c-9ff9-41be-a261-9058a4d866b4_1971816631.jpeg?h=225&w=225,
308842062,Heets Green Selection Tobacco Sticks 20 Pack,https://www.tesco.com/groceries/en-GB/shop/home-and-ents/all?department=Tobacco%20%26%20Alternatives&viewAll=department&page=,£5.00,£0.25/each,,,/groceries/en-GB/products/308842062,https://digitalcontent.api.tesco.com/v2/media/ghs/bb5bd4e1-2e7b-4ffd-954a-9d3211ee27d0/9deda26e-09ec-4333-aa59-ec76be23ad5a_590705112.jpeg?h=225&w=225,
308871292,Heets Turquoise Selection Tobacco Sticks 20 Pack,https://www.tesco.com/groceries/en-GB/shop/home-and-ents/all?department=Tobacco%20%26%20Alternatives&viewAll=department&page=,£5.00,£0.25/each,,,/groceries/en-GB/products/308871292,https://digitalcontent.api.tesco.com/v2/media/ghs/a025d62a-61e9-459e-9c2e-2b4abd38cd84/36c5d903-ba02-437e-9af5-4adb483a42a4_1552611625.jpeg?h=225&w=225,
309451649,Marlboro Silver Blue 20 Cigarettes,https://www.tesco.com/groceries/en-GB/shop/home-and-ents/all?department=Tobacco%20%26%20Alternatives&viewAll=department&page=,£12.75,£0.64/each,,,/groceries/en-GB/products/309451649,https://digitalcontent.api.tesco.com/v2/media/ghs/f2c558f1-111d-4612-97f2-4e90fc7d77d9/6a091da6-1caa-4ca5-a181-c90ca6255e8c_1747616335.jpeg?h=225&w=225,
304334687,Ocb Virgin Paper Slim & Filters Unbleached,https://www.tesco.com/groceries/en-GB/shop/home-and-ents/all?department=Tobacco%20%26%20Alternatives&viewAll=department&page=,£1.39,£0.04/each,,,/groceries/en-GB/products/304334687,https://digitalcontent.api.tesco.com/v2/media/ghs/8c567aed-d1b2-4674-80b7-1c2faca7285e/a79f63d7-15cb-4167-bbf0-f06832ef6013_2012991792.jpeg?h=225&w=225,
311958969,Mayfair Silver Superking Cigarettes 20'S,https://www.tesco.com/groceries/en-GB/shop/home-and-ents/all?department=Tobacco%20%26%20Alternatives&viewAll=department&page=,£10.15,£0.51/each,,,/groceries/en-GB/products/311958969,https://digitalcontent.api.tesco.com/v2/media/ghs/b1339af3-a6de-4b33-9742-b18acb229010/d775dfd4-31c8-47c0-8dfc-4da7ac6bc3bb_7930043.jpeg?h=225&w=225,
306825881,Swan Crushball Fresh Burst Extra Slim Filters X54,https://www.tesco.com/groceries/en-GB/shop/home-and-ents/all?department=Tobacco%20%26%20Alternatives&viewAll=department&page=,£1.29,£0.02/each,,,/groceries/en-GB/products/306825881,https://digitalcontent.api.tesco.com/v2/media/ghs/4e4602d3-c151-426d-9a93-1850498c787f/c32aee1a-3c47-48c4-9072-ddd65e06cd08_996454741.jpeg?h=225&w=225,
294770438,Meharis Red Orient Cigars 10 Pack,https://www.tesco.com/groceries/en-GB/shop/home-and-ents/all?department=Tobacco%20%26%20Alternatives&viewAll=department&page=,£7.77,£0.78/each,,,/groceries/en-GB/products/294770438,https://digitalcontent.api.tesco.com/v2/media/ghs/ee4be704-6dfb-4401-9e57-5c1dd9003c46/889767a0-7b13-4af2-9538-20e8b9c6371c_1893656853.jpeg?h=225&w=225,
301706264,10 Motives Refills Menthol 16Mg,https://www.tesco.com/groceries/en-GB/shop/home-and-ents/all?department=Tobacco%20%26%20Alternatives&viewAll=department&page=,£8.99,£2.25/each,,,/groceries/en-GB/products/301706264,https://digitalcontent.api.tesco.com/v2/media/ghs/d2c97385-75a8-4f08-9130-a40b2947db5c/5ccf80bb-1c42-41c6-a91a-ac265c102dca_1225860009.jpeg?h=225&w=225,
295315712,Richmond Original 100 Pack,https://www.tesco.com/groceries/en-GB/shop/home-and-ents/all?department=Tobacco%20%26%20Alternatives&viewAll=department&page=,£50.50,£0.50/each,,,/groceries/en-GB/products/295315712,https://digitalcontent.api.tesco.com/v2/media/ghs/faaaea21-4f7b-4a97-a187-13fdc65142a6/e0bde00e-ff0b-498a-8873-35636a9c5e1d_1267522928.jpeg?h=225&w=225,
295362488,Jps Real Blue 100 Pack,https://www.tesco.com/groceries/en-GB/shop/home-and-ents/all?department=Tobacco%20%26%20Alternatives&viewAll=department&page=,£55.75,£0.56/each,,,/groceries/en-GB/products/295362488,https://digitalcontent.api.tesco.com/v2/media/ghs/8d5deb34-d8b4-41fc-a138-4f76cd988ae3/8bb0095e-a504-4dca-a597-19621b319d29_775096459.jpeg?h=225&w=225,
310176006,Sovereign Blue Cigarettes 5X20 Pack,https://www.tesco.com/groceries/en-GB/shop/home-and-ents/all?department=Tobacco%20%26%20Alternatives&viewAll=department&page=,£51.75,£0.52/each,,,/groceries/en-GB/products/310176006,https://digitalcontent.api.tesco.com/v2/media/ghs/967f4bba-97c6-444c-b91b-4e78f37f79b0/726b43da-2b52-4c75-9ce0-df9eb00e12fc_1865751742.jpeg?h=225&w=225,
301512907,10 Motives Disposable Menthol,https://www.tesco.com/groceries/en-GB/shop/home-and-ents/all?department=Tobacco%20%26%20Alternatives&viewAll=department&page=,£6.99,£6.99/each,,,/groceries/en-GB/products/301512907,https://digitalcontent.api.tesco.com/v2/media/ghs/7dd33fbd-ce96-43ce-8b39-5793f2284aaa/cf270a8a-4877-48e1-a984-2c32848802ef_2064309328.jpeg?h=225&w=225,
299913194,Players Real Red 5 X 20 Pack,https://www.tesco.com/groceries/en-GB/shop/home-and-ents/all?department=Tobacco%20%26%20Alternatives&viewAll=department&page=,£51.75,£0.52/each,,,/groceries/en-GB/products/299913194,https://digitalcontent.api.tesco.com/v2/media/ghs/0b410b52-44a8-4a00-a564-e58e29310fb4/1065ff1e-0c4f-47a7-b89a-16934c04fade_122120176.jpeg?h=225&w=225,
294408656,Old Holborn Roll Your Own 50G,https://www.tesco.com/groceries/en-GB/shop/home-and-ents/all?department=Tobacco%20%26%20Alternatives&viewAll=department&page=,£30.35,£60.70/100g,,,/groceries/en-GB/products/294408656,https://digitalcontent.api.tesco.com/v2/media/ghs/7f18452f-54bc-4414-804c-cba52eb7a17e/80b3eb98-415e-4dba-b79e-09af09688e40_779963804.jpeg?h=225&w=225,
295162742,Cutters Choice Original 50G,https://www.tesco.com/groceries/en-GB/shop/home-and-ents/all?department=Tobacco%20%26%20Alternatives&viewAll=department&page=,£29.15,£58.30/100g,,,/groceries/en-GB/products/295162742,https://digitalcontent.api.tesco.com/v2/media/ghs/18673be7-8990-456f-9f79-1b3021c96d56/42e1f970-011a-4ab6-b8c3-a538c485072c_659030506.jpeg?h=225&w=225,
309203783,Vuse Original Epen Pods Crushed Mint 12Mg/Ml 2 Pack,https://www.tesco.com/groceries/en-GB/shop/home-and-ents/all?department=Tobacco%20%26%20Alternatives&viewAll=department&page=,£7.99,"£1,997.50/litre",,,/groceries/en-GB/products/309203783,https://digitalcontent.api.tesco.com/v2/media/ghs/e3a145a3-cdbc-4365-bf7e-275598ba02a5/8e010972-6b75-41a8-b330-4a47010b78c0_215840498.jpeg?h=225&w=225,
313187789,Elfbar Disposable Pod Apple Peach 20Mg,https://www.tesco.com/groceries/en-GB/shop/home-and-ents/all?department=Tobacco%20%26%20Alternatives&viewAll=department&page=,£5.99,£0.01/each,,New,/groceries/en-GB/products/313187789,https://digitalcontent.api.tesco.com/v2/media/ghs/af3135d3-6114-4066-aa8c-645b6b825a61/ba6f98aa-700c-4e6b-a74b-c13aa3ba78d5_1003779261.jpeg?h=225&w=225,
312984901,Elfbar Disposable Pod Watermelon 20Mg,https://www.tesco.com/groceries/en-GB/shop/home-and-ents/all?department=Tobacco%20%26%20Alternatives&viewAll=department&page=,£5.99,£5.99/each,,,/groceries/en-GB/products/312984901,https://digitalcontent.api.tesco.com/v2/media/ghs/f992fca5-adf0-4e55-b02e-74a3c13aaac1/1164299c-3c54-4032-945e-ba333d7f4a39_1416526854.jpeg?h=225&w=225,
313183223,Elfbar Disposable Pod Spearmint 20Mg,https://www.tesco.com/groceries/en-GB/shop/home-and-ents/all?department=Tobacco%20%26%20Alternatives&viewAll=department&page=,£5.99,£5.99/each,,New,/groceries/en-GB/products/313183223,https://digitalcontent.api.tesco.com/v2/media/ghs-mktg/b0b04216-fa73-466d-a9d7-c9fcfa1ce9b3/no-image.jpeg,
313178201,Elfbar Disposable Pod Mango 20Mg,https://www.tesco.com/groceries/en-GB/shop/home-and-ents/all?department=Tobacco%20%26%20Alternatives&viewAll=department&page=,£5.99,£5.99/each,,New,/groceries/en-GB/products/313178201,https://digitalcontent.api.tesco.com/v2/media/ghs/948b90fc-1f63-4437-b2c5-b1b9e5482597/1a92b39d-8dc7-4843-8287-bea199067bfc_1820835809.jpeg?h=225&w=225,
297475000,Holborn Yellow Roll Your Own 50G,https://www.tesco.com/groceries/en-GB/shop/home-and-ents/all?department=Tobacco%20%26%20Alternatives&viewAll=department&page=,£24.15,£48.30/100g,,,/groceries/en-GB/products/297475000,https://digitalcontent.api.tesco.com/v2/media/ghs/f4672005-8462-4ae1-9373-0f53443b0bfd/8d36cb85-d8dd-4445-9e11-841c26fef806_1498306481.jpeg?h=225&w=225,
302154586,Logic Compact X 2 Capsules Tobacco,https://www.tesco.com/groceries/en-GB/shop/home-and-ents/all?department=Tobacco%20%26%20Alternatives&viewAll=department&page=,£5.99,"£1,761.77/litre",,,/groceries/en-GB/products/302154586,https://digitalcontent.api.tesco.com/v2/media/ghs/9964a0c7-a133-43c8-9dee-d5b6bad98dad/2b1f0f7a-9043-4824-a13f-c3b27078d662_626147463.jpeg?h=225&w=225,
294287360,St Bruno Ready Rubbed 50G,https://www.tesco.com/groceries/en-GB/shop/home-and-ents/all?department=Tobacco%20%26%20Alternatives&viewAll=department&page=,£17.84,£35.68/100g,,,/groceries/en-GB/products/294287360,https://digitalcontent.api.tesco.com/v2/media/ghs/7b0a25de-0004-4f5a-87ab-f16ec560a625/e7501b5c-e7f9-4c47-8825-485c02dd7248_1347223223.jpeg?h=225&w=225,
302133692,Logic Compact X 2 Capsules Berry Mint,https://www.tesco.com/groceries/en-GB/shop/home-and-ents/all?department=Tobacco%20%26%20Alternatives&viewAll=department&page=,£5.99,"£1,761.77/litre",,,/groceries/en-GB/products/302133692,https://digitalcontent.api.tesco.com/v2/media/ghs/976ccf86-fd8f-45a1-8ed1-ec86ad27e09c/0e033016-a9ce-4352-b211-bc08f759775b_697843176.jpeg?h=225&w=225,
312085404,Vuse Go Blueberry Ice Disposable Vape Pod 20Mg/Ml,https://www.tesco.com/groceries/en-GB/shop/home-and-ents/all?department=Tobacco%20%26%20Alternatives&viewAll=department&page=,£5.99,£5.99/each,,,/groceries/en-GB/products/312085404,https://digitalcontent.api.tesco.com/v2/media/ghs/65520c5a-1492-41a1-bab9-265fd89a9cf1/901a1e2a-25f0-45a1-8404-9511fe1025e0_298164022.jpeg?h=225&w=225,
306497588,Logic Compact Intense Spearmint E Liquid Pods 2 Pack,https://www.tesco.com/groceries/en-GB/shop/home-and-ents/all?department=Tobacco%20%26%20Alternatives&viewAll=department&page=,£5.99,"£1,761.77/litre",,,/groceries/en-GB/products/306497588,https://digitalcontent.api.tesco.com/v2/media/ghs/47fe46c7-fc2a-4537-934f-6101f92b1981/eb3ea7f8-0559-493c-bd00-e401a7a4beca_1449384113.jpeg?h=225&w=225,
309196087,Cirro Eliquid Utterly Menthol 12Mg/Ml 10Ml,https://www.tesco.com/groceries/en-GB/shop/home-and-ents/all?department=Tobacco%20%26%20Alternatives&viewAll=department&page=,£3.99,£399.00/litre,,,/groceries/en-GB/products/309196087,https://digitalcontent.api.tesco.com/v2/media/ghs/0cb4d507-597b-4036-aadc-2ca6caaff46f/110a24fd-b1ba-456c-893d-bfd0a3ba64a6_1648909008.jpeg?h=225&w=225,
309184084,Vuse Original Epod Pods Golden Tobacco 18Mg/Ml 2 Pack,https://www.tesco.com/groceries/en-GB/shop/home-and-ents/all?department=Tobacco%20%26%20Alternatives&viewAll=department&page=,£6.99,"£1,839.48/litre",,,/groceries/en-GB/products/309184084,https://digitalcontent.api.tesco.com/v2/media/ghs/9688cd14-d6ef-4623-8aa0-4ba50c2224ad/4b1ea61a-1671-4c7e-a910-b5d34f955760_1046684730.jpeg?h=225&w=225,
309179730,Vuse Epod Eliqd Pods Chilled Mint 18Mg/Ml 2 Pack,https://www.tesco.com/groceries/en-GB/shop/home-and-ents/all?department=Tobacco%20%26%20Alternatives&viewAll=department&page=,£6.99,"£1,839.48/litre",,,/groceries/en-GB/products/309179730,https://digitalcontent.api.tesco.com/v2/media/ghs/c880652d-1538-481c-b293-f4ba42684033/0dac9ecb-7699-490a-8969-52d7fdf6708d_1067477385.jpeg?h=225&w=225,
294718617,Old Holborn Roll Your Own 30G,https://www.tesco.com/groceries/en-GB/shop/home-and-ents/all?department=Tobacco%20%26%20Alternatives&viewAll=department&page=,£18.50,£61.67/100g,,,/groceries/en-GB/products/294718617,https://digitalcontent.api.tesco.com/v2/media/ghs/fdf76842-f390-4565-8bc2-01c25b478172/f8d1d8ec-5b81-442e-8900-2ab7211b44ff_6523624.jpeg?h=225&w=225,
294350233,Clan Original Pipe Tobacco 50G,https://www.tesco.com/groceries/en-GB/shop/home-and-ents/all?department=Tobacco%20%26%20Alternatives&viewAll=department&page=,£16.24,£32.48/100g,,,/groceries/en-GB/products/294350233,https://digitalcontent.api.tesco.com/v2/media/ghs/ea15463c-5eb8-40b3-8bd0-bf48d0a01980/cb053779-7780-4f41-b2b9-16bcf49e0163_343298071.jpeg?h=225&w=225,
301512458,Cirro Eliquid Cherry Bomb 18Mg,https://www.tesco.com/groceries/en-GB/shop/home-and-ents/all?department=Tobacco%20%26%20Alternatives&viewAll=department&page=,£3.99,£399.00/litre,,,/groceries/en-GB/products/301512458,https://digitalcontent.api.tesco.com/v2/media/ghs/98e96196-21c1-4e34-a01f-f7f61e0b9d63/f432c0c1-f61a-4470-b200-06cc813e71ac_1636832064.jpeg?h=225&w=225,
310142035,Sterling Rolling Tobacco 3 In 1 Pouch 30G,https://www.tesco.com/groceries/en-GB/shop/home-and-ents/all?department=Tobacco%20%26%20Alternatives&viewAll=department&page=,£14.70,£49.00/100g,,,/groceries/en-GB/products/310142035,https://digitalcontent.api.tesco.com/v2/media/ghs/41109511-cc1c-4676-b583-28397365ccd7/df076846-40b6-4a91-acb2-30c839454ed1_582242090.jpeg?h=225&w=225,
305384936,Lambert & Butler Original Pouch 30G,https://www.tesco.com/groceries/en-GB/shop/home-and-ents/all?department=Tobacco%20%26%20Alternatives&viewAll=department&page=,£14.60,£48.67/100g,,,/groceries/en-GB/products/305384936,https://digitalcontent.api.tesco.com/v2/media/ghs/0c0e9b26-1005-49a3-81b7-cf16e814677b/a16d60d9-ee2a-4279-983d-55e8fa7bc79e_1033461036.jpeg?h=225&w=225,
306661912,Vogue Compact Bleue 20 Pack,https://www.tesco.com/groceries/en-GB/shop/home-and-ents/all?department=Tobacco%20%26%20Alternatives&viewAll=department&page=,£13.80,£0.69/each,,,/groceries/en-GB/products/306661912,https://digitalcontent.api.tesco.com/v2/media/ghs/17a39073-29d7-4343-a1a9-98c70e627848/0c011df1-f487-467d-93b2-57b7e325b0ef_775794844.jpeg?h=225&w=225,
294350348,Moments Blue 10 Cigars,https://www.tesco.com/groceries/en-GB/shop/home-and-ents/all?department=Tobacco%20%26%20Alternatives&viewAll=department&page=,£5.25,£0.52/each,,,/groceries/en-GB/products/294350348,https://digitalcontent.api.tesco.com/v2/media/ghs/869f4506-c487-4b46-b0f5-e5d0344abc12/9a787f33-3e38-4c03-997f-c41abaa2ca24_2008990405.jpeg?h=225&w=225,
305609389,Ibiza Club Vapes & E-Liquids 18Mg Classic Tobacco,https://www.tesco.com/groceries/en-GB/shop/home-and-ents/all?department=Tobacco%20%26%20Alternatives&viewAll=department&page=,£3.00,£300.00/litre,,,/groceries/en-GB/products/305609389,https://digitalcontent.api.tesco.com/v2/media/ghs/55dcbd80-ce16-45d8-9192-c07b1f7c2d4c/4032aee7-0b74-4a2d-a815-2badedea77dc_33401616.jpeg?h=225&w=225,
305663105,Ibiza Club Vape & E-Liquids 6Mg Apple&Blck Menth,https://www.tesco.com/groceries/en-GB/shop/home-and-ents/all?department=Tobacco%20%26%20Alternatives&viewAll=department&page=,£3.00,£300.00/litre,,,/groceries/en-GB/products/305663105,https://digitalcontent.api.tesco.com/v2/media/ghs/d266662c-053c-4a7c-b2b3-00831128c83c/3f1ed4ee-0db8-4c7b-8fce-207fdbc0f6bb_1154955652.jpeg?h=225&w=225,
305663566,Ibiza Club Vape & E-Liquids 6Mg Menthol,https://www.tesco.com/groceries/en-GB/shop/home-and-ents/all?department=Tobacco%20%26%20Alternatives&viewAll=department&page=,£3.00,£300.00/litre,,,/groceries/en-GB/products/305663566,https://digitalcontent.api.tesco.com/v2/media/ghs/13469da5-37ad-473a-bb1c-f1eb9080c3c5/2c673b56-9214-4696-a2a2-5f1ffaf77430_1589803377.jpeg?h=225&w=225,
305663007,Ibiza Club Vapes & E-Liquids 12Mg Classic Tobacco,https://www.tesco.com/groceries/en-GB/shop/home-and-ents/all?department=Tobacco%20%26%20Alternatives&viewAll=department&page=,£3.00,£300.00/litre,,,/groceries/en-GB/products/305663007,https://digitalcontent.api.tesco.com/v2/media/ghs/05b64fd4-945d-4480-aef5-629688b9667b/9736cf02-6b2e-4bac-881d-5be3cee63140_937707508.jpeg?h=225&w=225,
305680948,Ibiza Club Vape &E-Liquids 6Mg Classic Tobacco,https://www.tesco.com/groceries/en-GB/shop/home-and-ents/all?department=Tobacco%20%26%20Alternatives&viewAll=department&page=,£3.00,£300.00/litre,,,/groceries/en-GB/products/305680948,https://digitalcontent.api.tesco.com/v2/media/ghs/9c6b5731-e591-4d69-83e3-8774d1d625f3/b4f7cc10-09ea-4ea3-a7be-9072ffded5fe_973926357.jpeg?h=225&w=225,
294901210,Blu E-Liquid Blueberry 1.6%,https://www.tesco.com/groceries/en-GB/shop/home-and-ents/all?department=Tobacco%20%26%20Alternatives&viewAll=department&page=,£3.99,£3.99/each,,,/groceries/en-GB/products/294901210,https://digitalcontent.api.tesco.com/v2/media/ghs/45bee147-7e04-4a75-98f6-b1c0a00ee1db/ca153be2-e4be-4fb5-97fa-cd2b6fe58249_142020873.jpeg?h=225&w=225,
311960355,Royal Dutch Filter 10 Cigarillos,https://www.tesco.com/groceries/en-GB/shop/home-and-ents/all?department=Tobacco%20%26%20Alternatives&viewAll=department&page=,£7.99,£0.80/each,,,/groceries/en-GB/products/311960355,https://digitalcontent.api.tesco.com/v2/media/ghs/f4c4d5ed-3094-4b95-8b71-b04ff637146e/2dd0a8e8-e5c2-4f27-b1e3-1cca45cbff4b_262936955.jpeg?h=225&w=225,
306817902,Royal Dutch Mini Double Filter Cigarillos 10 Pack,https://www.tesco.com/groceries/en-GB/shop/home-and-ents/all?department=Tobacco%20%26%20Alternatives&viewAll=department&page=,£5.25,£0.52/each,,,/groceries/en-GB/products/306817902,https://digitalcontent.api.tesco.com/v2/media/ghs/f1a9686f-6025-456c-92be-a6a6f104761b/0c642c94-546d-40e1-b9a6-6edb4eb9f3c5_1748117687.jpeg?h=225&w=225,
309769320,Ocb Premium Slim 32 Leaves & 32 Filters,https://www.tesco.com/groceries/en-GB/shop/home-and-ents/all?department=Tobacco%20%26%20Alternatives&viewAll=department&page=,£1.39,£0.02/each,,,/groceries/en-GB/products/309769320,https://digitalcontent.api.tesco.com/v2/media/ghs/336e0037-6062-4d88-961f-7bedd1cead0f/dbcec53a-530b-4411-a04b-fc02b0d3789d_299005288.jpeg?h=225&w=225,
307756586,Jps Players New Crush Cigaretts King Size 20 Pack,https://www.tesco.com/groceries/en-GB/shop/home-and-ents/all?department=Tobacco%20%26%20Alternatives&viewAll=department&page=,£10.40,£0.52/each,,,/groceries/en-GB/products/307756586,https://digitalcontent.api.tesco.com/v2/media/ghs/b0634dd9-2753-43b0-a8d2-2e8c8af75fbd/6b39161e-6b25-4881-80cb-f419e11b40a2_219415414.jpeg?h=225&w=225,
311941021,Rizla Slim Silver King Size 32'S Plus Tips Combination Pack,https://www.tesco.com/groceries/en-GB/shop/home-and-ents/all?department=Tobacco%20%26%20Alternatives&viewAll=department&page=,£1.20,£1.20/each,,,/groceries/en-GB/products/311941021,https://digitalcontent.api.tesco.com/v2/media/ghs/27296d68-0cea-46a5-9aeb-6842ac8faed2/1f8929ea-9d7b-4c94-8ca3-f30fdc7d2e88_1086253466.jpeg?h=225&w=225,
259377721,Rizla Red King Size Papers,https://www.tesco.com/groceries/en-GB/shop/home-and-ents/all?department=Tobacco%20%26%20Alternatives&viewAll=department&page=,£0.79,£0.79/each,,,/groceries/en-GB/products/259377721,https://digitalcontent.api.tesco.com/v2/media/ghs/f6e67e02-efdf-45ca-8c18-10bdf2c1378c/810fd94a-2d9e-411e-ba60-690a9ef2ae91_102064220.jpeg?h=225&w=225,
311943998,Gold Leaf Jps Quality Blend Tobacco 100G,https://www.tesco.com/groceries/en-GB/shop/home-and-ents/all?department=Tobacco%20%26%20Alternatives&viewAll=department&page=,£44.80,£44.80/100g,,,/groceries/en-GB/products/311943998,https://digitalcontent.api.tesco.com/v2/media/ghs-mktg/b0b04216-fa73-466d-a9d7-c9fcfa1ce9b3/no-image.jpeg,
310150198,Sterling Superking Original Red 5X20 Pack Cigarettes,https://www.tesco.com/groceries/en-GB/shop/home-and-ents/all?department=Tobacco%20%26%20Alternatives&viewAll=department&page=,£55.95,£0.56/each,,,/groceries/en-GB/products/310150198,https://digitalcontent.api.tesco.com/v2/media/ghs/cbf1a5a3-801d-425e-8ae6-717c540ef496/f6f3586f-91b5-464b-bdf4-398e976f24bc_814821226.jpeg?h=225&w=225,
294349610,Signature Blue 5X10 Cigars,https://www.tesco.com/groceries/en-GB/shop/home-and-ents/all?department=Tobacco%20%26%20Alternatives&viewAll=department&page=,£30.14,£0.60/each,,,/groceries/en-GB/products/294349610,https://digitalcontent.api.tesco.com/v2/media/ghs/107f4e6a-9d4b-497d-9f19-b0feeb622e49/e6e4cd2d-5631-4384-88d1-ddd20515a60b_1174132349.jpeg?h=225&w=225,
310116833,Sterling Superking Blue Cigarettes Multipack 5X20,https://www.tesco.com/groceries/en-GB/shop/home-and-ents/all?department=Tobacco%20%26%20Alternatives&viewAll=department&page=,£55.95,£0.56/each,,,/groceries/en-GB/products/310116833,https://digitalcontent.api.tesco.com/v2/media/ghs/a86cc62b-f5fc-422d-b943-e2bf264d05cb/2a272779-b50e-477c-a401-86ee9193bcaa_1123545212.jpeg?h=225&w=225,
310161907,Mayfair Original Blue 5X20 Pack,https://www.tesco.com/groceries/en-GB/shop/home-and-ents/all?department=Tobacco%20%26%20Alternatives&viewAll=department&page=,£57.70,£0.58/each,,,/groceries/en-GB/products/310161907,https://digitalcontent.api.tesco.com/v2/media/ghs/9144c564-3fc5-4a19-b948-19fbe1e96d9e/75c42da1-63df-4c4e-89a6-f11105b007fe_1052588955.jpeg?h=225&w=225,
309168674,Vuse Original Epen Pods Wild Berries 12Mg/Ml 2 Pack,https://www.tesco.com/groceries/en-GB/shop/home-and-ents/all?department=Tobacco%20%26%20Alternatives&viewAll=department&page=,£7.99,"£1,997.50/litre",,,/groceries/en-GB/products/309168674,https://digitalcontent.api.tesco.com/v2/media/ghs/943855bb-9cf4-4ada-9fa9-311446648f4e/31eed9f5-35ea-4ba5-9290-fceb9cb0a206_2134356978.jpeg?h=225&w=225,
313005960,Elfbar Disposable Pod Blueberry 20Mg,https://www.tesco.com/groceries/en-GB/shop/home-and-ents/all?department=Tobacco%20%26%20Alternatives&viewAll=department&page=,£5.99,£5.99/each,,,/groceries/en-GB/products/313005960,https://digitalcontent.api.tesco.com/v2/media/ghs/e91957c2-dbdb-413e-b415-9a1ac382ec33/5c29f7f8-e9d7-4dbb-a59d-dbb257750946_793466698.jpeg?h=225&w=225,
309209293,Vuse Original Epod Tropical Mango 12Mg/Ml 2Pack,https://www.tesco.com/groceries/en-GB/shop/home-and-ents/all?department=Tobacco%20%26%20Alternatives&viewAll=department&page=,£6.99,"£1,839.48/litre",,,/groceries/en-GB/products/309209293,https://digitalcontent.api.tesco.com/v2/media/ghs/fa4d98e2-637f-4a67-bd54-d7e103ee54ea/4193529d-632b-442e-b988-13138a2dc6a5_2033485233.jpeg?h=225&w=225,
313164338,Elfbar Disposable Pod Grape 20Mg,https://www.tesco.com/groceries/en-GB/shop/home-and-ents/all?department=Tobacco%20%26%20Alternatives&viewAll=department&page=,£5.99,£0.01/each,,,/groceries/en-GB/products/313164338,https://digitalcontent.api.tesco.com/v2/media/ghs/471b7040-e2fd-4793-a292-fadff0217ec1/42299f19-d27a-410e-befe-0e9d7450da66_140234442.jpeg?h=225&w=225,
313186623,Elfbar Disposable Pod Blue Razz Lemonade 20Mg,https://www.tesco.com/groceries/en-GB/shop/home-and-ents/all?department=Tobacco%20%26%20Alternatives&viewAll=department&page=,£5.99,£5.99/each,,,/groceries/en-GB/products/313186623,https://digitalcontent.api.tesco.com/v2/media/ghs/944c8746-f654-490d-87c8-4c3b6532d937/36f18154-743f-4b9e-b479-63ad8668c1f5_1213312547.jpeg?h=225&w=225,
313174257,Elfbar Disposable Pod Blueberry Sour Raspberry 20Mg,https://www.tesco.com/groceries/en-GB/shop/home-and-ents/all?department=Tobacco%20%26%20Alternatives&viewAll=department&page=,£5.99,£5.99/each,,,/groceries/en-GB/products/313174257,https://digitalcontent.api.tesco.com/v2/media/ghs/6f07d115-6772-4d02-9c99-187f007d5e2d/7aa0c8a4-5812-406a-8670-4acff7f20cef_1761414545.jpeg?h=225&w=225,
295626380,Condor Ready Rubbed Roll Your Own 50G,https://www.tesco.com/groceries/en-GB/shop/home-and-ents/all?department=Tobacco%20%26%20Alternatives&viewAll=department&page=,£18.00,£3.60/10g,,,/groceries/en-GB/products/295626380,https://digitalcontent.api.tesco.com/v2/media/ghs/b64fddf8-02b3-42f2-bfb1-25f97ccc4593/4a5c2bdc-d5e7-49b1-8f7f-2c0c2a545ec6_939381589.jpeg?h=225&w=225,
305384683,Logic Compact Intense X 2 Caps Peppermint,https://www.tesco.com/groceries/en-GB/shop/home-and-ents/all?department=Tobacco%20%26%20Alternatives&viewAll=department&page=,£5.99,"£1,761.77/litre",,,/groceries/en-GB/products/305384683,https://digitalcontent.api.tesco.com/v2/media/ghs/5bc4a977-70c7-40f4-b569-17e48a79ca64/94b4d447-8166-4fa3-9131-47b6b3f3120c_1957286542.jpeg?h=225&w=225,
311668609,Vuse Go Strawberry Ice Disposable Vape Pod 20Mg/Ml,https://www.tesco.com/groceries/en-GB/shop/home-and-ents/all?department=Tobacco%20%26%20Alternatives&viewAll=department&page=,£5.99,£5.99/each,,,/groceries/en-GB/products/311668609,https://digitalcontent.api.tesco.com/v2/media/ghs/2ceb9d11-f23c-4d49-a881-b30d70897533/00bdb855-0121-45f1-b89a-df552bdb18ff_95667564.jpeg?h=225&w=225,
311932199,Vuse Go Watermelon Ice Disposable Vape Pod 20Mg/Ml,https://www.tesco.com/groceries/en-GB/shop/home-and-ents/all?department=Tobacco%20%26%20Alternatives&viewAll=department&page=,£5.99,£5.99/each,,,/groceries/en-GB/products/311932199,https://digitalcontent.api.tesco.com/v2/media/ghs/0093efe8-6a80-4946-925a-715d90dcb9b2/39f05b4b-cbae-423b-8840-86f93896a676_2093632680.jpeg?h=225&w=225,
312103782,Vuse Go Mint Ice Disposable Vape Pod 20Mg/Ml,https://www.tesco.com/groceries/en-GB/shop/home-and-ents/all?department=Tobacco%20%26%20Alternatives&viewAll=department&page=,£5.99,£5.99/each,,,/groceries/en-GB/products/312103782,https://digitalcontent.api.tesco.com/v2/media/ghs/f6588678-2337-4f2e-a4f9-d2b1dbcd7c77/f7620fbc-82d8-4411-bb03-85b9d119b6c9_226438860.jpeg?h=225&w=225,
306494067,Logic Compact Intense E Liquid Pod Berry Mint 18Mg 2 Pack,https://www.tesco.com/groceries/en-GB/shop/home-and-ents/all?department=Tobacco%20%26%20Alternatives&viewAll=department&page=,£5.99,"£1,761.77/litre",,,/groceries/en-GB/products/306494067,https://digitalcontent.api.tesco.com/v2/media/ghs/6a8ffd3a-473b-41ce-ad26-0e0379f57eeb/6e35f54a-616b-4524-afad-2f0e375d1210_1911158128.jpeg?h=225&w=225,
311800183,Benson & Hedges Blue Rolling Tobacco 50G,https://www.tesco.com/groceries/en-GB/shop/home-and-ents/all?department=Tobacco%20%26%20Alternatives&viewAll=department&page=,£22.35,£44.70/100g,,,/groceries/en-GB/products/311800183,https://digitalcontent.api.tesco.com/v2/media/ghs/7609ce59-c2ba-4d18-ae15-ccd9be14fef4/adc2b8f6-bbf7-470b-b8d7-93ab4fe347d8_1004161256.jpeg?h=225&w=225,
294287705,Gold Block 40G,https://www.tesco.com/groceries/en-GB/shop/home-and-ents/all?department=Tobacco%20%26%20Alternatives&viewAll=department&page=,£14.34,£35.85/100g,,,/groceries/en-GB/products/294287705,https://digitalcontent.api.tesco.com/v2/media/ghs/139bad8f-d40e-4f75-ab12-4c71a83e1d0e/afdb74bf-19a8-4d21-b4b1-bc8cec7136c7_82574534.jpeg?h=225&w=225,
310177495,Amber Leaf Rolling Tobacco 30G,https://www.tesco.com/groceries/en-GB/shop/home-and-ents/all?department=Tobacco%20%26%20Alternatives&viewAll=department&page=,£17.75,£59.17/100g,,,/groceries/en-GB/products/310177495,https://digitalcontent.api.tesco.com/v2/media/ghs/63badf4b-feb7-42ca-872c-88e537457f65/fcf495f0-6a48-432f-af12-747501272b9a_130010738.jpeg?h=225&w=225,
295823404,Benson & Hedges Silver Roll Your Own 30G,https://www.tesco.com/groceries/en-GB/shop/home-and-ents/all?department=Tobacco%20%26%20Alternatives&viewAll=department&page=,£16.70,£55.67/100g,,,/groceries/en-GB/products/295823404,https://digitalcontent.api.tesco.com/v2/media/ghs/38f407d9-fb71-4cc9-8935-c5170340a11e/44c8b3cf-3201-4851-80ca-a0fc2ac62538_536753143.jpeg?h=225&w=225,
295227246,Drum Gold 30G,https://www.tesco.com/groceries/en-GB/shop/home-and-ents/all?department=Tobacco%20%26%20Alternatives&viewAll=department&page=,£18.15,£60.50/100g,,,/groceries/en-GB/products/295227246,https://digitalcontent.api.tesco.com/v2/media/ghs/689e4e44-a05d-44cd-80bb-e252f8af353f/6074f75a-4530-4d48-9874-97a3ecb35c80_1665188326.jpeg?h=225&w=225,
296056734,Drum Tobacco Original Blue 30G,https://www.tesco.com/groceries/en-GB/shop/home-and-ents/all?department=Tobacco%20%26%20Alternatives&viewAll=department&page=,£18.15,£60.50/100g,,,/groceries/en-GB/products/296056734,https://digitalcontent.api.tesco.com/v2/media/ghs/908f09cc-3082-4971-b7fb-a0f969b378cf/ab8c74b2-64e9-4c80-8ff1-f1e145166c94_1861231714.jpeg?h=225&w=225,
299917996,Rothmans Fine Tobacco 30G,https://www.tesco.com/groceries/en-GB/shop/home-and-ents/all?department=Tobacco%20%26%20Alternatives&viewAll=department&page=,£14.60,£0.49/each,,,/groceries/en-GB/products/299917996,https://digitalcontent.api.tesco.com/v2/media/ghs/39abd5de-d6da-45e1-b407-930fe14a6792/acfa2512-7d76-41ec-a254-bb0115bcd7b5_1656233558.jpeg?h=225&w=225,
309779291,Holborn Yellow Rolling Tobacco & Cigarette Paper 30G,https://www.tesco.com/groceries/en-GB/shop/home-and-ents/all?department=Tobacco%20%26%20Alternatives&viewAll=department&page=,£14.70,£0.49/each,,,/groceries/en-GB/products/309779291,https://digitalcontent.api.tesco.com/v2/media/ghs/fd61a730-0b95-4d18-b5d5-8050910e9873/4989d7fa-13f3-4e88-adeb-3693f40cbf49_1248771468.jpeg?h=225&w=225,
312086651,Benson & Hedges Blue Rolling Tobacco 30G,https://www.tesco.com/groceries/en-GB/shop/home-and-ents/all?department=Tobacco%20%26%20Alternatives&viewAll=department&page=,£13.65,£45.50/100g,,,/groceries/en-GB/products/312086651,https://digitalcontent.api.tesco.com/v2/media/ghs/32e3ff19-4c7b-4451-b869-2cd5c8df9d0a/046c618b-81c4-4d97-ba8a-a8be7b145abd_350690678.jpeg?h=225&w=225,
310109433,Nordic Spirit Mint Strong 9Mg,https://www.tesco.com/groceries/en-GB/shop/home-and-ents/all?department=Tobacco%20%26%20Alternatives&viewAll=department&page=,£6.50,£500.00/kg,,,/groceries/en-GB/products/310109433,https://digitalcontent.api.tesco.com/v2/media/ghs/8034a3f7-ce7f-4aa1-bda9-592ef4a88f9d/5f907b1f-aca9-451e-bd0d-eacb24cb8b79_2014239763.jpeg?h=225&w=225,
310121792,Nordic Spirit Mint Regular,https://www.tesco.com/groceries/en-GB/shop/home-and-ents/all?department=Tobacco%20%26%20Alternatives&viewAll=department&page=,£6.50,£500.00/kg,,,/groceries/en-GB/products/310121792,https://digitalcontent.api.tesco.com/v2/media/ghs/90bc0376-8fa1-4b69-b3af-48134d1e807e/0d87c7a3-39de-4947-a329-10f6dcd83fe7_1448972903.jpeg?h=225&w=225,
294908440,Hamlet Miniatures 10 Pack,https://www.tesco.com/groceries/en-GB/shop/home-and-ents/all?department=Tobacco%20%26%20Alternatives&viewAll=department&page=,£7.15,£7.15/each,,,/groceries/en-GB/products/294908440,https://digitalcontent.api.tesco.com/v2/media/ghs/2437b55f-f1ce-4b36-bfc1-e4451431cdb1/e1758585-e78a-44ee-b585-044d6a63a0f1_665621468.jpeg?h=225&w=225,
312104959,Velo Freeze Nicotine Pouches 20 Pack 10.9Mg 14G,https://www.tesco.com/groceries/en-GB/shop/home-and-ents/all?department=Tobacco%20%26%20Alternatives&viewAll=department&page=,£5.50,£39.29/100g,,,/groceries/en-GB/products/312104959,https://digitalcontent.api.tesco.com/v2/media/ghs/ddf7c3f0-07d2-4a05-ba24-ce1ac7b7405f/af5e54fb-a282-4b43-8656-e4d41f7b8c37_891427523.jpeg?h=225&w=225,
306948856,Velo Nicotine Pouches Polar Mint 6Mg 20 Pack,https://www.tesco.com/groceries/en-GB/shop/home-and-ents/all?department=Tobacco%20%26%20Alternatives&viewAll=department&page=,£5.50,£0.28/each,,,/groceries/en-GB/products/306948856,https://digitalcontent.api.tesco.com/v2/media/ghs/20e74302-47a3-4010-a1eb-768d29befec5/bb376e73-f6b8-4e6c-aff2-e3e99e59de6b_702717314.jpeg?h=225&w=225,
310151637,Camel Blue Cigarettes 20 Pack,https://www.tesco.com/groceries/en-GB/shop/home-and-ents/all?department=Tobacco%20%26%20Alternatives&viewAll=department&page=,£13.80,£0.69/each,,,/groceries/en-GB/products/310151637,https://digitalcontent.api.tesco.com/v2/media/ghs/5b0aea62-f6dc-4212-81cc-e999ec97d409/14ec5cee-49be-4ebd-afa3-cf76693f6b81_607199826.jpeg?h=225&w=225,
305869761,Ibiza Club Vape & E-Liquids 6Mg Mango & Raspbery,https://www.tesco.com/groceries/en-GB/shop/home-and-ents/all?department=Tobacco%20%26%20Alternatives&viewAll=department&page=,£3.00,£300.00/litre,,,/groceries/en-GB/products/305869761,https://digitalcontent.api.tesco.com/v2/media/ghs/59967d39-f481-4c43-8a92-79768c1f2a7f/7666ec47-8506-4dfb-964e-43847e183969_2111486355.jpeg?h=225&w=225,
305584878,Ibiza Club Vapes & E-Liquids 18Mg Menthol,https://www.tesco.com/groceries/en-GB/shop/home-and-ents/all?department=Tobacco%20%26%20Alternatives&viewAll=department&page=,£3.00,£300.00/litre,,,/groceries/en-GB/products/305584878,https://digitalcontent.api.tesco.com/v2/media/ghs/77924085-d755-4157-bae0-fe806ab21e45/70bcc2f3-af15-4663-bef0-de297235b248_1849242169.jpeg?h=225&w=225,
305663733,Ibiza Club Vape & E-Liquids 6Mg Wild Strawberry,https://www.tesco.com/groceries/en-GB/shop/home-and-ents/all?department=Tobacco%20%26%20Alternatives&viewAll=department&page=,£3.00,£300.00/litre,,,/groceries/en-GB/products/305663733,https://digitalcontent.api.tesco.com/v2/media/ghs/243053fc-c6dd-462a-a996-fc9299e76c5d/51121de1-0727-4f92-93b8-5a81de93e9ee_221952607.jpeg?h=225&w=225,
305663520,Ibiza Club Vape & E-Liquids 6Mg Ice Mint,https://www.tesco.com/groceries/en-GB/shop/home-and-ents/all?department=Tobacco%20%26%20Alternatives&viewAll=department&page=,£3.00,£300.00/litre,,,/groceries/en-GB/products/305663520,https://digitalcontent.api.tesco.com/v2/media/ghs/6d2358cc-cd1f-4bf4-aee8-2882854da469/0b93fc6b-1286-42e3-be0e-6e79e270af20_383763746.jpeg?h=225&w=225,
295235547,Blu E-Liquid Golden Tobacco 1.6%,https://www.tesco.com/groceries/en-GB/shop/home-and-ents/all?department=Tobacco%20%26%20Alternatives&viewAll=department&page=,£3.99,£3.99/each,,,/groceries/en-GB/products/295235547,https://digitalcontent.api.tesco.com/v2/media/ghs/c4c774f1-fbe9-4093-b5dd-4c685a6a9a67/88ca3a3c-a0f3-4b97-8cdf-bdc8abc2050f_245613896.jpeg?h=225&w=225,
294302222,Signature Original Cigars 10 Pack,https://www.tesco.com/groceries/en-GB/shop/home-and-ents/all?department=Tobacco%20%26%20Alternatives&viewAll=department&page=,£6.38,£0.64/each,,,/groceries/en-GB/products/294302222,https://digitalcontent.api.tesco.com/v2/media/ghs/41cf4ff4-e1e7-49c6-a31a-993a71bc5a38/b0d7ccf5-3632-4948-94f0-d53a6bd6adf0_280890732.jpeg?h=225&w=225,
311259184,Embassy Signature New Crush Cigarettes 20 Pack,https://www.tesco.com/groceries/en-GB/shop/home-and-ents/all?department=Tobacco%20%26%20Alternatives&viewAll=department&page=,£10.15,£0.51/each,,,/groceries/en-GB/products/311259184,https://digitalcontent.api.tesco.com/v2/media/ghs/5ad8a2bf-cb68-4dec-aa49-49bec1e5073a/9a2a9c63-29a7-48eb-9870-e183ac25947f_461995499.jpeg?h=225&w=225,
294350020,Henri Wintermans Panatella 5 Cigars,https://www.tesco.com/groceries/en-GB/shop/home-and-ents/all?department=Tobacco%20%26%20Alternatives&viewAll=department&page=,£5.80,£1.16/each,,,/groceries/en-GB/products/294350020,https://digitalcontent.api.tesco.com/v2/media/ghs/2da892b6-eefd-48bf-85b9-6f4e7aea67fc/53435708-60dc-4942-85c9-b03deb214064_519557280.jpeg?h=225&w=225,
295627251,Classic Fine Cigars 25 5 Pack,https://www.tesco.com/groceries/en-GB/shop/home-and-ents/all?department=Tobacco%20%26%20Alternatives&viewAll=department&page=,£39.25,£7.85/each,,,/groceries/en-GB/products/295627251,https://digitalcontent.api.tesco.com/v2/media/ghs/1513f21a-82e8-4f70-98fe-89fcb6ec596c/662322fe-b82f-4224-902e-1b0e58b8f701_1829761301.jpeg?h=225&w=225,
309494984,Marlboro Red 20X5 Cigarettes,https://www.tesco.com/groceries/en-GB/shop/home-and-ents/all?department=Tobacco%20%26%20Alternatives&viewAll=department&page=,£63.75,£0.64/each,,,/groceries/en-GB/products/309494984,https://digitalcontent.api.tesco.com/v2/media/ghs/be1b26f3-4633-4a05-a68b-c2d868aabb3e/513915fd-ccea-488f-b85e-db1e159720ef_242146387.jpeg?h=225&w=225,
312832667,Blu 2.0 Vape Device Kit,https://www.tesco.com/groceries/en-GB/shop/home-and-ents/all?department=Tobacco%20%26%20Alternatives&viewAll=department&page=,£9.99,£9.99/each,,,/groceries/en-GB/products/312832667,https://digitalcontent.api.tesco.com/v2/media/ghs/d04c1904-2e60-4a78-94c7-d1470888ec2b/e8c386d8-8a5a-4acd-ad2a-004c2a1909f2_1017373225.jpeg?h=225&w=225,
310117112,Sterling Original Red Cigarettes 5X20 Multipack,https://www.tesco.com/groceries/en-GB/shop/home-and-ents/all?department=Tobacco%20%26%20Alternatives&viewAll=department&page=,£55.95,£0.56/each,,,/groceries/en-GB/products/310117112,https://digitalcontent.api.tesco.com/v2/media/ghs/a4432eb9-76ce-4172-953e-92353308b0a2/6584e60f-1e8b-4257-9be5-80958cda8a03_527508164.jpeg?h=225&w=225,
294302245,Signature Original 5X10 Cigars,https://www.tesco.com/groceries/en-GB/shop/home-and-ents/all?department=Tobacco%20%26%20Alternatives&viewAll=department&page=,£30.14,£0.60/each,,,/groceries/en-GB/products/294302245,https://digitalcontent.api.tesco.com/v2/media/ghs/0710fd08-396b-45e2-add9-b1dd0a5455e5/fb13b8e1-b8ef-45f4-85b6-352602f51e76_63482658.jpeg?h=225&w=225,
312832955,Blu 2.0 Pods Golden Tobacco 18Mg/Ml 2X1.9Ml,https://www.tesco.com/groceries/en-GB/shop/home-and-ents/all?department=Tobacco%20%26%20Alternatives&viewAll=department&page=,£6.99,"£1,839.48/litre",,,/groceries/en-GB/products/312832955,https://digitalcontent.api.tesco.com/v2/media/ghs/5c7b731e-124e-42db-bbb5-e4016372143b/976cc06a-e644-4e03-b460-e61cda927ed0_52208356.jpeg?h=225&w=225,
312845767,Blu 2.0 Pods Fresh Mint 9Mg/Ml 2 X 1.9Ml,https://www.tesco.com/groceries/en-GB/shop/home-and-ents/all?department=Tobacco%20%26%20Alternatives&viewAll=department&page=,£6.99,"£1,839.48/litre",,,/groceries/en-GB/products/312845767,https://digitalcontent.api.tesco.com/v2/media/ghs/3ead4dfe-0bf4-4160-97de-8db01f7af8a2/596cc80c-0dc8-48b6-88ef-3469a381ff0e_1871914122.jpeg?h=225&w=225,
311935334,Vuse Strawberry Ice Vape Pods 2 Pack 18Mg/Ml,https://www.tesco.com/groceries/en-GB/shop/home-and-ents/all?department=Tobacco%20%26%20Alternatives&viewAll=department&page=,£6.99,£3.50/each,,,/groceries/en-GB/products/311935334,https://digitalcontent.api.tesco.com/v2/media/ghs/60c553b7-3f9c-4247-984a-4f27b711529a/477f4b56-478f-41c0-a24e-d79826d42e00_70038999.jpeg?h=225&w=225,
311275705,Vuse Blueberry Ice Vape Pods 2 Pack 18Mg/Ml,https://www.tesco.com/groceries/en-GB/shop/home-and-ents/all?department=Tobacco%20%26%20Alternatives&viewAll=department&page=,£6.99,£3.50/each,,,/groceries/en-GB/products/311275705,https://digitalcontent.api.tesco.com/v2/media/ghs/5c2a804d-5a97-460e-9a1b-c234b0707665/1398adbe-74c6-4eb9-83f1-5b7b3ffb0447_1833339273.jpeg?h=225&w=225,
312854094,Elfbar Disposable Pod Strawberry Kiwi 20Mg,https://www.tesco.com/groceries/en-GB/shop/home-and-ents/all?department=Tobacco%20%26%20Alternatives&viewAll=department&page=,£5.99,£5.99/each,,,/groceries/en-GB/products/312854094,https://digitalcontent.api.tesco.com/v2/media/ghs-mktg/b0b04216-fa73-466d-a9d7-c9fcfa1ce9b3/no-image.jpeg,
312999020,Elfbar Disposable Pod Kiwi Passion Fruit Guava 20Mg,https://www.tesco.com/groceries/en-GB/shop/home-and-ents/all?department=Tobacco%20%26%20Alternatives&viewAll=department&page=,£5.99,£0.01/each,,,/groceries/en-GB/products/312999020,https://digitalcontent.api.tesco.com/v2/media/ghs/92b140aa-b23b-4497-b96c-8fb3482dec03/bc83820c-93fb-409d-8844-bd371474ec29_543563546.jpeg?h=225&w=225,
302133755,Logic Compact X 2 Capsules Cherry,https://www.tesco.com/groceries/en-GB/shop/home-and-ents/all?department=Tobacco%20%26%20Alternatives&viewAll=department&page=,£5.99,"£1,761.77/litre",,,/groceries/en-GB/products/302133755,https://digitalcontent.api.tesco.com/v2/media/ghs/efc180d2-23e8-417a-8606-db586a88c00d/d92aba7d-70de-4e17-896b-c1d54400bb31_1834228903.jpeg?h=225&w=225,
311433191,Vuse Go Creamy Tobacco Disposable Vape Pod 20Mg/Ml,https://www.tesco.com/groceries/en-GB/shop/home-and-ents/all?department=Tobacco%20%26%20Alternatives&viewAll=department&page=,£5.99,£5.99/each,,,/groceries/en-GB/products/311433191,https://digitalcontent.api.tesco.com/v2/media/ghs/14052ea9-7e11-4b11-826a-8cc8484ec287/8a84691a-52e9-4990-96d9-0c8799173bb5_1396569139.jpeg?h=225&w=225,
312091235,Vuse Go Mango Ice Disposable Vape Pod 20Mg/Ml,https://www.tesco.com/groceries/en-GB/shop/home-and-ents/all?department=Tobacco%20%26%20Alternatives&viewAll=department&page=,£5.99,£5.99/each,,,/groceries/en-GB/products/312091235,https://digitalcontent.api.tesco.com/v2/media/ghs/80584ea6-4093-4d29-b3d7-460de7072dcf/f1dcbe07-b32e-48d9-b56c-de84598b3f92_1129057881.jpeg?h=225&w=225,
305384648,Logic Compact Intense Berry Ripple X 2 Caps,https://www.tesco.com/groceries/en-GB/shop/home-and-ents/all?department=Tobacco%20%26%20Alternatives&viewAll=department&page=,£5.99,"£1,761.77/litre",,,/groceries/en-GB/products/305384648,https://digitalcontent.api.tesco.com/v2/media/ghs/a351930d-a136-40e3-92b9-72da014f6e04/1c31dde1-3ed5-485c-b865-e8e61f4c1c6c_1278485187.jpeg?h=225&w=225,
294302274,Henri Wintermans Corona Sumatra Single,https://www.tesco.com/groceries/en-GB/shop/home-and-ents/all?department=Tobacco%20%26%20Alternatives&viewAll=department&page=,£6.42,£6.42/each,,,/groceries/en-GB/products/294302274,https://digitalcontent.api.tesco.com/v2/media/ghs/ad08471e-b89d-4e05-90c8-52b99dae8227/45ed1f94-3899-4cf9-be6c-eec0ebde5e82_8084400.jpeg?h=225&w=225,
311793875,Nordic Spirit Spearmint Extra Strong,https://www.tesco.com/groceries/en-GB/shop/home-and-ents/all?department=Tobacco%20%26%20Alternatives&viewAll=department&page=,£6.50,£54.17/100g,,,/groceries/en-GB/products/311793875,https://digitalcontent.api.tesco.com/v2/media/ghs/676833ed-f25b-4826-8e42-397671ed027d/66c37cf8-e30f-47ca-a611-bd532895a34a_812414830.jpeg?h=225&w=225,
310142260,Nordic Spirit Mint Extra Strong 12Mg,https://www.tesco.com/groceries/en-GB/shop/home-and-ents/all?department=Tobacco%20%26%20Alternatives&viewAll=department&page=,£6.50,£500.00/kg,,,/groceries/en-GB/products/310142260,https://digitalcontent.api.tesco.com/v2/media/ghs/5cb4d962-7e3d-406e-af30-f68b38585936/bc800d63-5583-49cf-9fea-1ca3d0396af4_1783445832.jpeg?h=225&w=225,
311948820,Nordic Spirit Mocha Strong,https://www.tesco.com/groceries/en-GB/shop/home-and-ents/all?department=Tobacco%20%26%20Alternatives&viewAll=department&page=,£6.50,£50.00/100g,,,/groceries/en-GB/products/311948820,https://digitalcontent.api.tesco.com/v2/media/ghs/9b22f6df-9927-4cb3-ac63-e3bb2f33ac63/08aff715-4c77-4b93-be47-713642d702a0_561501843.jpeg?h=225&w=225,
310183850,Nordic Spirit Bergamot Extra Strong,https://www.tesco.com/groceries/en-GB/shop/home-and-ents/all?department=Tobacco%20%26%20Alternatives&viewAll=department&page=,£6.50,£54.17/100g,,,/groceries/en-GB/products/310183850,https://digitalcontent.api.tesco.com/v2/media/ghs/22b8726f-9e1b-4f47-9bc4-ae3e2ac7753a/2cbc4126-47eb-411d-abe8-f2603a0945a8_2021508181.jpeg?h=225&w=225,
310162837,Nordic Spirit Bergomot Strong 9Mg,https://www.tesco.com/groceries/en-GB/shop/home-and-ents/all?department=Tobacco%20%26%20Alternatives&viewAll=department&page=,£6.50,£500.00/kg,,,/groceries/en-GB/products/310162837,https://digitalcontent.api.tesco.com/v2/media/ghs/3e05fb3d-31ea-4de7-b480-059ab11ecde5/431d0339-d63b-4d77-bc83-5c2365b6a948_806585810.jpeg?h=225&w=225,
305584711,Ibiza Club Vapes & E-Liquids 18Mg Mixed Berry,https://www.tesco.com/groceries/en-GB/shop/home-and-ents/all?department=Tobacco%20%26%20Alternatives&viewAll=department&page=,£3.00,£300.00/litre,,,/groceries/en-GB/products/305584711,https://digitalcontent.api.tesco.com/v2/media/ghs/c117a2c7-2245-4fe6-bb2c-eff88c7441c5/0a7e994c-0b1c-41cb-ba6b-25b845b67913_1796264341.jpeg?h=225&w=225,
305663900,Ibiza Club Vape & E-Liquids 6Mg Juicy Blueberry,https://www.tesco.com/groceries/en-GB/shop/home-and-ents/all?department=Tobacco%20%26%20Alternatives&viewAll=department&page=,£3.00,£300.00/litre,,,/groceries/en-GB/products/305663900,https://digitalcontent.api.tesco.com/v2/media/ghs/4c42785a-9b79-4df1-879e-ad9a1741d9f0/2c19a023-02ad-4464-bea5-2cbe5830b466_1895949321.jpeg?h=225&w=225,
305663508,Ibiza Club Vapes & E-Liquids 6Mg Rainbow Fruits,https://www.tesco.com/groceries/en-GB/shop/home-and-ents/all?department=Tobacco%20%26%20Alternatives&viewAll=department&page=,£3.00,£300.00/litre,,,/groceries/en-GB/products/305663508,https://digitalcontent.api.tesco.com/v2/media/ghs/e0d44d77-1682-434a-b23d-f8017f9a21be/5f8b54af-e481-45e9-84f7-271048afa973_506136069.jpeg?h=225&w=225,
305680849,Ibiza Club Vape & E-Liquids 6Mg Mixed Berry,https://www.tesco.com/groceries/en-GB/shop/home-and-ents/all?department=Tobacco%20%26%20Alternatives&viewAll=department&page=,£3.00,£300.00/litre,,,/groceries/en-GB/products/305680849,https://digitalcontent.api.tesco.com/v2/media/ghs/36bff562-9845-4371-806d-86f41b72dbf9/922a2ee0-4070-49d6-87d5-d09f8844cdea_1935896693.jpeg?h=225&w=225,
305662694,Ibiza Club Vapes & E-Liquids 12Mg Ice Mint,https://www.tesco.com/groceries/en-GB/shop/home-and-ents/all?department=Tobacco%20%26%20Alternatives&viewAll=department&page=,£3.00,£300.00/litre,,,/groceries/en-GB/products/305662694,https://digitalcontent.api.tesco.com/v2/media/ghs/b5464965-397c-4c02-9bc7-6bcc4990310e/f23c9520-aef3-416e-99a6-563d7d696901_1556996673.jpeg?h=225&w=225,
305662792,Ibiza Club Vapes & E-Liquids 12Mg Wild Strawberry,https://www.tesco.com/groceries/en-GB/shop/home-and-ents/all?department=Tobacco%20%26%20Alternatives&viewAll=department&page=,£3.00,£300.00/litre,,,/groceries/en-GB/products/305662792,https://digitalcontent.api.tesco.com/v2/media/ghs/90afe626-f8aa-4653-992d-8f159e541321/a6f3d36a-ea9c-46f9-a05b-cb10823b39f5_459485838.jpeg?h=225&w=225,
305662878,Ibiza Club Vapes & E-Liquids 12Mg Mixed Berry,https://www.tesco.com/groceries/en-GB/shop/home-and-ents/all?department=Tobacco%20%26%20Alternatives&viewAll=department&page=,£3.00,£300.00/litre,,,/groceries/en-GB/products/305662878,https://digitalcontent.api.tesco.com/v2/media/ghs/36e46f6d-2fe0-4ad2-87cf-a301dc435298/1f44148e-312b-438e-919c-0441b06e19f2_1500988441.jpeg?h=225&w=225,
312109643,Ocb Organic Hemp 32 Slim Papers & 32 Filters,https://www.tesco.com/groceries/en-GB/shop/home-and-ents/all?department=Tobacco%20%26%20Alternatives&viewAll=department&page=,£1.39,£1.39/each,,,/groceries/en-GB/products/312109643,https://digitalcontent.api.tesco.com/v2/media/ghs/a199ae40-1493-496f-8177-68fa410a634a/ebb7386c-a6bf-423b-b146-b676737face8_1954221847.jpeg?h=225&w=225,
312227727,Ocb Slim Virgin Papers 32 Pack,https://www.tesco.com/groceries/en-GB/shop/home-and-ents/all?department=Tobacco%20%26%20Alternatives&viewAll=department&page=,£1.39,£0.04/each,,,/groceries/en-GB/products/312227727,https://digitalcontent.api.tesco.com/v2/media/ghs/c16d0866-df15-42bd-ac9e-edde74f22a87/7fc62f4e-5bdd-4389-8855-ea6ecf848027_492996199.jpeg?h=225&w=225,
311954377,Players Crushball Cigarillos 10 Pack,https://www.tesco.com/groceries/en-GB/shop/home-and-ents/all?department=Tobacco%20%26%20Alternatives&viewAll=department&page=,£5.30,£0.53/each,,,/groceries/en-GB/products/311954377,https://digitalcontent.api.tesco.com/v2/media/ghs/208a9c8f-6259-482d-b8ad-3b945af06a65/e83f81e6-c33b-4fbc-8642-2f287faca2bd_1777907731.jpeg?h=225&w=225,
294685050,Royal Dutch Miniatures 10 Pack,https://www.tesco.com/groceries/en-GB/shop/home-and-ents/all?department=Tobacco%20%26%20Alternatives&viewAll=department&page=,£5.25,£0.52/each,,,/groceries/en-GB/products/294685050,https://digitalcontent.api.tesco.com/v2/media/ghs/3aa37478-738d-4f92-9295-1d84d54f45a6/097ccc70-c460-43ac-a816-9e6dabec3320_2066999089.jpeg?h=225&w=225,
309452222,Benson & Hedges Dual 20 Cigarettes,https://www.tesco.com/groceries/en-GB/shop/home-and-ents/all?department=Tobacco%20%26%20Alternatives&viewAll=department&page=,£12.40,£0.62/each,,,/groceries/en-GB/products/309452222,https://digitalcontent.api.tesco.com/v2/media/ghs/c846f600-146d-47f3-8c8f-558bcc5c5ef4/3822ca6c-ba1e-4160-b441-d324da0f2002_958001598.jpeg?h=225&w=225,
305663088,Ibiza Club Vape Deluxe Sub Ohm Vape Kit,https://www.tesco.com/groceries/en-GB/shop/home-and-ents/all?department=Tobacco%20%26%20Alternatives&viewAll=department&page=,£30.00,£30.00/each,,,/groceries/en-GB/products/305663088,https://digitalcontent.api.tesco.com/v2/media/ghs/e1d72376-e2f4-418d-90b1-7517f520a4c6/f26f47df-7d69-46d4-95ea-50fa8cbd3d9a_1184488366.jpeg?h=225&w=225,
294873841,Blu Pro Kit Pro Kit,https://www.tesco.com/groceries/en-GB/shop/home-and-ents/all?department=Tobacco%20%26%20Alternatives&viewAll=department&page=,£17.99,£17.99/each,,,/groceries/en-GB/products/294873841,https://digitalcontent.api.tesco.com/v2/media/ghs/b44138c8-b6d2-48bf-ace3-d8fe38f5e69d/0424d2be-6c20-4843-9cb6-a2ac329f9f18_1450275943.jpeg?h=225&w=225,
295626649,Panama Slim Panatellas 30 6 Pack,https://www.tesco.com/groceries/en-GB/shop/home-and-ents/all?department=Tobacco%20%26%20Alternatives&viewAll=department&page=,£38.80,£6.47/each,,,/groceries/en-GB/products/295626649,https://digitalcontent.api.tesco.com/v2/media/ghs/08ac98f8-9506-434e-aadd-8fb201e299e5/fa46ab03-8f9d-42bf-8b02-ef5f08a8c35b_274397048.jpeg?h=225&w=225,
309199297,Vuse Epen Device Kit,https://www.tesco.com/groceries/en-GB/shop/home-and-ents/all?department=Tobacco%20%26%20Alternatives&viewAll=department&page=,£9.99,£9.99/each,,,/groceries/en-GB/products/309199297,https://digitalcontent.api.tesco.com/v2/media/ghs/13b196f2-5477-4402-bf76-8910f9d5a3be/1140466b-fab1-42c8-a268-fdfad3f8b7fb_1618039085.jpeg?h=225&w=225,
302154799,Logic Compact Device Charcoal,https://www.tesco.com/groceries/en-GB/shop/home-and-ents/all?department=Tobacco%20%26%20Alternatives&viewAll=department&page=,£10.00,£10.00/each,,,/groceries/en-GB/products/302154799,https://digitalcontent.api.tesco.com/v2/media/ghs/9aef929e-8cc3-47f0-8d42-1d0ecee4686b/0f2d5fc9-e381-41de-be25-c1af903f33f9_431317313.jpeg?h=225&w=225,
305663860,Ibiza Club Vape Replacemnt Coils Deluxe Kit 5 Pack,https://www.tesco.com/groceries/en-GB/shop/home-and-ents/all?department=Tobacco%20%26%20Alternatives&viewAll=department&page=,£10.00,£2.00/each,,,/groceries/en-GB/products/305663860,https://digitalcontent.api.tesco.com/v2/media/ghs/6efb319f-7a6a-48d2-b2d2-e538263e4fe9/429026fc-6251-40bf-9a08-538c5e84c6af_966246070.jpeg?h=225&w=225,
309181444,Vuse Epod 2 Device Kit,https://www.tesco.com/groceries/en-GB/shop/home-and-ents/all?department=Tobacco%20%26%20Alternatives&viewAll=department&page=,£4.99,£4.99/each,,,/groceries/en-GB/products/309181444,https://digitalcontent.api.tesco.com/v2/media/ghs/cf240983-e13a-486a-a8ed-bb30d6b254cc/07bce7e4-0fe2-444d-b579-ee393fa062ef_1951442520.jpeg?h=225&w=225,
301964239,10 Motives V2 Chargeable Regular,https://www.tesco.com/groceries/en-GB/shop/home-and-ents/all?department=Tobacco%20%26%20Alternatives&viewAll=department&page=,£9.99,£9.99/each,,,/groceries/en-GB/products/301964239,https://digitalcontent.api.tesco.com/v2/media/ghs/e3408a3d-8a88-41a7-9d51-206fbed268a1/7223d909-f67f-4729-bfca-e87ed55ba85a_106272450.jpeg?h=225&w=225,
310118704,Nordic Spirit Elderflower Strong 9Mg,https://www.tesco.com/groceries/en-GB/shop/home-and-ents/all?department=Tobacco%20%26%20Alternatives&viewAll=department&page=,£6.50,£500.00/kg,,,/groceries/en-GB/products/310118704,https://digitalcontent.api.tesco.com/v2/media/ghs/09c894e7-3084-4685-aa5e-bbef587e53e7/1c532548-d2cc-4444-a7e4-cc74e193ec75_1890265922.jpeg?h=225&w=225,
312708061,Ploom X Heated Tobacco Technology Black,https://www.tesco.com/groceries/en-GB/shop/home-and-ents/all?department=Tobacco%20%26%20Alternatives&viewAll=department&page=,£25.00,£25.00/each,,,/groceries/en-GB/products/312708061,https://digitalcontent.api.tesco.com/v2/media/ghs/77146c39-1653-4156-9aa5-10fd27af4c67/baba9dcb-f78f-49f3-b186-fe648750e8d0_1592506574.jpeg?h=225&w=225,
310651279,Evo Refill 20 Tobacco Sticks Amber,https://www.tesco.com/groceries/en-GB/shop/home-and-ents/all?department=Tobacco%20%26%20Alternatives&viewAll=department&page=,£4.50,£0.22/each,,,/groceries/en-GB/products/310651279,https://digitalcontent.api.tesco.com/v2/media/ghs/b068ac87-cfbf-49ea-bbb6-bc6f594bcd96/4f577c14-7bad-45c1-a640-6ef1d789ee2d_1946603340.jpeg?h=225&w=225,
310655160,Evo Refill 20 Tobacco Sticks Purple,https://www.tesco.com/groceries/en-GB/shop/home-and-ents/all?department=Tobacco%20%26%20Alternatives&viewAll=department&page=,£4.50,£0.22/each,,,/groceries/en-GB/products/310655160,https://digitalcontent.api.tesco.com/v2/media/ghs/384eb9a3-f5c7-48f9-9cff-739a024dd43a/66862ee3-1a5e-4116-b369-7b6310011f90_1450373229.jpeg?h=225&w=225,
312110312,Evo Refill 20 Tobacco Sticks Purple Option,https://www.tesco.com/groceries/en-GB/shop/home-and-ents/all?department=Tobacco%20%26%20Alternatives&viewAll=department&page=,£4.50,£0.22/each,,,/groceries/en-GB/products/312110312,https://digitalcontent.api.tesco.com/v2/media/ghs/8cf5ed88-a3fd-4947-8ab9-9ab62fe7d950/273b6cff-6642-4170-a368-e8fe93b23274_392729161.jpeg?h=225&w=225,
311957826,Evo Refill 20 Tobacco Sticks Green Option,https://www.tesco.com/groceries/en-GB/shop/home-and-ents/all?department=Tobacco%20%26%20Alternatives&viewAll=department&page=,£4.50,£0.22/each,,,/groceries/en-GB/products/311957826,https://digitalcontent.api.tesco.com/v2/media/ghs/89dfb498-ca8e-4a79-a081-686abaaff702/4f88e752-5cdb-4ad6-9319-b7034c747f3c_949041239.jpeg?h=225&w=225,
310096227,Evo Refill 20 Tobacco Sticks Green,https://www.tesco.com/groceries/en-GB/shop/home-and-ents/all?department=Tobacco%20%26%20Alternatives&viewAll=department&page=,£4.50,£0.22/each,,,/groceries/en-GB/products/310096227,https://digitalcontent.api.tesco.com/v2/media/ghs/e829adf4-2eb9-4b49-a22e-83d5dd5ce035/6ea418c4-fcfd-415b-8eac-faf6bdb2e7d0_2055799851.jpeg?h=225&w=225,
311945587,Evo Refill 20 Tobacco Sticks Magenta,https://www.tesco.com/groceries/en-GB/shop/home-and-ents/all?department=Tobacco%20%26%20Alternatives&viewAll=department&page=,£4.50,£0.22/each,,,/groceries/en-GB/products/311945587,https://digitalcontent.api.tesco.com/v2/media/ghs/50549071-2445-4e2e-8e6e-2d06e098b766/a944df4e-8746-4656-ae8c-f7d0028d6349_1571919502.jpeg?h=225&w=225,
310155901,Evo Refill 20 Tobacco Sticks Bronze,https://www.tesco.com/groceries/en-GB/shop/home-and-ents/all?department=Tobacco%20%26%20Alternatives&viewAll=department&page=,£4.50,£0.22/each,,,/groceries/en-GB/products/310155901,https://digitalcontent.api.tesco.com/v2/media/ghs/735c18c5-0dfc-42db-b21c-5df1ad15a2a9/cc2fecbc-a20e-4b37-bcfb-d06df076be58_971358741.jpeg?h=225&w=225,
