Product ID,Product Name,Cat Website,Price,Price/Kg,Promotion,Innovation,Link,Image,Stock Status
301811588,Tesco Finest Christmas Pudding 800G,https://www.tesco.com/groceries/en-GB/shop/bakery/all?department=Christmas%20Bakery&viewAll=department&page=,£8.50,£1.07/100g,£6.00 Clubcard Price,,/groceries/en-GB/products/301811588,https://digitalcontent.api.tesco.com/v2/media/ghs/29cffbea-e872-4564-9c8d-505f969bbbb1/ae49f3e3-f427-4658-bf6d-9a0f2fd67ea4_521493555.jpeg?h=225&w=225,
304417250,Tesco Finest Classic Fruited Panettone 750G,https://www.tesco.com/groceries/en-GB/shop/bakery/all?department=Christmas%20Bakery&viewAll=department&page=,£9.00,£1.20/100g,,New,/groceries/en-GB/products/304417250,https://digitalcontent.api.tesco.com/v2/media/ghs/28cf4747-ddb0-4751-b052-e6c19dbaacd1/cd13d9a4-d6c2-42cd-be83-617f0a90d6cd_1372745162.jpeg?h=225&w=225,
301635670,Tesco Finest Belgian Chocolate Yule Log,https://www.tesco.com/groceries/en-GB/shop/bakery/all?department=Christmas%20Bakery&viewAll=department&page=,£5.00,£5.00/each,,New,/groceries/en-GB/products/301635670,https://digitalcontent.api.tesco.com/v2/media/ghs/488cc036-7749-4690-9d00-70d94ecdba05/db5fed23-6307-4cd8-bbc5-747751191df4.jpeg?h=225&w=225,
301811565,Tesco Finest Christmas Pudding 400G,https://www.tesco.com/groceries/en-GB/shop/bakery/all?department=Christmas%20Bakery&viewAll=department&page=,£5.00,£1.25/100g,,,/groceries/en-GB/products/301811565,https://digitalcontent.api.tesco.com/v2/media/ghs/0c38efbf-842f-485e-a176-38e10ceaa104/b13051b7-1a2e-4768-ba73-9d72b8d150a8_82445401.jpeg?h=225&w=225,
258105366,Tesco Finest Iced Rich Fruit Cake 400G,https://www.tesco.com/groceries/en-GB/shop/bakery/all?department=Christmas%20Bakery&viewAll=department&page=,£4.50,£1.13/100g,,,/groceries/en-GB/products/258105366,https://digitalcontent.api.tesco.com/v2/media/ghs/e46da5d3-168e-4572-a63e-b56fa3b289c9/8b3c1ac2-6a08-4631-85f4-49075fe40b22.jpeg?h=225&w=225,
306810339,Baker Street Stollen Bites 275G,https://www.tesco.com/groceries/en-GB/shop/bakery/all?department=Christmas%20Bakery&viewAll=department&page=,£3.50,£1.28/100g,,,/groceries/en-GB/products/306810339,https://digitalcontent.api.tesco.com/v2/media/ghs/50b63ca1-334d-4b28-adf8-89be0e52d38b/3be5c3b9-f4b8-491c-8335-9af9f9312206_839548562.jpeg?h=225&w=225,
254991295,Tesco Finest Christmas Pudding 100G,https://www.tesco.com/groceries/en-GB/shop/bakery/all?department=Christmas%20Bakery&viewAll=department&page=,£2.00,£2.00/100g,,,/groceries/en-GB/products/254991295,https://digitalcontent.api.tesco.com/v2/media/ghs/ffa5dea6-c8c0-4790-be88-a2b8492072ea/2f470c9e-104e-429d-a670-a64bbaafad05.jpeg?h=225&w=225,
268776892,Tesco Top Iced Fruit Cake 907G,https://www.tesco.com/groceries/en-GB/shop/bakery/all?department=Christmas%20Bakery&viewAll=department&page=,£5.50,£0.61/100g,,,/groceries/en-GB/products/268776892,https://digitalcontent.api.tesco.com/v2/media/ghs/0054178c-4156-48f9-8de5-a218869329f1/696a938b-a272-4ec4-a1e6-c699acd31d71.jpeg?h=225&w=225,
312235118,Tesco Panettone 500G,https://www.tesco.com/groceries/en-GB/shop/bakery/all?department=Christmas%20Bakery&viewAll=department&page=,£4.00,£0.80/100g,£3.50 Clubcard Price,,/groceries/en-GB/products/312235118,https://digitalcontent.api.tesco.com/v2/media/ghs/6eddff39-9791-49f8-9e16-de7ec9c70d3c/7e2c3f2c-e5b6-428f-9961-8a92783a40da_1486165868.jpeg?h=225&w=225,
312701206,Baker Street Caramel Cake Truffles 300G,https://www.tesco.com/groceries/en-GB/shop/bakery/all?department=Christmas%20Bakery&viewAll=department&page=,£3.50,£1.17/100g,£3.00 Clubcard Price,,/groceries/en-GB/products/312701206,https://digitalcontent.api.tesco.com/v2/media/ghs/2541c68f-2cc3-485d-8ecd-de025ac0fdb3/19923829-2a3f-4c30-a403-d6c12df63089_1950322805.jpeg?h=225&w=225,
303037551,Tesco Christmas Pudding 800G,https://www.tesco.com/groceries/en-GB/shop/bakery/all?department=Christmas%20Bakery&viewAll=department&page=,£4.50,£0.56/100g,,,/groceries/en-GB/products/303037551,https://digitalcontent.api.tesco.com/v2/media/ghs/9d13d3bc-7931-4747-82c7-fdd998749f66/6f64d154-b639-47d4-93f7-ca96ffbf9b7e_2087631748.jpeg?h=225&w=225,
260645645,Tesco Finest Belgian Chocolate Bombe 227G,https://www.tesco.com/groceries/en-GB/shop/bakery/all?department=Christmas%20Bakery&viewAll=department&page=,£3.00,£1.33/100g,,,/groceries/en-GB/products/260645645,https://digitalcontent.api.tesco.com/v2/media/ghs/072d903c-4969-4825-a76e-0327c4d78ec8/da897be3-66b9-4786-b101-af38e556e235.jpeg?h=225&w=225,
258106221,Tesco Finest Stollen Slices 6 Pack,https://www.tesco.com/groceries/en-GB/shop/bakery/all?department=Christmas%20Bakery&viewAll=department&page=,£3.50,£0.58/each,,,/groceries/en-GB/products/258106221,https://digitalcontent.api.tesco.com/v2/media/ghs/f9b3db43-31ab-4722-af34-75d21e77717d/140396ec-c5b1-43bb-b7cf-2457e0679d90_1725303454.jpeg?h=225&w=225,
264938333,Tesco Rich Fruit Cake 800G,https://www.tesco.com/groceries/en-GB/shop/bakery/all?department=Christmas%20Bakery&viewAll=department&page=,£4.50,£0.56/100g,,,/groceries/en-GB/products/264938333,https://digitalcontent.api.tesco.com/v2/media/ghs/596b2dce-df23-4ddc-80c2-f27ee696af71/13ccae5d-3ece-47b8-8998-3b919397bf4a.jpeg?h=225&w=225,
293478717,Tesco Finest Mini Iced Fruit Cake 150G,https://www.tesco.com/groceries/en-GB/shop/bakery/all?department=Christmas%20Bakery&viewAll=department&page=,£2.75,£1.84/100g,,,/groceries/en-GB/products/293478717,https://digitalcontent.api.tesco.com/v2/media/ghs/2a74712b-e79f-43ef-a53a-05d3be71f2ef/82923927-5976-42c7-971c-8fc3ef9c512b_785597261.jpeg?h=225&w=225,
297571151,Cadbury Mini Yule Log 5 Pack,https://www.tesco.com/groceries/en-GB/shop/bakery/all?department=Christmas%20Bakery&viewAll=department&page=,£2.25,£0.45/each,,,/groceries/en-GB/products/297571151,https://digitalcontent.api.tesco.com/v2/media/ghs/f68a2929-95e1-49f6-aa2d-86f4cdfcab13/12952b00-4525-4a41-9a6f-77e7099a434c_759256341.jpeg?h=225&w=225,
312837040,Oggs Vegan Luxury Mince Pies 4 Pack 200G,https://www.tesco.com/groceries/en-GB/shop/bakery/all?department=Christmas%20Bakery&viewAll=department&page=,£2.95,£1.48/100g,,New,/groceries/en-GB/products/312837040,https://digitalcontent.api.tesco.com/v2/media/ghs/192e0c46-f2a2-4f65-b588-528963b4e1e5/6d7456d4-88d3-4c8a-bc88-dd05d33c4657_838167075.jpeg?h=225&w=225,
303037539,Tesco Christmas Pudding 400G,https://www.tesco.com/groceries/en-GB/shop/bakery/all?department=Christmas%20Bakery&viewAll=department&page=,£2.40,£0.60/100g,,,/groceries/en-GB/products/303037539,https://digitalcontent.api.tesco.com/v2/media/ghs/25b4505c-3401-41e1-855e-a828d3f225c1/a5c0b307-ba38-4aa4-a644-7ebaacc0f156_636833936.jpeg?h=225&w=225,
279513185,Tesco Finest Mini Mince Pies 12 Pack,https://www.tesco.com/groceries/en-GB/shop/bakery/all?department=Christmas%20Bakery&viewAll=department&page=,£2.25,£0.19/each,,,/groceries/en-GB/products/279513185,https://digitalcontent.api.tesco.com/v2/media/ghs/fc4e6b61-dab8-4714-85e4-7ee2770d883c/41cc0911-98a1-48dd-b7fa-9f1ebd92ff89_613908784.jpeg?h=225&w=225,
259193229,Tesco Iced Top Rich Fruit Cake Bar 400G,https://www.tesco.com/groceries/en-GB/shop/bakery/all?department=Christmas%20Bakery&viewAll=department&page=,£2.75,£0.69/100g,,,/groceries/en-GB/products/259193229,https://digitalcontent.api.tesco.com/v2/media/ghs/a8d50b24-5a21-4df3-92fd-e9830c50e51f/711153c7-9149-4309-99bc-305ae9bc9e85_382326863.jpeg?h=225&w=225,
302298818,Tesco Yule Log 260G,https://www.tesco.com/groceries/en-GB/shop/bakery/all?department=Christmas%20Bakery&viewAll=department&page=,£1.85,£0.71/100g,,,/groceries/en-GB/products/302298818,https://digitalcontent.api.tesco.com/v2/media/ghs/7898de65-32f5-4176-86e7-52d544811322/33309bd6-873a-4cca-a1be-904bca8a9474_1987027564.jpeg?h=225&w=225,
302293311,Tesco Finest 6 Crumble Topped Mince Pies,https://www.tesco.com/groceries/en-GB/shop/bakery/all?department=Christmas%20Bakery&viewAll=department&page=,£2.25,£0.38/each,,,/groceries/en-GB/products/302293311,https://digitalcontent.api.tesco.com/v2/media/ghs/fd1b7551-906b-4d6c-88e5-46b14df2b79f/752f85ed-67c7-48e3-9157-bbc9d393352e_10181296.jpeg?h=225&w=225,
255886418,Tesco Classic Christmas Pudding 100G,https://www.tesco.com/groceries/en-GB/shop/bakery/all?department=Christmas%20Bakery&viewAll=department&page=,£1.00,£1.00/100g,,,/groceries/en-GB/products/255886418,https://digitalcontent.api.tesco.com/v2/media/ghs/7db2ccce-aafc-45aa-a3a4-babcb84098bd/b7dd8bd1-e436-4ce5-aab2-6c3b9fe198cf.jpeg?h=225&w=225,
257246799,Tesco Finest Mince Pies 6 Pack,https://www.tesco.com/groceries/en-GB/shop/bakery/all?department=Christmas%20Bakery&viewAll=department&page=,£2.25,£0.38/each,,,/groceries/en-GB/products/257246799,https://digitalcontent.api.tesco.com/v2/media/ghs/0085b23d-3378-4db1-bc83-c0ce15c30f4f/aaf1cc6d-bf9e-424a-9687-5ced48381aba_2117303672.jpeg?h=225&w=225,
307340507,Tesco Plant Chef 6 Mince Pies,https://www.tesco.com/groceries/en-GB/shop/bakery/all?department=Christmas%20Bakery&viewAll=department&page=,£1.50,£0.25/each,,,/groceries/en-GB/products/307340507,https://digitalcontent.api.tesco.com/v2/media/ghs/2b5ee303-af78-404b-a212-deae70a6384a/7c174d89-42a7-43b9-bc2a-73e560721dba_2124173273.jpeg?h=225&w=225,
265342258,Mr Kipling 8 Frosty Fancies,https://www.tesco.com/groceries/en-GB/shop/bakery/all?department=Christmas%20Bakery&viewAll=department&page=,£1.75,£0.22/each,,,/groceries/en-GB/products/265342258,https://digitalcontent.api.tesco.com/v2/media/ghs/e638e0af-bf41-4296-9cad-2f53e9ea2e1c/450e9344-e4ce-41bb-85cc-661217f803b8.jpeg?h=225&w=225,
302296417,Tesco 5 Reindeer Chocolate Mini Rolls,https://www.tesco.com/groceries/en-GB/shop/bakery/all?department=Christmas%20Bakery&viewAll=department&page=,£2.00,£0.40/each,,New,/groceries/en-GB/products/302296417,https://digitalcontent.api.tesco.com/v2/media/ghs/69efd51b-c5c4-4ab3-a750-5ac45da5efee/034c753b-81bb-4500-afcc-bf45b59124d0.jpeg?h=225&w=225,
258249898,Tesco Iced Topped Mince Pies 6 Pack,https://www.tesco.com/groceries/en-GB/shop/bakery/all?department=Christmas%20Bakery&viewAll=department&page=,£1.75,£0.29/each,,,/groceries/en-GB/products/258249898,https://digitalcontent.api.tesco.com/v2/media/ghs/74ae8abc-575c-473c-9765-7aab805f1748/3eefa5ef-50b8-4374-aef3-eadb57ec88a0.jpeg?h=225&w=225,
310130815,Piselli Classic Panettone 100G,https://www.tesco.com/groceries/en-GB/shop/bakery/all?department=Christmas%20Bakery&viewAll=department&page=,£1.50,£1.50/100g,£1.25 Clubcard Price,,/groceries/en-GB/products/310130815,https://digitalcontent.api.tesco.com/v2/media/ghs/13c7d105-7457-40d9-80aa-e33870a90b4e/e69f29f3-893a-4f06-b218-97fd127d8f9e_807694823.jpeg?h=225&w=225,
311674112,Tesco Finest 6 Chocolate Orange Crumble Topped Mince Pies,https://www.tesco.com/groceries/en-GB/shop/bakery/all?department=Christmas%20Bakery&viewAll=department&page=,£2.25,£0.38/each,,New,/groceries/en-GB/products/311674112,https://digitalcontent.api.tesco.com/v2/media/ghs/061cad95-749a-4f65-a686-36bd8fbc455e/aa279e2e-59e9-41d7-aefe-53f85124f837_1849033474.jpeg?h=225&w=225,
297571554,Galaxy Chocolate Orange Cake Bars 5 Pack,https://www.tesco.com/groceries/en-GB/shop/bakery/all?department=Christmas%20Bakery&viewAll=department&page=,£1.25,£0.25/each,,,/groceries/en-GB/products/297571554,https://digitalcontent.api.tesco.com/v2/media/ghs/1af72397-a159-4d2b-84d9-d16267153811/e6fbd2be-290a-4f04-bd19-aee2e4803bb4_895202907.jpeg?h=225&w=225,
297571531,Galaxy Salted Caramel Cake Bars 5 Pack,https://www.tesco.com/groceries/en-GB/shop/bakery/all?department=Christmas%20Bakery&viewAll=department&page=,£1.25,£0.25/each,,,/groceries/en-GB/products/297571531,https://digitalcontent.api.tesco.com/v2/media/ghs/b5cea069-0fd7-46a5-b6f2-bceadb2ed2ee/ca60f216-4285-4610-8da1-0521ac315816_1111629083.jpeg?h=225&w=225,
259445981,Mr Kipling 6 Festive Bakewell Tarts,https://www.tesco.com/groceries/en-GB/shop/bakery/all?department=Christmas%20Bakery&viewAll=department&page=,£1.75,£0.29/each,,,/groceries/en-GB/products/259445981,https://digitalcontent.api.tesco.com/v2/media/ghs/50006940-9312-42f2-914f-8e690878deaf/d330c539-0478-46e2-8622-90580ee99978_850769634.jpeg?h=225&w=225,
284905092,Tesco Chocolate Swirl Bites 8 Pack,https://www.tesco.com/groceries/en-GB/shop/bakery/all?department=Christmas%20Bakery&viewAll=department&page=,£1.25,£0.16/each,,,/groceries/en-GB/products/284905092,https://digitalcontent.api.tesco.com/v2/media/ghs/53aaa92f-4ba8-4456-9d12-01cc47478716/af6a8d5d-c928-49a8-91be-09247fc09157_1927349864.jpeg?h=225&w=225,
312573529,Mr Kipling Plum Pear & Cinnamon Pies 6 Pack,https://www.tesco.com/groceries/en-GB/shop/bakery/all?department=Christmas%20Bakery&viewAll=department&page=,£1.75,£0.29/each,,,/groceries/en-GB/products/312573529,https://digitalcontent.api.tesco.com/v2/media/ghs/d574ef01-f7f2-45ca-b73c-cd4dfbd9cb27/d1ecd82c-f3e6-447c-ad93-31f8c0385467.jpeg?h=225&w=225,
310128122,Soreen Gingerbread Christmas Lunchbox Loaves 5 Pack 150G,https://www.tesco.com/groceries/en-GB/shop/bakery/all?department=Christmas%20Bakery&viewAll=department&page=,£1.25,£0.83/100g,,,/groceries/en-GB/products/310128122,https://digitalcontent.api.tesco.com/v2/media/ghs/6cc37f1b-8d7e-48fa-be80-aeaa5e63abff/65b40017-d85a-42ed-9e3e-8482860f66c6.jpeg?h=225&w=225,
301907723,Tesco Finest Spiced Rum Mince Pies 6 Pack,https://www.tesco.com/groceries/en-GB/shop/bakery/all?department=Christmas%20Bakery&viewAll=department&page=,£2.25,£0.38/each,,,/groceries/en-GB/products/301907723,https://digitalcontent.api.tesco.com/v2/media/ghs/84f305dc-96d3-4790-8155-024a812e89c8/86af3eae-68e8-4c50-b6a6-b2d068646754_1164260638.jpeg?h=225&w=225,
284516362,Cadbury Christmas Snow Cake Bar 5 Pack,https://www.tesco.com/groceries/en-GB/shop/bakery/all?department=Christmas%20Bakery&viewAll=department&page=,£1.25,£0.25/each,,,/groceries/en-GB/products/284516362,https://digitalcontent.api.tesco.com/v2/media/ghs/d9e2d436-148e-43a9-858d-e1003690e22a/9ad9b679-163c-44d0-a263-41b7412e96fc.jpeg?h=225&w=225,
310140705,Soreen White Chocolate & Raspberry Loaves 5 Pack 150G,https://www.tesco.com/groceries/en-GB/shop/bakery/all?department=Christmas%20Bakery&viewAll=department&page=,£1.25,£0.83/100g,,,/groceries/en-GB/products/310140705,https://digitalcontent.api.tesco.com/v2/media/ghs/fc6537e7-e4dd-4383-a4c0-01991ea7922d/743822f6-5374-4481-8f56-08698c7cbde5.jpeg?h=225&w=225,
310182125,Mr Kipling Chocolate & Orange Tarts 6 Pack,https://www.tesco.com/groceries/en-GB/shop/bakery/all?department=Christmas%20Bakery&viewAll=department&page=,£1.75,£0.29/each,,,/groceries/en-GB/products/310182125,https://digitalcontent.api.tesco.com/v2/media/ghs/b57c106a-7bc5-42a5-b51a-f35dca325eab/40a8b7e8-3643-4afc-bd94-f6ba30e2cb92.jpeg?h=225&w=225,
302528818,Mr Kipling 6 Snowflake Mince Pies,https://www.tesco.com/groceries/en-GB/shop/bakery/all?department=Christmas%20Bakery&viewAll=department&page=,£1.85,£0.31/each,£1.50 Clubcard Price,,/groceries/en-GB/products/302528818,https://digitalcontent.api.tesco.com/v2/media/ghs/60ee1449-4036-4959-bf53-96a37c0864ca/a24a05e5-1aa0-4fd6-9113-3e6b529ed8c4.jpeg?h=225&w=225,
312218237,Tesco Chocolate Sponge Pudding 100G,https://www.tesco.com/groceries/en-GB/shop/bakery/all?department=Christmas%20Bakery&viewAll=department&page=,£1.15,£1.15/100g,£1.00 Clubcard Price,,/groceries/en-GB/products/312218237,https://digitalcontent.api.tesco.com/v2/media/ghs/31733b1a-7eb8-47f7-a41a-ceef2f0e1d36/3165c32a-fb4b-4429-a481-705f07ce87c6_62344420.jpeg?h=225&w=225,
297632137,Mr Kipling 6 Christmas Slice,https://www.tesco.com/groceries/en-GB/shop/bakery/all?department=Christmas%20Bakery&viewAll=department&page=,£1.75,£0.29/each,£1.50 Clubcard Price,,/groceries/en-GB/products/297632137,https://digitalcontent.api.tesco.com/v2/media/ghs/3dd32b53-1c9f-4cd5-8d70-6e404918e175/20efaa6d-3980-43f1-87c8-aa6e59d02ffc_1798174949.jpeg?h=225&w=225,
274308085,Tesco Mince Pies 6 Pack,https://www.tesco.com/groceries/en-GB/shop/bakery/all?department=Christmas%20Bakery&viewAll=department&page=,£1.09,£0.18/each,Aldi Price Match,,/groceries/en-GB/products/274308085,https://digitalcontent.api.tesco.com/v2/media/ghs/0d662b41-f7e2-43f0-b6a7-9eb530464f48/43365e18-6371-4d1f-806c-f5d8172c0c65_1936822320.jpeg?h=225&w=225,
312229973,Wicked Kitchen Iced Figgy Fruit Cake,https://www.tesco.com/groceries/en-GB/shop/bakery/all?department=Christmas%20Bakery&viewAll=department&page=,£8.00,£8.00/each,,New,/groceries/en-GB/products/312229973,https://digitalcontent.api.tesco.com/v2/media/ghs/f506c440-b4bd-4cb2-a1f1-c82aeb9e919c/51bafeed-a691-4946-b6b2-3e4391028e25.jpeg?h=225&w=225,
268776886,Tesco Finest Rich Fruit Cake 907G,https://www.tesco.com/groceries/en-GB/shop/bakery/all?department=Christmas%20Bakery&viewAll=department&page=,£10.00,£1.11/100g,£7.50 Clubcard Price,,/groceries/en-GB/products/268776886,https://digitalcontent.api.tesco.com/v2/media/ghs/9f2c92e8-a99c-4192-8667-2b3d86d0dae5/7486a45a-b3f2-4487-aec6-4e21cec5015d.jpeg?h=225&w=225,
312229040,Tesco Finest Tiramisu Style Panettone 790G,https://www.tesco.com/groceries/en-GB/shop/bakery/all?department=Christmas%20Bakery&viewAll=department&page=,£10.00,£1.27/100g,,New,/groceries/en-GB/products/312229040,https://digitalcontent.api.tesco.com/v2/media/ghs/1e408b40-48dd-4e29-a0d1-b02e93054110/226a8936-eba9-47d9-b464-a51119954dd5_174046042.jpeg?h=225&w=225,
256136977,Tesco Finest Cherry & Almond Stollen,https://www.tesco.com/groceries/en-GB/shop/bakery/all?department=Christmas%20Bakery&viewAll=department&page=,£8.00,£8.00/each,,,/groceries/en-GB/products/256136977,https://digitalcontent.api.tesco.com/v2/media/ghs/6b201d0f-aa92-4b05-9c4f-e22997b017d9/c2bcec43-eee0-424f-818b-c83b08c958d3.jpeg?h=225&w=225,
309461286,Tesco Finest Authentic Italian Pandoro 750G,https://www.tesco.com/groceries/en-GB/shop/bakery/all?department=Christmas%20Bakery&viewAll=department&page=,£9.00,£1.20/100g,,New,/groceries/en-GB/products/309461286,https://digitalcontent.api.tesco.com/v2/media/ghs/a340fb76-d291-4668-972b-5f118b071977/1e3c8b8b-777c-4c06-95a9-c98110d3f6f5_929492216.jpeg?h=225&w=225,
309761645,Tesco Finest Black Forest Christmas Puddings 800G,https://www.tesco.com/groceries/en-GB/shop/bakery/all?department=Christmas%20Bakery&viewAll=department&page=,£10.00,£1.25/100g,,,/groceries/en-GB/products/309761645,https://digitalcontent.api.tesco.com/v2/media/ghs/1591c444-aa0e-40c3-8e1d-1a35e1c2e313/b199d64e-1cf2-40cc-8d19-35b58122c3bc_861526871.jpeg?h=225&w=225,
274192778,Tesco Finest Rich Fruit Cake 800G,https://www.tesco.com/groceries/en-GB/shop/bakery/all?department=Christmas%20Bakery&viewAll=department&page=,£6.50,£0.81/100g,,,/groceries/en-GB/products/274192778,https://digitalcontent.api.tesco.com/v2/media/ghs/317e29de-57e4-4f0b-b890-683c8a1473cd/46b89931-e9c9-4168-8a1b-d06f6c7d4e14.jpeg?h=225&w=225,
312339658,Tesco Finest Free From Christmas Fruit Cake,https://www.tesco.com/groceries/en-GB/shop/bakery/all?department=Christmas%20Bakery&viewAll=department&page=,£6.00,£6.00/each,,New,/groceries/en-GB/products/312339658,https://digitalcontent.api.tesco.com/v2/media/ghs/7301546f-c3dd-46fb-bcd6-3e32a5692ead/e8159eb8-8500-4570-b509-47006fa1b529_1605460884.jpeg?h=225&w=225,
311785522,Tesco Finest Free From Chocolate Yule Log,https://www.tesco.com/groceries/en-GB/shop/bakery/all?department=Christmas%20Bakery&viewAll=department&page=,£5.50,£5.50/each,,,/groceries/en-GB/products/311785522,https://digitalcontent.api.tesco.com/v2/media/ghs/c059e943-3071-4ed2-996a-55fa05dd930b/45a81016-d624-4189-9f71-e615970b6e05.jpeg?h=225&w=225,
264938346,Tesco Cherry Genoa Cake 800G,https://www.tesco.com/groceries/en-GB/shop/bakery/all?department=Christmas%20Bakery&viewAll=department&page=,£6.50,£0.81/100g,,,/groceries/en-GB/products/264938346,https://digitalcontent.api.tesco.com/v2/media/ghs/3386992e-359d-4945-99da-846f5cd6fe4f/9e05cc22-849a-4033-afb3-a92d92dd46ea.jpeg?h=225&w=225,
267426826,Dina Baklawa 350G,https://www.tesco.com/groceries/en-GB/shop/bakery/all?department=Christmas%20Bakery&viewAll=department&page=,£4.50,£1.29/100g,,,/groceries/en-GB/products/267426826,https://digitalcontent.api.tesco.com/v2/media/ghs/64a1f37e-66cd-4996-bb3c-c7e944169344/1694d707-625a-4053-9fab-122f552e3390_1744363224.jpeg?h=225&w=225,
312356021,Tesco Finest Stem Ginger Tiffin Cracker 605G,https://www.tesco.com/groceries/en-GB/shop/bakery/all?department=Christmas%20Bakery&viewAll=department&page=,£8.00,£1.33/100g,,,/groceries/en-GB/products/312356021,https://digitalcontent.api.tesco.com/v2/media/ghs/51b04b6a-4ff2-427f-b3ff-86de61955b12/451e92b7-cec3-44ec-8b88-3a5566012f37_594503863.jpeg?h=225&w=225,
311781667,Nomma Chocolate Chip Panettone 500G,https://www.tesco.com/groceries/en-GB/shop/bakery/all?department=Christmas%20Bakery&viewAll=department&page=,£5.00,£1.00/100g,,,/groceries/en-GB/products/311781667,https://digitalcontent.api.tesco.com/v2/media/ghs/64842bb2-dcb8-4c1c-95d3-36c2f99d8bf5/7c7dc370-2f00-4e89-ada9-6e2a98c71cfe_632096457.jpeg?h=225&w=225,
302861624,Tesco Finest Hidden Clementine Christmas Pudding 400G,https://www.tesco.com/groceries/en-GB/shop/bakery/all?department=Christmas%20Bakery&viewAll=department&page=,£5.00,£1.25/100g,,,/groceries/en-GB/products/302861624,https://digitalcontent.api.tesco.com/v2/media/ghs/78db15ca-2b41-43aa-95c1-99f66fb355e3/61966d9f-b475-46d6-b926-6fdcec4aea66_259427173.jpeg?h=225&w=225,
284515763,Tesco 12 Christmas Cupcake Platter,https://www.tesco.com/groceries/en-GB/shop/bakery/all?department=Christmas%20Bakery&viewAll=department&page=,£6.00,£0.50/each,,,/groceries/en-GB/products/284515763,https://digitalcontent.api.tesco.com/v2/media/ghs/04c27bca-b5ae-42f3-a661-cc5fe9dd4e07/f155f962-5ae4-4ad7-8fd1-30f25afa2209.jpeg?h=225&w=225,
312096368,Tesco Finest Malted Sponge Pudding Plus Belgian Chocolate Sauce 400G,https://www.tesco.com/groceries/en-GB/shop/bakery/all?department=Christmas%20Bakery&viewAll=department&page=,£7.00,£1.75/100g,,New,/groceries/en-GB/products/312096368,https://digitalcontent.api.tesco.com/v2/media/ghs/db27ee75-1416-46fb-8897-339566f0f604/4e9b2273-0a5d-497f-9213-348e8e46e473_1316114687.jpeg?h=225&w=225,
303175323,Tesco Free From Christmas Pudding 400G,https://www.tesco.com/groceries/en-GB/shop/bakery/all?department=Christmas%20Bakery&viewAll=department&page=,£3.75,£0.94/100g,,,/groceries/en-GB/products/303175323,https://digitalcontent.api.tesco.com/v2/media/ghs/48e32b49-2387-4500-ace7-738781075d11/57bdf495-1ad6-481c-928c-82f850d02867_1575357570.jpeg?h=225&w=225,
310186187,Baker Street Chocolate & Orange Cake Truffles 300G,https://www.tesco.com/groceries/en-GB/shop/bakery/all?department=Christmas%20Bakery&viewAll=department&page=,£3.50,£1.17/100g,£3.00 Clubcard Price,,/groceries/en-GB/products/310186187,https://digitalcontent.api.tesco.com/v2/media/ghs/1f609d7c-1686-435a-a348-c698d644f9cd/dd1ce800-4797-4621-832c-37c90b8c37af_365673766.jpeg?h=225&w=225,
310092485,Baker Street Stollen Cookies 270G,https://www.tesco.com/groceries/en-GB/shop/bakery/all?department=Christmas%20Bakery&viewAll=department&page=,£3.50,£1.30/100g,,,/groceries/en-GB/products/310092485,https://digitalcontent.api.tesco.com/v2/media/ghs/2fbfdad6-8111-4843-ad1d-e553e9d07543/2049cee2-b3b3-4a62-9b7e-ad6a61f1a36d_951713936.jpeg?h=225&w=225,
297385734,Tesco Finest Gingerbread & Butterscotch Melt Pudding 227G,https://www.tesco.com/groceries/en-GB/shop/bakery/all?department=Christmas%20Bakery&viewAll=department&page=,£3.00,£1.33/100g,,,/groceries/en-GB/products/297385734,https://digitalcontent.api.tesco.com/v2/media/ghs/37226afe-87bf-4372-8121-10aea2f9893d/9b80d68c-74bb-4bf1-90ae-be07f62d9e78_1815945766.jpeg?h=225&w=225,
312578835,Tesco Finest Free From 5 Fruit Cake Slices,https://www.tesco.com/groceries/en-GB/shop/bakery/all?department=Christmas%20Bakery&viewAll=department&page=,£3.00,£0.60/each,,New,/groceries/en-GB/products/312578835,https://digitalcontent.api.tesco.com/v2/media/ghs/0ef5b074-1878-4bec-8cc3-a0e2d3db3c88/4836c556-839b-4211-851a-d31d2423c6b2_893942361.jpeg?h=225&w=225,
297571116,Cadbury Reindeer Cakes 4 Pack,https://www.tesco.com/groceries/en-GB/shop/bakery/all?department=Christmas%20Bakery&viewAll=department&page=,£2.50,£0.62/each,,,/groceries/en-GB/products/297571116,https://digitalcontent.api.tesco.com/v2/media/ghs/d0d32b10-8236-40b0-9a8f-452cbc99af47/6a5c1418-22d5-42d3-9a69-77672364628f_1432731196.jpeg?h=225&w=225,
311795032,Tesco 4 Christmas Tree Cupcakes,https://www.tesco.com/groceries/en-GB/shop/bakery/all?department=Christmas%20Bakery&viewAll=department&page=,£2.50,£0.62/each,,New,/groceries/en-GB/products/311795032,https://digitalcontent.api.tesco.com/v2/media/ghs/6e3f9dc5-f8bd-4957-b92d-744d6ba939f0/22bc7e4d-26ce-447e-a47d-2c1a796bf427_1471934314.jpeg?h=225&w=225,
256299864,Tesco Syrup Sponge 300G,https://www.tesco.com/groceries/en-GB/shop/bakery/all?department=Christmas%20Bakery&viewAll=department&page=,£2.50,£0.83/100g,£2.00 Clubcard Price,,/groceries/en-GB/products/256299864,https://digitalcontent.api.tesco.com/v2/media/ghs/6361db90-ac8b-4199-a8b0-e9f435152487/91bebff2-6d48-4b53-9a57-70f910240a50.jpeg?h=225&w=225,
297925868,Tesco Finest Mini Tart Select 9 Pack,https://www.tesco.com/groceries/en-GB/shop/bakery/all?department=Christmas%20Bakery&viewAll=department&page=,£3.00,£0.33/each,,,/groceries/en-GB/products/297925868,https://digitalcontent.api.tesco.com/v2/media/ghs/93def4f5-0e14-4820-a218-10b9e5e48a90/c1f5bce8-1d97-4f37-be64-378f613d1d9f.jpeg?h=225&w=225,
312108356,Tesco Finest Free From 4 Praline Brownie Slices,https://www.tesco.com/groceries/en-GB/shop/bakery/all?department=Christmas%20Bakery&viewAll=department&page=,£3.00,£0.75/each,,,/groceries/en-GB/products/312108356,https://digitalcontent.api.tesco.com/v2/media/ghs/5457dd0c-5c80-45d6-ac6e-92860bc9e2e8/4a31b59f-0d71-4e75-9054-146adacb22e5.jpeg?h=225&w=225,
312097511,Tesco Free From 9 Mini Mince Pies 275G,https://www.tesco.com/groceries/en-GB/shop/bakery/all?department=Christmas%20Bakery&viewAll=department&page=,£2.25,£0.82/100g,,New,/groceries/en-GB/products/312097511,https://digitalcontent.api.tesco.com/v2/media/ghs/0e00ad95-a380-4bdf-873e-3c8f9115359f/6f272c25-a5b3-454d-a342-fe6011cbe598_1021148776.jpeg?h=225&w=225,
310661699,Piselli Cocoa & Chocolate Chip Panettone 100G,https://www.tesco.com/groceries/en-GB/shop/bakery/all?department=Christmas%20Bakery&viewAll=department&page=,£1.50,£1.50/100g,£1.25 Clubcard Price,,/groceries/en-GB/products/310661699,https://digitalcontent.api.tesco.com/v2/media/ghs/8603bc13-a9a7-48ae-a47e-a8df85255bdd/2ecda8ea-438c-4c56-84ca-11b787a8d7e8_2016897579.jpeg?h=225&w=225,
311936771,Tesco Alcohol Free Christmas Pudding 400G,https://www.tesco.com/groceries/en-GB/shop/bakery/all?department=Christmas%20Bakery&viewAll=department&page=,£2.00,£0.50/100g,,,/groceries/en-GB/products/311936771,https://digitalcontent.api.tesco.com/v2/media/ghs/e0a47a7f-04cd-4c60-b372-7d85acae8e5e/4e6b06f7-1445-4673-8f49-dabf18303519_1723786136.jpeg?h=225&w=225,
312087834,Tesco Salted Caramel Sponge Pudding 100G,https://www.tesco.com/groceries/en-GB/shop/bakery/all?department=Christmas%20Bakery&viewAll=department&page=,£1.15,£1.15/100g,£1.00 Clubcard Price,,/groceries/en-GB/products/312087834,https://digitalcontent.api.tesco.com/v2/media/ghs/f4f99b7e-00a1-4fc1-b0a2-2910f1e21328/fe82bbbb-1286-4755-ac8b-0f41d36ea679_1020330024.jpeg?h=225&w=225,
312843504,Mr Kipling Sticky Toffee Pudding Slices 5 Pack,https://www.tesco.com/groceries/en-GB/shop/bakery/all?department=Christmas%20Bakery&viewAll=department&page=,£1.50,£0.30/each,,,/groceries/en-GB/products/312843504,https://digitalcontent.api.tesco.com/v2/media/ghs/6b42cff8-c468-4e0d-95ef-cc90d7e810df/9cc53813-44ec-4d22-ba6d-95663981931f.jpeg?h=225&w=225,
313381357,Tesco Finest Chocolate Winter Village Cake Serves 16,https://www.tesco.com/groceries/en-GB/shop/bakery/all?department=Christmas%20Bakery&viewAll=department&page=,£17.00,£17.00/each,,,/groceries/en-GB/products/313381357,https://digitalcontent.api.tesco.com/v2/media/ghs/86de7623-5b37-4389-adbb-e7f0425e20f0/38e4ca7f-5668-48de-ab5c-bf268734eefb.jpeg?h=225&w=225,
309745383,Wicked Kitchen Chocolate & Salted Caramel Cake Serves 8,https://www.tesco.com/groceries/en-GB/shop/bakery/all?department=Christmas%20Bakery&viewAll=department&page=,£7.00,£7.00/each,,,/groceries/en-GB/products/309745383,https://digitalcontent.api.tesco.com/v2/media/ghs/08dd425f-4aae-4ebc-94d3-2d1c47c8e779/ddcab3bf-acd7-4d75-b2b1-9a1f3e465b2d.jpeg?h=225&w=225,
250774576,New York Bakery Plain Bagels 5 Pack,https://www.tesco.com/groceries/en-GB/shop/bakery/all?department=Bread%20%26%20Rolls&viewAll=department&page=,£1.75,£0.35/each,,,/groceries/en-GB/products/250774576,https://digitalcontent.api.tesco.com/v2/media/ghs/6906a87d-f062-497c-9d5b-926890bbd1c5/ee57a55e-466f-489d-9df1-6c1278025b26.jpeg?h=225&w=225,
287853081,Warburtons Thin Bagels Plain 6 Pack,https://www.tesco.com/groceries/en-GB/shop/bakery/all?department=Bread%20%26%20Rolls&viewAll=department&page=,£1.65,£0.28/each,,,/groceries/en-GB/products/287853081,https://digitalcontent.api.tesco.com/v2/media/ghs/46103077-6ad6-40d1-8fe0-59d5b598cf5e/8ea37f16-dc48-4515-9963-e93efffb928c.jpeg?h=225&w=225,
303351247,Warburtons 5 Pack Bagels Plain,https://www.tesco.com/groceries/en-GB/shop/bakery/all?department=Bread%20%26%20Rolls&viewAll=department&page=,£1.75,£0.35/each,£1.25 Clubcard Price,,/groceries/en-GB/products/303351247,https://digitalcontent.api.tesco.com/v2/media/ghs/826c001b-df68-4729-90f9-56ab1753b5db/1f0e17ec-8a5b-436e-bdd2-b442a538e656.jpeg?h=225&w=225,
274811214,Hovis Original 7 Seeds Bread 800G,https://www.tesco.com/groceries/en-GB/shop/bakery/all?department=Bread%20%26%20Rolls&viewAll=department&page=,£1.85,£0.23/100g,Aldi Price Match,,/groceries/en-GB/products/274811214,https://digitalcontent.api.tesco.com/v2/media/ghs/07064577-3876-4128-aa48-2f72b249a9a2/b761ab8d-830f-4752-af8a-56acfd4417bd.jpeg?h=225&w=225,
250168194,Warburtons Farmhouse White Bread 800G,https://www.tesco.com/groceries/en-GB/shop/bakery/all?department=Bread%20%26%20Rolls&viewAll=department&page=,£1.50,£0.19/100g,,,/groceries/en-GB/products/250168194,https://digitalcontent.api.tesco.com/v2/media/ghs/fcfbb57a-21d8-4acb-be56-da5de736c669/42abdffa-dc44-4dca-a42c-a946b8fe64ec.jpeg?h=225&w=225,
255810019,6 Pack Soft White Rolls,https://www.tesco.com/groceries/en-GB/shop/bakery/all?department=Bread%20%26%20Rolls&viewAll=department&page=,£0.80,£0.13/each,,,/groceries/en-GB/products/255810019,https://digitalcontent.api.tesco.com/v2/media/ghs/1c6f80ab-481b-4753-b3da-92b2a874d9d3/5e5aa85e-546e-4a75-a91c-0f08ad7c9632.jpeg?h=225&w=225,
259804954,Kingsmill Soft White Medium Bread 800G,https://www.tesco.com/groceries/en-GB/shop/bakery/all?department=Bread%20%26%20Rolls&viewAll=department&page=,£1.35,£0.17/100g,,,/groceries/en-GB/products/259804954,https://digitalcontent.api.tesco.com/v2/media/ghs/ce21cc31-4b96-49c7-b224-87f46af4d5a8/0fdf2861-9e12-4b0a-9cc8-4b76903fa25f.jpeg?h=225&w=225,
254550817,Hovis Soft White Thick Bread 800G,https://www.tesco.com/groceries/en-GB/shop/bakery/all?department=Bread%20%26%20Rolls&viewAll=department&page=,£1.40,£0.18/100g,Aldi Price Match,,/groceries/en-GB/products/254550817,https://digitalcontent.api.tesco.com/v2/media/ghs/88d7d6ab-dc35-49cf-9c31-3e98a15d633f/892c5f13-5ab1-49e2-97e1-802cec5ff3da.jpeg?h=225&w=225,
256174499,Hovis Soft White Medium Bread 800G,https://www.tesco.com/groceries/en-GB/shop/bakery/all?department=Bread%20%26%20Rolls&viewAll=department&page=,£1.40,£0.18/100g,Aldi Price Match,,/groceries/en-GB/products/256174499,https://digitalcontent.api.tesco.com/v2/media/ghs/6819af0b-87ef-45d9-b113-da214d822e47/bb4ea46a-feaa-4855-877c-882d3f0fc895.jpeg?h=225&w=225,
255000362,Hovis Wholemeal Medium Bread 800G,https://www.tesco.com/groceries/en-GB/shop/bakery/all?department=Bread%20%26%20Rolls&viewAll=department&page=,£1.45,£0.18/100g,Aldi Price Match,,/groceries/en-GB/products/255000362,https://digitalcontent.api.tesco.com/v2/media/ghs/28e104c5-4f91-42f2-88b3-85bcc5d2323c/26aee97a-f0e3-4a2c-9ff8-e7373af792b7.jpeg?h=225&w=225,
250915629,Warburtons Sliced Sandwich Rolls 12 Pack,https://www.tesco.com/groceries/en-GB/shop/bakery/all?department=Bread%20%26%20Rolls&viewAll=department&page=,£1.70,£0.14/each,,,/groceries/en-GB/products/250915629,https://digitalcontent.api.tesco.com/v2/media/ghs/8bc6e584-9a5d-4a52-8667-a899b808e181/5032e261-a349-46af-94b4-d036b5883c21.jpeg?h=225&w=225,
252065992,Kingsmill 50/50 Thick Bread 800G,https://www.tesco.com/groceries/en-GB/shop/bakery/all?department=Bread%20%26%20Rolls&viewAll=department&page=,£1.25,£0.16/100g,Aldi Price Match,,/groceries/en-GB/products/252065992,https://digitalcontent.api.tesco.com/v2/media/ghs/a701dabf-bf7c-40c9-b596-28c7adcd064d/8cdb6c5d-a61b-4204-883f-93a1eeb566b1.jpeg?h=225&w=225,
261738730,Kingsmill 50/50 Medium Bread 800G,https://www.tesco.com/groceries/en-GB/shop/bakery/all?department=Bread%20%26%20Rolls&viewAll=department&page=,£1.25,£0.16/100g,Aldi Price Match,,/groceries/en-GB/products/261738730,https://digitalcontent.api.tesco.com/v2/media/ghs/c7c10ce4-e17a-45d7-8abf-ef57191532ce/d4f437ad-2bcf-458f-a42b-43a89ab9c074.jpeg?h=225&w=225,
300134399,Tesco Finest White Loaf With Sourdough 800G,https://www.tesco.com/groceries/en-GB/shop/bakery/all?department=Bread%20%26%20Rolls&viewAll=department&page=,£1.30,£0.16/100g,,,/groceries/en-GB/products/300134399,https://digitalcontent.api.tesco.com/v2/media/ghs/09679217-82ad-4120-b6f7-06761fd26b27/2feee0cc-f0bd-4d33-8512-39f45263d3e6.jpeg?h=225&w=225,
254942325,Warburtons Medium Sliced White Bread 800G,https://www.tesco.com/groceries/en-GB/shop/bakery/all?department=Bread%20%26%20Rolls&viewAll=department&page=,£1.25,£0.16/100g,Aldi Price Match,,/groceries/en-GB/products/254942325,https://digitalcontent.api.tesco.com/v2/media/ghs/ddca25e6-9d5b-4273-b6d4-dc67fb7e7434/146b633f-5898-475e-ad82-b2d9b8509cb3.jpeg?h=225&w=225,
254942348,Warburtons Toastie Sliced White Bread 800G,https://www.tesco.com/groceries/en-GB/shop/bakery/all?department=Bread%20%26%20Rolls&viewAll=department&page=,£1.25,£0.16/100g,Aldi Price Match,,/groceries/en-GB/products/254942348,https://digitalcontent.api.tesco.com/v2/media/ghs/d910289f-2442-4d03-9d6d-e6e0b063c5b3/335de121-a988-45a0-b151-773cb13b5cfb.jpeg?h=225&w=225,
305047759,Tesco 4 Brioche Buns,https://www.tesco.com/groceries/en-GB/shop/bakery/all?department=Bread%20%26%20Rolls&viewAll=department&page=,£0.99,£0.25/each,Aldi Price Match,,/groceries/en-GB/products/305047759,https://digitalcontent.api.tesco.com/v2/media/ghs/1d0334ab-69d9-43be-99f7-f7c5f7715641/fc41cdf1-5e46-4550-be73-e83c6d562c4a.jpeg?h=225&w=225,
300134417,Tesco Finest Super Seeded Farmhouse Loaf 800G,https://www.tesco.com/groceries/en-GB/shop/bakery/all?department=Bread%20%26%20Rolls&viewAll=department&page=,£1.30,£0.16/100g,,,/groceries/en-GB/products/300134417,https://digitalcontent.api.tesco.com/v2/media/ghs/dc949d87-d22e-439f-b9ed-47db5f3d1c9d/4f39ea40-d14f-4ddf-b08d-5a7e952f8ec0.jpeg?h=225&w=225,
262203117,Warburtons 6 Sliced Sandwich Rolls,https://www.tesco.com/groceries/en-GB/shop/bakery/all?department=Bread%20%26%20Rolls&viewAll=department&page=,£1.10,£0.18/each,Aldi Price Match,,/groceries/en-GB/products/262203117,https://digitalcontent.api.tesco.com/v2/media/ghs/b4cf61d8-9e7c-479d-9218-24318198f721/48ea9f7e-401a-4ddf-a45d-c6b6b8874061.jpeg?h=225&w=225,
254944283,Warburtons Wholemeal Medium Bread 400G,https://www.tesco.com/groceries/en-GB/shop/bakery/all?department=Bread%20%26%20Rolls&viewAll=department&page=,£0.95,£0.24/100g,Aldi Price Match,,/groceries/en-GB/products/254944283,https://digitalcontent.api.tesco.com/v2/media/ghs/acb6bfee-34ae-4713-8f73-7d987c67a961/49ae5f53-94dd-4e33-8465-5126bed91915.jpeg?h=225&w=225,
254942354,Warburtons Toastie Sliced White Bread 400G,https://www.tesco.com/groceries/en-GB/shop/bakery/all?department=Bread%20%26%20Rolls&viewAll=department&page=,£0.95,£0.24/100g,Aldi Price Match,,/groceries/en-GB/products/254942354,https://digitalcontent.api.tesco.com/v2/media/ghs/551f495e-5448-473d-b875-0203c66b5656/266ac407-c2aa-442a-8bf8-869e05e29f03.jpeg?h=225&w=225,
299425783,Tesco Wholemeal Medium Bread 800G,https://www.tesco.com/groceries/en-GB/shop/bakery/all?department=Bread%20%26%20Rolls&viewAll=department&page=,£0.80,£0.10/100g,,,/groceries/en-GB/products/299425783,https://digitalcontent.api.tesco.com/v2/media/ghs/a3124da1-8c47-4498-acb0-15f0307231fb/e9bb6ae1-9314-4685-b834-8c29f8a77491.jpeg?h=225&w=225,
300134671,Tesco Multiseed Batch 800G,https://www.tesco.com/groceries/en-GB/shop/bakery/all?department=Bread%20%26%20Rolls&viewAll=department&page=,£1.00,£0.12/100g,,,/groceries/en-GB/products/300134671,https://digitalcontent.api.tesco.com/v2/media/ghs/f861d3cc-2f04-4f06-b4d6-fae8b93a8f3d/f8b20049-254f-4fb9-8bfd-b0111ca3dff1.jpeg?h=225&w=225,
299425748,Tesco Toastie White Bread Thick 800G,https://www.tesco.com/groceries/en-GB/shop/bakery/all?department=Bread%20%26%20Rolls&viewAll=department&page=,£0.80,£0.10/100g,,,/groceries/en-GB/products/299425748,https://digitalcontent.api.tesco.com/v2/media/ghs/61a74def-e964-49a9-b124-38d75cfa84c1/f72c29ec-b5a0-499d-89e4-fadf0c339ea5.jpeg?h=225&w=225,
299389116,Tesco White Bread 800G,https://www.tesco.com/groceries/en-GB/shop/bakery/all?department=Bread%20%26%20Rolls&viewAll=department&page=,£0.80,£0.10/100g,,,/groceries/en-GB/products/299389116,https://digitalcontent.api.tesco.com/v2/media/ghs/d53999ab-2d0f-43bd-b724-ebbbb40e3f00/abe4894c-e784-4aa6-b5e3-168b8b25f273.jpeg?h=225&w=225,
299668276,H.W. Nevill's Part Baked Baguette 2 Pack,https://www.tesco.com/groceries/en-GB/shop/bakery/all?department=Bread%20%26%20Rolls&viewAll=department&page=,£0.59,£0.30/each,Aldi Price Match,,/groceries/en-GB/products/299668276,https://digitalcontent.api.tesco.com/v2/media/ghs/cf9a0fab-14f9-4407-98b5-a901fd724d3b/b5a8a556-12f4-46b4-9079-fe2050e6d850.jpeg?h=225&w=225,
299045558,H W Nevill's Wholemeal Bread 800G,https://www.tesco.com/groceries/en-GB/shop/bakery/all?department=Bread%20%26%20Rolls&viewAll=department&page=,£0.39,£0.05/100g,Aldi Price Match,,/groceries/en-GB/products/299045558,https://digitalcontent.api.tesco.com/v2/media/ghs/6e4151d9-e4e5-4b60-8998-a61b58189624/ea39f72e-9f10-407d-b312-35f9ff078fe3.jpeg?h=225&w=225,
256334800,Tiger Loaf Sliced 800G,https://www.tesco.com/groceries/en-GB/shop/bakery/all?department=Bread%20%26%20Rolls&viewAll=department&page=,£1.25,£0.16/100g,,,/groceries/en-GB/products/256334800,https://digitalcontent.api.tesco.com/v2/media/ghs/16534097-2a2d-449f-9990-51cc99a5eaa5/d5b0bdea-a1a9-4b32-b03b-66bc4b1ac38d.jpeg?h=225&w=225,
268579198,Panini 4 Pack,https://www.tesco.com/groceries/en-GB/shop/bakery/all?department=Bread%20%26%20Rolls&viewAll=department&page=,£1.10,£0.28/each,,,/groceries/en-GB/products/268579198,https://digitalcontent.api.tesco.com/v2/media/ghs/80f099e4-436a-4b5a-82c8-0cb053a01153/13affb7e-bd7a-41ad-96ac-f760afd7e3ee.jpeg?h=225&w=225,
300644286,Warburton 4 Protein Thin Bagels,https://www.tesco.com/groceries/en-GB/shop/bakery/all?department=Bread%20%26%20Rolls&viewAll=department&page=,£1.65,£0.41/each,,,/groceries/en-GB/products/300644286,https://digitalcontent.api.tesco.com/v2/media/ghs/b0563e1f-1906-4a76-bde8-eea3be6c0677/83be8c22-3630-4720-a7c9-2f04a533fe33.jpeg?h=225&w=225,
256592522,New York Bakery Sesame Bagels 5 Pack,https://www.tesco.com/groceries/en-GB/shop/bakery/all?department=Bread%20%26%20Rolls&viewAll=department&page=,£1.75,£0.35/each,,,/groceries/en-GB/products/256592522,https://digitalcontent.api.tesco.com/v2/media/ghs/554df8fe-4611-41fd-b403-013d34368a57/643a7085-1495-4b51-b79c-5cfe895826b9.jpeg?h=225&w=225,
253829047,New York Bakery Cinnamon & Raisin Bagels 5 Pack,https://www.tesco.com/groceries/en-GB/shop/bakery/all?department=Bread%20%26%20Rolls&viewAll=department&page=,£1.75,£0.35/each,,,/groceries/en-GB/products/253829047,https://digitalcontent.api.tesco.com/v2/media/ghs/02a80a69-dbdd-4cd7-bf47-d8a25575b327/295a230f-98de-45f7-a739-e240450bb0e3.jpeg?h=225&w=225,
250871708,Hovis Granary Thick Bread 800G,https://www.tesco.com/groceries/en-GB/shop/bakery/all?department=Bread%20%26%20Rolls&viewAll=department&page=,£1.95,£0.24/100g,,,/groceries/en-GB/products/250871708,https://digitalcontent.api.tesco.com/v2/media/ghs/738edb72-3d3b-4e94-9cd9-e5ca2c64572f/17a017c8-819b-4cf0-85c4-c633089818b7.jpeg?h=225&w=225,
251940303,Tesco Large White Hot Dog Rolls 6 Pack,https://www.tesco.com/groceries/en-GB/shop/bakery/all?department=Bread%20%26%20Rolls&viewAll=department&page=,£1.00,£0.17/each,,,/groceries/en-GB/products/251940303,https://digitalcontent.api.tesco.com/v2/media/ghs/16e7bf7b-14f7-406f-bc56-b508e7b94ff8/3c3d9853-c2a1-451e-848b-177227fdafe8.jpeg?h=225&w=225,
306661492,Tesco Chunky Cheese Rolls 4 Pack,https://www.tesco.com/groceries/en-GB/shop/bakery/all?department=Bread%20%26%20Rolls&viewAll=department&page=,£1.10,£0.28/each,,,/groceries/en-GB/products/306661492,https://digitalcontent.api.tesco.com/v2/media/ghs/fa495964-eeaa-43f2-8c7c-8648732fe998/4a0f7d61-f569-4c64-a449-f84cbfeadc93.jpeg?h=225&w=225,
268104801,Warburtons Sliced Tiger Bread 600G,https://www.tesco.com/groceries/en-GB/shop/bakery/all?department=Bread%20%26%20Rolls&viewAll=department&page=,£1.55,£0.26/100g,,,/groceries/en-GB/products/268104801,https://digitalcontent.api.tesco.com/v2/media/ghs/1ff8d59b-a7c4-433e-8ddd-929d3c0b8b95/5708ac66-a515-493e-9a3c-413cf7f0b1cb.jpeg?h=225&w=225,
299999490,Tesco Wholemeal Deli Rolls 4 Pack,https://www.tesco.com/groceries/en-GB/shop/bakery/all?department=Bread%20%26%20Rolls&viewAll=department&page=,£1.05,£0.26/each,,,/groceries/en-GB/products/299999490,https://digitalcontent.api.tesco.com/v2/media/ghs/99ae5831-9707-4db9-9668-a39433165ef5/4bf7a316-0c21-4916-afde-1c7b2f01803a.jpeg?h=225&w=225,
255727936,Warburtons Danish Sliced White Bread 400G,https://www.tesco.com/groceries/en-GB/shop/bakery/all?department=Bread%20%26%20Rolls&viewAll=department&page=,£1.15,£0.29/100g,,,/groceries/en-GB/products/255727936,https://digitalcontent.api.tesco.com/v2/media/ghs/6a94b31b-7682-45af-b3d5-0f2582747db4/2b87064e-2233-4c79-b66e-c22d65286e4d.jpeg?h=225&w=225,
252193004,Large White Bap 4 Pack,https://www.tesco.com/groceries/en-GB/shop/bakery/all?department=Bread%20%26%20Rolls&viewAll=department&page=,£0.80,£0.20/each,,,/groceries/en-GB/products/252193004,https://digitalcontent.api.tesco.com/v2/media/ghs/03aacdf0-1648-4b7a-96df-bcaf15da6a8d/28152f79-d9b7-455a-adf1-cdc20ffa678b.jpeg?h=225&w=225,
255810060,6 Pack White Finger Rolls,https://www.tesco.com/groceries/en-GB/shop/bakery/all?department=Bread%20%26%20Rolls&viewAll=department&page=,£0.80,£0.13/each,,,/groceries/en-GB/products/255810060,https://digitalcontent.api.tesco.com/v2/media/ghs/524ab42c-d1fd-4834-b684-ea2e7cddd2e9/41bf58cb-5bcc-4398-af2a-3fe0e2e1792f.jpeg?h=225&w=225,
257269645,Warburtons Seeded Batch Bread 800G,https://www.tesco.com/groceries/en-GB/shop/bakery/all?department=Bread%20%26%20Rolls&viewAll=department&page=,£1.70,£0.21/100g,,,/groceries/en-GB/products/257269645,https://digitalcontent.api.tesco.com/v2/media/ghs/9973af17-15e6-4e0c-af1e-fc899baf1588/4d2c48b3-02fc-4f19-ba22-9c59a3986d7d.jpeg?h=225&w=225,
268283743,Warburtons Hot Dog Rolls X 6,https://www.tesco.com/groceries/en-GB/shop/bakery/all?department=Bread%20%26%20Rolls&viewAll=department&page=,£1.30,£0.22/each,,,/groceries/en-GB/products/268283743,https://digitalcontent.api.tesco.com/v2/media/ghs/b8f699c9-3de0-4a3a-858e-dffdf2230c7b/6d9de218-ce6b-429e-9556-42e4b8a85b6f.jpeg?h=225&w=225,
305036860,Tesco Finest 4 Brioche Burger Buns,https://www.tesco.com/groceries/en-GB/shop/bakery/all?department=Bread%20%26%20Rolls&viewAll=department&page=,£1.20,£0.30/each,,,/groceries/en-GB/products/305036860,https://digitalcontent.api.tesco.com/v2/media/ghs/86b7e60e-45b4-499b-b318-08b7e7615056/0384255a-7d6d-40c5-afc0-e1a24f6ca289.jpeg?h=225&w=225,
263518014,Hovis Wholemeal Thick Bread 800G,https://www.tesco.com/groceries/en-GB/shop/bakery/all?department=Bread%20%26%20Rolls&viewAll=department&page=,£1.45,£0.18/100g,,,/groceries/en-GB/products/263518014,https://digitalcontent.api.tesco.com/v2/media/ghs/48f161b0-03a4-4f7b-86e0-5a540d1f2d68/e187d4ca-6397-4e0c-9039-eed7eaafe589.jpeg?h=225&w=225,
252990345,Kingsmill Tasty Wholemeal Medium Bread 800G,https://www.tesco.com/groceries/en-GB/shop/bakery/all?department=Bread%20%26%20Rolls&viewAll=department&page=,£1.35,£0.17/100g,,,/groceries/en-GB/products/252990345,https://digitalcontent.api.tesco.com/v2/media/ghs/50b59069-8c93-4e40-bfc8-f83a60424e54/9aca3544-36f6-41e7-bf2c-2246ce204539.jpeg?h=225&w=225,
254682966,Tesco 4 Homebake Baguettes 600G,https://www.tesco.com/groceries/en-GB/shop/bakery/all?department=Bread%20%26%20Rolls&viewAll=department&page=,£1.75,£0.29/100g,,,/groceries/en-GB/products/254682966,https://digitalcontent.api.tesco.com/v2/media/ghs/703b6154-0ba1-450f-a9f6-de8d752e7541/a77a1c22-9e69-4ff6-8bc1-fc0538f2fd11.jpeg?h=225&w=225,
250829858,Hovis Wholemeal Medium Bread 400G,https://www.tesco.com/groceries/en-GB/shop/bakery/all?department=Bread%20%26%20Rolls&viewAll=department&page=,£1.10,£0.28/100g,,,/groceries/en-GB/products/250829858,https://digitalcontent.api.tesco.com/v2/media/ghs/00857b50-d915-4d6e-905d-036f56f9ab11/511832d2-929b-4244-b2ac-2bc90e8fa125.jpeg?h=225&w=225,
305737088,Tesco Finest Wholemeal Seeds And Grains Bread 800G,https://www.tesco.com/groceries/en-GB/shop/bakery/all?department=Bread%20%26%20Rolls&viewAll=department&page=,£1.30,£0.16/100g,,,/groceries/en-GB/products/305737088,https://digitalcontent.api.tesco.com/v2/media/ghs/acb90eb8-8bf1-48ce-9607-06890021f76d/eeb60a73-1dde-4d39-b76b-6e8d66163f69.jpeg?h=225&w=225,
254944260,Warburtons Wholemeal Medium Bread 800G,https://www.tesco.com/groceries/en-GB/shop/bakery/all?department=Bread%20%26%20Rolls&viewAll=department&page=,£1.20,£0.15/100g,Aldi Price Match,,/groceries/en-GB/products/254944260,https://digitalcontent.api.tesco.com/v2/media/ghs/1d113b7b-c7e2-4976-8d7c-ad7fce3349f3/1a32bedd-e53a-4db2-9989-8550de723285.jpeg?h=225&w=225,
256627241,Tesco Large Wholemeal Baps 4 Pack,https://www.tesco.com/groceries/en-GB/shop/bakery/all?department=Bread%20%26%20Rolls&viewAll=department&page=,£0.80,£0.20/each,,,/groceries/en-GB/products/256627241,https://digitalcontent.api.tesco.com/v2/media/ghs/e947412a-ab89-4299-a6f3-3deaf1c470e9/99f2ce1a-2928-4759-9a17-8d5d918ab36a.jpeg?h=225&w=225,
300134377,Tesco Finest Wholemeal Loaf 800G,https://www.tesco.com/groceries/en-GB/shop/bakery/all?department=Bread%20%26%20Rolls&viewAll=department&page=,£1.30,£0.16/100g,,,/groceries/en-GB/products/300134377,https://digitalcontent.api.tesco.com/v2/media/ghs/3116cd12-042f-422e-b931-4aeb802181a9/602f4d08-3452-456f-8dc0-8236866e67ac.jpeg?h=225&w=225,
308463055,Tesco 4 Large White Baps,https://www.tesco.com/groceries/en-GB/shop/bakery/all?department=Bread%20%26%20Rolls&viewAll=department&page=,£0.80,£0.20/each,,,/groceries/en-GB/products/308463055,https://digitalcontent.api.tesco.com/v2/media/ghs/216abf14-57e1-490c-9597-bd3649a7d030/625b0721-d821-48b1-b866-e1b35d811252.jpeg?h=225&w=225,
251933448,Tesco Large Seeded Burger Buns 4 Pack,https://www.tesco.com/groceries/en-GB/shop/bakery/all?department=Bread%20%26%20Rolls&viewAll=department&page=,£0.80,£0.20/each,,,/groceries/en-GB/products/251933448,https://digitalcontent.api.tesco.com/v2/media/ghs/1cdffe58-38a7-4293-a857-cb83ac912e6c/d6f76432-d5fa-41fc-82ac-447236eb44dc.jpeg?h=225&w=225,
304371279,Warburtons Half And Half Medium Bread 800G,https://www.tesco.com/groceries/en-GB/shop/bakery/all?department=Bread%20%26%20Rolls&viewAll=department&page=,£1.20,£0.15/100g,95p Clubcard Price,,/groceries/en-GB/products/304371279,https://digitalcontent.api.tesco.com/v2/media/ghs/cef8d1e8-a298-4a79-a881-600971b71d54/39cfb7d3-f568-4931-b6c8-967daff962d5.jpeg?h=225&w=225,
297473958,New York Bakery Bagel Thins The Original 4 Pack,https://www.tesco.com/groceries/en-GB/shop/bakery/all?department=Bread%20%26%20Rolls&viewAll=department&page=,£1.20,£0.30/each,80p Clubcard Price,,/groceries/en-GB/products/297473958,https://digitalcontent.api.tesco.com/v2/media/ghs/e62f920c-71f8-4b43-91c2-42338f0a3d88/218f6e0f-a7a3-48de-86b5-d49676b9272c.jpeg?h=225&w=225,
299425760,Tesco Toastie Wholemeal Thick Bread 800G,https://www.tesco.com/groceries/en-GB/shop/bakery/all?department=Bread%20%26%20Rolls&viewAll=department&page=,£0.80,£0.10/100g,,,/groceries/en-GB/products/299425760,https://digitalcontent.api.tesco.com/v2/media/ghs/410ced54-8e4f-407c-961d-e2dec71333fc/0ed2bc1b-6594-4100-b350-ba6642caea9d.jpeg?h=225&w=225,
251807007,Tesco White Batch Rolls 6 Pack,https://www.tesco.com/groceries/en-GB/shop/bakery/all?department=Bread%20%26%20Rolls&viewAll=department&page=,£0.49,£0.08/each,Aldi Price Match,,/groceries/en-GB/products/251807007,https://digitalcontent.api.tesco.com/v2/media/ghs/7620b292-76c5-476b-83a3-f78d6881b6d3/5770b14a-57e3-427e-8b03-b0e0d0ebfa0c.jpeg?h=225&w=225,
254944968,Tesco Wholemeal Batch Rolls 6 Pack,https://www.tesco.com/groceries/en-GB/shop/bakery/all?department=Bread%20%26%20Rolls&viewAll=department&page=,£0.49,£0.08/each,Aldi Price Match,,/groceries/en-GB/products/254944968,https://digitalcontent.api.tesco.com/v2/media/ghs/3575ff44-44a6-41ac-9551-a660a856f6d1/03b497fd-6fbe-47c6-a756-6aae69f2ffae.jpeg?h=225&w=225,
299045570,H W Nevill's White Bread 800G,https://www.tesco.com/groceries/en-GB/shop/bakery/all?department=Bread%20%26%20Rolls&viewAll=department&page=,£0.39,£0.05/100g,Aldi Price Match,,/groceries/en-GB/products/299045570,https://digitalcontent.api.tesco.com/v2/media/ghs/2dac860e-32ea-4400-82a4-3b964601650e/96cc8e43-e212-4c01-b308-7543fbaa8594.jpeg?h=225&w=225,
272914228,Tesco Sourdough Bloomer,https://www.tesco.com/groceries/en-GB/shop/bakery/all?department=Bread%20%26%20Rolls&viewAll=department&page=,£1.80,£1.80/each,,,/groceries/en-GB/products/272914228,https://digitalcontent.api.tesco.com/v2/media/ghs/ee0ae25c-edbf-43d4-ac6d-5c9d98472b11/6e55f4ec-cd92-4b5a-9ee1-a489a6f1d0b2.jpeg?h=225&w=225,
250759508,Tesco Crusty White Farmhouse Loaf Sliced 800G,https://www.tesco.com/groceries/en-GB/shop/bakery/all?department=Bread%20%26%20Rolls&viewAll=department&page=,£1.20,£0.15/100g,,,/groceries/en-GB/products/250759508,https://digitalcontent.api.tesco.com/v2/media/ghs/84cc2b2c-c503-4ba5-8ec9-9e103302535a/182b9656-a7ee-456d-b408-bbba907cf7a0.jpeg?h=225&w=225,
255119821,Ciabatta Roll 4 Pack,https://www.tesco.com/groceries/en-GB/shop/bakery/all?department=Bread%20%26%20Rolls&viewAll=department&page=,£1.10,£0.28/each,,,/groceries/en-GB/products/255119821,https://digitalcontent.api.tesco.com/v2/media/ghs/162c0201-7281-4436-b44d-f78ab18d35fd/1bb0ec7c-f3aa-4a8b-a746-bf7d4e0d852c.jpeg?h=225&w=225,
301971576,St Pierre 6 Brioche Burger Buns,https://www.tesco.com/groceries/en-GB/shop/bakery/all?department=Bread%20%26%20Rolls&viewAll=department&page=,£2.50,£0.42/each,,,/groceries/en-GB/products/301971576,https://digitalcontent.api.tesco.com/v2/media/ghs/7581d607-2229-4c0c-bafa-64a4cc0e59d2/5205623b-71ea-4f15-a6e1-394f2d8a00bc.jpeg?h=225&w=225,
254944133,Hovis Granary Wholemeal Bread 800G,https://www.tesco.com/groceries/en-GB/shop/bakery/all?department=Bread%20%26%20Rolls&viewAll=department&page=,£1.95,£0.24/100g,,,/groceries/en-GB/products/254944133,https://digitalcontent.api.tesco.com/v2/media/ghs/255e55f3-dab3-43ba-861b-a6b1b085574c/02706b14-ebff-4e51-b95e-90abf71158b8.jpeg?h=225&w=225,
281935558,Big Bite Soft White Roll 6Pack,https://www.tesco.com/groceries/en-GB/shop/bakery/all?department=Bread%20%26%20Rolls&viewAll=department&page=,£1.00,£0.17/each,,,/groceries/en-GB/products/281935558,https://digitalcontent.api.tesco.com/v2/media/ghs/ab018682-98b2-4852-ba14-6738b7d8234e/c5c9f58f-f30b-47d4-b690-40d922c3c20d.jpeg?h=225&w=225,
263240693,Tiger Loaf Sliced 400G,https://www.tesco.com/groceries/en-GB/shop/bakery/all?department=Bread%20%26%20Rolls&viewAll=department&page=,£0.95,£0.24/100g,,,/groceries/en-GB/products/263240693,https://digitalcontent.api.tesco.com/v2/media/ghs/15ac7612-c59d-4b1b-9b41-1106b195ffc0/c7579782-a186-4b8b-a795-b5addaae62ec.jpeg?h=225&w=225,
258081588,Crusty White Farmhouse Loaf Sliced 400G,https://www.tesco.com/groceries/en-GB/shop/bakery/all?department=Bread%20%26%20Rolls&viewAll=department&page=,£0.90,£0.22/100g,,,/groceries/en-GB/products/258081588,https://digitalcontent.api.tesco.com/v2/media/ghs/2685cbb4-586b-43cb-9ebf-d22f2d58d9ad/f10fa673-5c95-4f75-ae0a-3e25a35c0544.jpeg?h=225&w=225,
303351662,Warburtons 5 Cinnamon & Raisin Bagels,https://www.tesco.com/groceries/en-GB/shop/bakery/all?department=Bread%20%26%20Rolls&viewAll=department&page=,£1.75,£0.35/each,£1.25 Clubcard Price,,/groceries/en-GB/products/303351662,https://digitalcontent.api.tesco.com/v2/media/ghs/292f8ddc-5d72-48eb-aead-73f4e97f105a/f091aecf-fa2f-4f1c-8348-7a5291e2d951.jpeg?h=225&w=225,
264601115,Warburtons Wholemeal Rolls 6 Pack,https://www.tesco.com/groceries/en-GB/shop/bakery/all?department=Bread%20%26%20Rolls&viewAll=department&page=,£1.30,£0.22/each,,,/groceries/en-GB/products/264601115,https://digitalcontent.api.tesco.com/v2/media/ghs/e222e21e-2f86-429c-b716-94b55fe91589/4e74d916-9449-40e7-bb06-67a210248b3b.jpeg?h=225&w=225,
255810169,6 Pack Scotch Morning Rolls,https://www.tesco.com/groceries/en-GB/shop/bakery/all?department=Bread%20%26%20Rolls&viewAll=department&page=,£0.80,£0.13/each,,,/groceries/en-GB/products/255810169,https://digitalcontent.api.tesco.com/v2/media/ghs/c7c1ae48-db04-45fa-9514-69efb66919e8/3384cf01-6ba9-4327-b1fc-2d84910f5bb0.jpeg?h=225&w=225,
299598842,Tesco White Sub Rolls 4 Pack,https://www.tesco.com/groceries/en-GB/shop/bakery/all?department=Bread%20%26%20Rolls&viewAll=department&page=,£1.05,£0.26/each,,,/groceries/en-GB/products/299598842,https://digitalcontent.api.tesco.com/v2/media/ghs/a83168d2-dc63-44b8-bf3f-0ed6d5a72d65/dc89759f-3d27-47a2-8a7e-5caa221c6584.jpeg?h=225&w=225,
287424635,Hovis Seven Seeds Original 400G,https://www.tesco.com/groceries/en-GB/shop/bakery/all?department=Bread%20%26%20Rolls&viewAll=department&page=,£1.25,£0.31/100g,,,/groceries/en-GB/products/287424635,https://digitalcontent.api.tesco.com/v2/media/ghs/127d421f-fba4-4012-9101-5f5b86202d06/12add750-e9e9-4d9f-aa75-fae68d6bfe19.jpeg?h=225&w=225,
290239349,Tesco Bake At Home Petit Pain 6 Pack,https://www.tesco.com/groceries/en-GB/shop/bakery/all?department=Bread%20%26%20Rolls&viewAll=department&page=,£1.10,£0.37/100g,,,/groceries/en-GB/products/290239349,https://digitalcontent.api.tesco.com/v2/media/ghs/710fa871-ac61-427e-8283-d78185821a99/ffb66784-539e-4267-b67e-bd12e8acade3.jpeg?h=225&w=225,
256122878,White Baton,https://www.tesco.com/groceries/en-GB/shop/bakery/all?department=Bread%20%26%20Rolls&viewAll=department&page=,£0.65,£0.32/100g,,,/groceries/en-GB/products/256122878,https://digitalcontent.api.tesco.com/v2/media/ghs/8fc9cd8e-af7b-4778-9e75-7fba7d0ac464/a3961e9a-957f-4595-900c-c3478e728f14.jpeg?h=225&w=225,
254682839,Tesco 12 Homebake Petit Pains,https://www.tesco.com/groceries/en-GB/shop/bakery/all?department=Bread%20%26%20Rolls&viewAll=department&page=,£1.75,£0.29/100g,,,/groceries/en-GB/products/254682839,https://digitalcontent.api.tesco.com/v2/media/ghs/88d04f28-3803-4ba7-8b88-fa82bafe8cfb/bebcfe64-5a1a-46fa-91e4-cc5698514984.jpeg?h=225&w=225,
261326837,Tiger Baton,https://www.tesco.com/groceries/en-GB/shop/bakery/all?department=Bread%20%26%20Rolls&viewAll=department&page=,£0.70,£0.70/each,,,/groceries/en-GB/products/261326837,https://digitalcontent.api.tesco.com/v2/media/ghs/218f9358-ac5b-4cc2-9737-84db14104c2f/afa524bd-bc73-46ca-b90a-4d85eb4871a6.jpeg?h=225&w=225,
253551789,Tesco 2 Homebake Baguettes,https://www.tesco.com/groceries/en-GB/shop/bakery/all?department=Bread%20%26%20Rolls&viewAll=department&page=,£1.10,£0.37/100g,,,/groceries/en-GB/products/253551789,https://digitalcontent.api.tesco.com/v2/media/ghs/f336c99f-b2f2-4f8a-b3ff-37ce4c12a970/c8439b00-27c1-4c49-b992-ca8e3717937c.jpeg?h=225&w=225,
254942331,Warburtons Medium Sliced White Bread 400G,https://www.tesco.com/groceries/en-GB/shop/bakery/all?department=Bread%20%26%20Rolls&viewAll=department&page=,£0.95,£0.24/100g,,,/groceries/en-GB/products/254942331,https://digitalcontent.api.tesco.com/v2/media/ghs/9339a331-8eaa-4d6b-8dbf-e19cd98dd76f/ac0888c7-c67c-429c-88fd-d9680712fb10.jpeg?h=225&w=225,
300134439,Tesco Finest Oat & Barley Loaf 800G,https://www.tesco.com/groceries/en-GB/shop/bakery/all?department=Bread%20%26%20Rolls&viewAll=department&page=,£1.30,£0.16/100g,,,/groceries/en-GB/products/300134439,https://digitalcontent.api.tesco.com/v2/media/ghs/dd0ea16d-c971-4cd6-9b6d-8b7436466bbc/aed8a54c-fe56-42b2-b2af-9ce447cf469e.jpeg?h=225&w=225,
300134452,Tesco Finest Dark Rye & Sunflower Farmhouse Farmhouse 600G,https://www.tesco.com/groceries/en-GB/shop/bakery/all?department=Bread%20%26%20Rolls&viewAll=department&page=,£1.15,£0.19/100g,,,/groceries/en-GB/products/300134452,https://digitalcontent.api.tesco.com/v2/media/ghs/272f7c42-0234-40d2-a748-b40d79fd7c14/a01e3a4a-7afd-4469-816a-e769ec6049c3.jpeg?h=225&w=225,
308110243,Tesco 6 Finger Rolls,https://www.tesco.com/groceries/en-GB/shop/bakery/all?department=Bread%20%26%20Rolls&viewAll=department&page=,£0.80,£0.13/each,,,/groceries/en-GB/products/308110243,https://digitalcontent.api.tesco.com/v2/media/ghs/76d12053-aa8e-436e-b123-452c798b04c4/c34f90fb-7d47-4789-b958-7ded2f14777e.jpeg?h=225&w=225,
299597320,Tesco White Farmhouse 800G,https://www.tesco.com/groceries/en-GB/shop/bakery/all?department=Bread%20%26%20Rolls&viewAll=department&page=,£0.95,£0.12/100g,,,/groceries/en-GB/products/299597320,https://digitalcontent.api.tesco.com/v2/media/ghs/847294ba-691e-463e-8018-722adf876a0e/a8119242-96df-481d-a139-bf4393bdc23c.jpeg?h=225&w=225,
300134354,Tesco Finest Sunflower & Pumpkin Loaf 600G,https://www.tesco.com/groceries/en-GB/shop/bakery/all?department=Bread%20%26%20Rolls&viewAll=department&page=,£1.15,£0.19/100g,,,/groceries/en-GB/products/300134354,https://digitalcontent.api.tesco.com/v2/media/ghs/48ebcf9e-fff9-4758-b841-6be3e6704584/8630baee-b0c3-43db-8eaf-f3550d717ac9.jpeg?h=225&w=225,
300134694,Tesco Multigrain Batch 800G,https://www.tesco.com/groceries/en-GB/shop/bakery/all?department=Bread%20%26%20Rolls&viewAll=department&page=,£1.00,£0.12/100g,,,/groceries/en-GB/products/300134694,https://digitalcontent.api.tesco.com/v2/media/ghs/c246781a-28ad-4320-a766-022b75cd5c8c/d2370967-b608-4413-80c5-95762207389a.jpeg?h=225&w=225,
281684186,"Tesco Cranberry, Cashew & Raisin Bloomer",https://www.tesco.com/groceries/en-GB/shop/bakery/all?department=Bread%20%26%20Rolls&viewAll=department&page=,£1.95,£1.95/each,,,/groceries/en-GB/products/281684186,https://digitalcontent.api.tesco.com/v2/media/ghs/956880e1-fa72-4984-b9cf-b77fc79304d7/snapshotimagehandler_589368522.jpeg?h=225&w=225,
272913990,Tesco Trio Of Olive Bloomer,https://www.tesco.com/groceries/en-GB/shop/bakery/all?department=Bread%20%26%20Rolls&viewAll=department&page=,£1.80,£1.80/each,,,/groceries/en-GB/products/272913990,https://digitalcontent.api.tesco.com/v2/media/ghs/ba6b4e19-6d15-4765-a466-6f6bf2c1ffdb/5436d66e-966f-4890-8571-72ef1528df1e.jpeg?h=225&w=225,
308494277,Warburtons Gluten Free 4 Super Soft Sliced Square Rolls,https://www.tesco.com/groceries/en-GB/shop/bakery/all?department=Bread%20%26%20Rolls&viewAll=department&page=,£2.70,£0.68/each,,,/groceries/en-GB/products/308494277,https://digitalcontent.api.tesco.com/v2/media/ghs/3f66506c-dcef-4818-bc1e-a9259ae9ff04/bdee191b-c24d-415d-8574-bbbb4b7b8f90.jpeg?h=225&w=225,
309461614,Heat & Eat White Baguette 3 Pack,https://www.tesco.com/groceries/en-GB/shop/bakery/all?department=Bread%20%26%20Rolls&viewAll=department&page=,£1.20,£0.40/each,,,/groceries/en-GB/products/309461614,https://digitalcontent.api.tesco.com/v2/media/ghs/45bb0fbd-cfcf-49f4-a018-30d17e8c2cd1/1424c588-d181-4996-a64a-9d56b909d826.jpeg?h=225&w=225,
260630288,Kingsmill 50/50 No Crusts Bread 400G,https://www.tesco.com/groceries/en-GB/shop/bakery/all?department=Bread%20%26%20Rolls&viewAll=department&page=,£1.90,£0.48/100g,,,/groceries/en-GB/products/260630288,https://digitalcontent.api.tesco.com/v2/media/ghs/4c357e43-5431-4526-864f-ee2fc3f3ee4f/1578e458-f0ae-4d49-a4e5-16d11584ffdf.jpeg?h=225&w=225,
292885006,New York Bakery Red Onion & Chive Bagels 5 Pack,https://www.tesco.com/groceries/en-GB/shop/bakery/all?department=Bread%20%26%20Rolls&viewAll=department&page=,£1.75,£0.35/each,,,/groceries/en-GB/products/292885006,https://digitalcontent.api.tesco.com/v2/media/ghs/39818607-07b9-4104-8e28-3f443452cc58/5896ffe0-9b48-42b7-b923-79bc839f9c11.jpeg?h=225&w=225,
258081507,Crusty White Sandwich Loaf Sliced 800G,https://www.tesco.com/groceries/en-GB/shop/bakery/all?department=Bread%20%26%20Rolls&viewAll=department&page=,£1.20,£0.15/100g,,,/groceries/en-GB/products/258081507,https://digitalcontent.api.tesco.com/v2/media/ghs/12dbd405-5137-4ce6-8351-595859ba697f/2f7d5741-ad88-4121-b017-fa8202e83099.jpeg?h=225&w=225,
287853207,Warburtons Thin Bagels Cinnamon & Raisin 6 Pack,https://www.tesco.com/groceries/en-GB/shop/bakery/all?department=Bread%20%26%20Rolls&viewAll=department&page=,£1.65,£0.28/each,,,/groceries/en-GB/products/287853207,https://digitalcontent.api.tesco.com/v2/media/ghs/e0b52edd-2473-476e-93c6-793afead1586/e6c8469a-c2bc-4925-9db8-ba1b99d43488.jpeg?h=225&w=225,
310109865,Jason's Sourdough Loaf Straight Up Great White 450G,https://www.tesco.com/groceries/en-GB/shop/bakery/all?department=Bread%20%26%20Rolls&viewAll=department&page=,£1.80,£0.40/100g,,,/groceries/en-GB/products/310109865,https://digitalcontent.api.tesco.com/v2/media/ghs/5d656a1a-ab1f-4c74-b08c-1bf4d3dc6f39/24aa3228-3710-410f-8616-e157b8c37d84.jpeg?h=225&w=225,
305247345,Paul Hollywood 4 Ready To Bake White Crusty Rolls,https://www.tesco.com/groceries/en-GB/shop/bakery/all?department=Bread%20%26%20Rolls&viewAll=department&page=,£1.80,£0.45/each,£1.30 Clubcard Price,,/groceries/en-GB/products/305247345,https://digitalcontent.api.tesco.com/v2/media/ghs/0d43167c-9281-424c-9a2c-3adde6de1355/f997e6f8-bb1c-4c28-bcf7-c2948eda3725_208794679.jpeg?h=225&w=225,
305838965,Tesco Finest 4 Brioche Hot Dog Rolls,https://www.tesco.com/groceries/en-GB/shop/bakery/all?department=Bread%20%26%20Rolls&viewAll=department&page=,£1.20,£0.30/each,,,/groceries/en-GB/products/305838965,https://digitalcontent.api.tesco.com/v2/media/ghs/0cb5a4f8-ab23-49f3-83e0-6863f39330b9/ab08c1b9-d28f-461f-bf2b-a3fe67c2fbbf.jpeg?h=225&w=225,
276606161,Tesco Free From Sliced Seeded Bread 550G,https://www.tesco.com/groceries/en-GB/shop/bakery/all?department=Bread%20%26%20Rolls&viewAll=department&page=,£1.95,£0.36/100g,,,/groceries/en-GB/products/276606161,https://digitalcontent.api.tesco.com/v2/media/ghs/1fefe805-fb47-4ffb-9bc0-8e7152d06e9c/2cc62bdb-aa43-4168-b786-67de0f3763b2.jpeg?h=225&w=225,
309757379,Tesco Finest 2 White Baguettes With Sourdough250g,https://www.tesco.com/groceries/en-GB/shop/bakery/all?department=Bread%20%26%20Rolls&viewAll=department&page=,£1.50,£0.60/100g,,,/groceries/en-GB/products/309757379,https://digitalcontent.api.tesco.com/v2/media/ghs/557f918d-4e18-41be-a26e-845c84344906/d55ec662-cd23-4b41-bbbe-18bd5d2ecda9.jpeg?h=225&w=225,
304414570,Warburtons Soft & Sliced Sesame Bagels 5 Pack,https://www.tesco.com/groceries/en-GB/shop/bakery/all?department=Bread%20%26%20Rolls&viewAll=department&page=,£1.75,£0.35/each,£1.25 Clubcard Price,,/groceries/en-GB/products/304414570,https://digitalcontent.api.tesco.com/v2/media/ghs/dbf79854-9aa1-40a7-b64b-6caff75ac3f8/404d5bbe-ad22-4764-91bb-64837b4071ef.jpeg?h=225&w=225,
255650611,Tesco Multiseed Deli Rolls 4 Pack,https://www.tesco.com/groceries/en-GB/shop/bakery/all?department=Bread%20%26%20Rolls&viewAll=department&page=,£1.15,£0.29/each,,,/groceries/en-GB/products/255650611,https://digitalcontent.api.tesco.com/v2/media/ghs/21d31de6-5e8a-4960-85e2-a27835e66fc4/0cfbf498-be2e-4d6c-9b9b-dacef6440205.jpeg?h=225&w=225,
300810579,Warburtons Old English White Bread 400G,https://www.tesco.com/groceries/en-GB/shop/bakery/all?department=Bread%20%26%20Rolls&viewAll=department&page=,£1.75,£0.44/100g,,,/groceries/en-GB/products/300810579,https://digitalcontent.api.tesco.com/v2/media/ghs/1bac0a9e-a359-4ece-b6a4-47c79ef7a4ec/890abcf4-95f9-426b-b113-d79cd98eee34.jpeg?h=225&w=225,
303629473,Tesco Finest Rye & Mixed Seed Sourdough 400G,https://www.tesco.com/groceries/en-GB/shop/bakery/all?department=Bread%20%26%20Rolls&viewAll=department&page=,£1.70,£0.42/100g,,,/groceries/en-GB/products/303629473,https://digitalcontent.api.tesco.com/v2/media/ghs/5c36b981-b8ab-469f-88c4-914eea6a715c/f775b420-27db-4247-b307-8bce36243722.jpeg?h=225&w=225,
305946439,Tesco 4 Ciabatta Rolls,https://www.tesco.com/groceries/en-GB/shop/bakery/all?department=Bread%20%26%20Rolls&viewAll=department&page=,£1.30,£0.32/each,,,/groceries/en-GB/products/305946439,https://digitalcontent.api.tesco.com/v2/media/ghs/83892697-a3c6-4cd5-ae08-1bffc0f6f6a0/39a1109c-0ba7-4a72-bbf7-7999935078a4.jpeg?h=225&w=225,
309770339,Tesco Finest 2 Multigrain Baguettes With Sourdough 250G,https://www.tesco.com/groceries/en-GB/shop/bakery/all?department=Bread%20%26%20Rolls&viewAll=department&page=,£1.50,£0.60/100g,,,/groceries/en-GB/products/309770339,https://digitalcontent.api.tesco.com/v2/media/ghs/5e41cddf-efec-4090-a603-8efd5f964098/bb2f1d78-9c70-48f0-8eb9-7a956d481c79.jpeg?h=225&w=225,
309743539,Tesco Ciabatta 270G,https://www.tesco.com/groceries/en-GB/shop/bakery/all?department=Bread%20%26%20Rolls&viewAll=department&page=,£1.05,£0.39/100g,,,/groceries/en-GB/products/309743539,https://digitalcontent.api.tesco.com/v2/media/ghs/bb04fb08-5d54-4aff-bf92-6dcae901e8fa/846d7913-49d5-4b93-b97f-cec9395a1fc6.jpeg?h=225&w=225,
305836218,Tesco Finest Wholemeal Seeds And Grains Bread 400G,https://www.tesco.com/groceries/en-GB/shop/bakery/all?department=Bread%20%26%20Rolls&viewAll=department&page=,£1.00,£0.25/100g,,,/groceries/en-GB/products/305836218,https://digitalcontent.api.tesco.com/v2/media/ghs/0f88c7de-8c4f-4ed0-84b7-26f9bb11cd69/525f245d-cb00-4146-943f-78afcf0f9c62.jpeg?h=225&w=225,
290819809,Schar Wholesome White Loaf 300G,https://www.tesco.com/groceries/en-GB/shop/bakery/all?department=Bread%20%26%20Rolls&viewAll=department&page=,£2.75,£0.92/100g,,,/groceries/en-GB/products/290819809,https://digitalcontent.api.tesco.com/v2/media/ghs/4ab8713c-2602-4ff1-a845-dfd3f8879f16/932fa3cb-06f7-4c95-a6f2-39087154f7c9_263765913.jpeg?h=225&w=225,
290819746,Schar Wholesome Seeded Loaf 300G,https://www.tesco.com/groceries/en-GB/shop/bakery/all?department=Bread%20%26%20Rolls&viewAll=department&page=,£2.75,£0.92/100g,,,/groceries/en-GB/products/290819746,https://digitalcontent.api.tesco.com/v2/media/ghs/b2e37935-fc2a-4d10-88dd-acde82728b39/5b810de3-5abf-4083-8555-42be8cfe30f9_1751684323.jpeg?h=225&w=225,
272960719,Three Cheese Bread,https://www.tesco.com/groceries/en-GB/shop/bakery/all?department=Bread%20%26%20Rolls&viewAll=department&page=,£1.80,£1.80/each,,,/groceries/en-GB/products/272960719,https://digitalcontent.api.tesco.com/v2/media/ghs/c70124ce-923a-4928-b44c-0320e43d58c3/5099a60a-a9f4-49fc-bef3-b767a48ccf08.jpeg?h=225&w=225,
299384611,Warburtons Artisan Tiger Gluten Free 400G,https://www.tesco.com/groceries/en-GB/shop/bakery/all?department=Bread%20%26%20Rolls&viewAll=department&page=,£3.40,£0.85/100g,,,/groceries/en-GB/products/299384611,https://digitalcontent.api.tesco.com/v2/media/ghs/6f1b5329-b006-479b-a8d4-7316820a4383/6126f077-94e9-4410-b3fa-521590f34491.jpeg?h=225&w=225,
291066839,Genius Gluten Free Triple Seeded Farmhouse Loaf 535G,https://www.tesco.com/groceries/en-GB/shop/bakery/all?department=Bread%20%26%20Rolls&viewAll=department&page=,£3.00,£0.56/100g,,,/groceries/en-GB/products/291066839,https://digitalcontent.api.tesco.com/v2/media/ghs/7cf9bbb2-e460-45ba-9bad-784baf3adf9b/bed251b2-4ddb-4d8a-b2eb-1c750c266a2b.jpeg?h=225&w=225,
253078439,Tiger Bloomer 800G,https://www.tesco.com/groceries/en-GB/shop/bakery/all?department=Bread%20%26%20Rolls&viewAll=department&page=,£1.25,£0.16/100g,,,/groceries/en-GB/products/253078439,https://digitalcontent.api.tesco.com/v2/media/ghs/d193c380-9ff3-4f38-b5e8-75763c5803db/6d048c1f-8ac7-43e7-8d22-3324b0fd8f57.jpeg?h=225&w=225,
308495944,Tesco White Stone Baked Baguette,https://www.tesco.com/groceries/en-GB/shop/bakery/all?department=Bread%20%26%20Rolls&viewAll=department&page=,£1.00,£1.00/each,,,/groceries/en-GB/products/308495944,https://digitalcontent.api.tesco.com/v2/media/ghs/937243a9-e37c-44a1-9e3d-1a5759269b93/ef36b460-0d3c-4919-9a26-52dc10166415.jpeg?h=225&w=225,
301971599,St Pierre 4 Seeded Brioche Burger Buns,https://www.tesco.com/groceries/en-GB/shop/bakery/all?department=Bread%20%26%20Rolls&viewAll=department&page=,£2.50,£0.62/each,,,/groceries/en-GB/products/301971599,https://digitalcontent.api.tesco.com/v2/media/ghs/66990d1a-e15e-4daa-a95b-9aa6514b09ca/1d1a0262-4870-43db-8de3-321ef693b680_1031957802.jpeg?h=225&w=225,
309452769,Tesco Hi Fibre Wholemeal Loaf 800G Sliced,https://www.tesco.com/groceries/en-GB/shop/bakery/all?department=Bread%20%26%20Rolls&viewAll=department&page=,£1.20,£1.20/each,,,/groceries/en-GB/products/309452769,https://digitalcontent.api.tesco.com/v2/media/ghs/2595102f-8f44-4089-98ad-228a0c3d956e/f64b9bd9-b80f-4567-aef5-cc9be4fd1c49.jpeg?h=225&w=225,
306661336,Tesco Ancient Grain Rolls 4 Pack,https://www.tesco.com/groceries/en-GB/shop/bakery/all?department=Bread%20%26%20Rolls&viewAll=department&page=,£1.10,£0.28/each,,,/groceries/en-GB/products/306661336,https://digitalcontent.api.tesco.com/v2/media/ghs/79754b38-4e20-49b6-8afa-5778425e08c5/2080df06-746a-4782-b51e-a9a74b61a4ea.jpeg?h=225&w=225,
276605133,Tesco Free From Sliced White Bread 550G,https://www.tesco.com/groceries/en-GB/shop/bakery/all?department=Bread%20%26%20Rolls&viewAll=department&page=,£1.95,£0.36/100g,,,/groceries/en-GB/products/276605133,https://digitalcontent.api.tesco.com/v2/media/ghs/69c63093-d7fd-4b2f-919e-2b6601ea8190/b30a6869-a260-4b9a-bac5-3d344ddc2e6f.jpeg?h=225&w=225,
299384732,Warburtons White Loaf Gluten Free 300G,https://www.tesco.com/groceries/en-GB/shop/bakery/all?department=Bread%20%26%20Rolls&viewAll=department&page=,£2.00,£0.67/100g,,,/groceries/en-GB/products/299384732,https://digitalcontent.api.tesco.com/v2/media/ghs/ebbe60d7-1e84-4c29-b561-84e1a418d760/87b3e1e0-47f3-4358-9b47-974bfb6e60b8.jpeg?h=225&w=225,
299384571,Warburtons Multiseed Loaf Gluten Free 300G,https://www.tesco.com/groceries/en-GB/shop/bakery/all?department=Bread%20%26%20Rolls&viewAll=department&page=,£2.00,£0.67/100g,,,/groceries/en-GB/products/299384571,https://digitalcontent.api.tesco.com/v2/media/ghs/853678b8-503a-416f-815d-786bd4105ff5/ff8b6d45-e120-4808-b796-7aa6d7c90783.jpeg?h=225&w=225,
302623705,Warburtons White Bistro Brioche Bun 4 Pack,https://www.tesco.com/groceries/en-GB/shop/bakery/all?department=Bread%20%26%20Rolls&viewAll=department&page=,£1.75,£0.44/each,,,/groceries/en-GB/products/302623705,https://digitalcontent.api.tesco.com/v2/media/ghs/3419090a-5f95-422b-95f6-5be2aca76121/fe7c517f-ff9d-4480-97cb-c768a9569aff.jpeg?h=225&w=225,
305946059,Tesco White Crusty Cob Sliced,https://www.tesco.com/groceries/en-GB/shop/bakery/all?department=Bread%20%26%20Rolls&viewAll=department&page=,£0.90,£0.90/each,,,/groceries/en-GB/products/305946059,https://digitalcontent.api.tesco.com/v2/media/ghs/01f6cfe6-7ce2-4643-9130-ed496363c411/c028416c-0a8d-4e7e-8435-bd8462785f8f.jpeg?h=225&w=225,
258178699,Schneiderbrot Vollkornbrot Rye Bread 500G,https://www.tesco.com/groceries/en-GB/shop/bakery/all?department=Bread%20%26%20Rolls&viewAll=department&page=,£1.15,£0.23/100g,,,/groceries/en-GB/products/258178699,https://digitalcontent.api.tesco.com/v2/media/ghs/6e48e858-817a-49c9-bd80-5d534135d4f8/83914dc9-e09d-4ff0-ab15-dea987821a53.jpeg?h=225&w=225,
299999517,Tesco Finest Wholemeal Rolls 4 Pack,https://www.tesco.com/groceries/en-GB/shop/bakery/all?department=Bread%20%26%20Rolls&viewAll=department&page=,£1.20,£0.30/each,,,/groceries/en-GB/products/299999517,https://digitalcontent.api.tesco.com/v2/media/ghs/28a49da6-ce1d-4c45-8a9d-38b4ce3b2cc9/3f2fff71-0d51-409b-9396-7c88ab4a3659.jpeg?h=225&w=225,
268512387,6 Pack Tiger Rolls,https://www.tesco.com/groceries/en-GB/shop/bakery/all?department=Bread%20%26%20Rolls&viewAll=department&page=,£0.80,£0.13/each,,,/groceries/en-GB/products/268512387,https://digitalcontent.api.tesco.com/v2/media/ghs/175d9981-1328-4a12-8919-26555382b4f5/cd59d859-0de0-47ad-aeed-eb19f9cc025f.jpeg?h=225&w=225,
268512370,6 Pack Crusty White Rolls,https://www.tesco.com/groceries/en-GB/shop/bakery/all?department=Bread%20%26%20Rolls&viewAll=department&page=,£0.80,£0.13/each,,,/groceries/en-GB/products/268512370,https://digitalcontent.api.tesco.com/v2/media/ghs/8063f2ab-f37f-41bf-9c96-e64caf304390/4271f904-d3c6-43b3-83ac-5b046e241985.jpeg?h=225&w=225,
303629450,Tesco Finest White Sourdough Loaf 400G,https://www.tesco.com/groceries/en-GB/shop/bakery/all?department=Bread%20%26%20Rolls&viewAll=department&page=,£1.70,£0.42/100g,,,/groceries/en-GB/products/303629450,https://digitalcontent.api.tesco.com/v2/media/ghs/b34a3fd7-bf87-40c7-89e5-3dcc456e1c15/ed2eac7b-7912-4730-8403-18ac3b0480bc.jpeg?h=225&w=225,
303008592,New York Bakery Soft Seeded Bagel Thins 4 Pack,https://www.tesco.com/groceries/en-GB/shop/bakery/all?department=Bread%20%26%20Rolls&viewAll=department&page=,£1.20,£0.30/each,80p Clubcard Price,,/groceries/en-GB/products/303008592,https://digitalcontent.api.tesco.com/v2/media/ghs/4374f360-61f7-4350-8605-1cfe7ae5be0d/64e1484c-517e-4985-b2a2-c6a17d56bc28.jpeg?h=225&w=225,
272782291,Kingsmill 50/50 400G,https://www.tesco.com/groceries/en-GB/shop/bakery/all?department=Bread%20%26%20Rolls&viewAll=department&page=,£1.15,£0.29/100g,,,/groceries/en-GB/products/272782291,https://digitalcontent.api.tesco.com/v2/media/ghs/a5e70067-37d5-45e0-b55d-b1dc2ef3c846/ae7150a8-9f2a-4d3b-8feb-01d9fd975b40.jpeg?h=225&w=225,
290176941,Tesco 2 Pack Panini Rolls,https://www.tesco.com/groceries/en-GB/shop/bakery/all?department=Bread%20%26%20Rolls&viewAll=department&page=,£0.90,£0.45/each,,,/groceries/en-GB/products/290176941,https://digitalcontent.api.tesco.com/v2/media/ghs/e88ad1d1-ff2e-4852-8b34-4ba9205a8335/cfa9b7dd-6f86-4603-983e-7c0a31e0e197.jpeg?h=225&w=225,
254942734,Warburtons Milk Roll Sliced White Bread 400G,https://www.tesco.com/groceries/en-GB/shop/bakery/all?department=Bread%20%26%20Rolls&viewAll=department&page=,£1.15,£0.29/100g,,,/groceries/en-GB/products/254942734,https://digitalcontent.api.tesco.com/v2/media/ghs/9ef2e010-4d63-4715-9648-23fd45026c7b/64c0ced1-2c88-4f06-bd23-174ea8f673b4.jpeg?h=225&w=225,
251818288,Tesco Soft White Hot Dog Rolls 6 Pack,https://www.tesco.com/groceries/en-GB/shop/bakery/all?department=Bread%20%26%20Rolls&viewAll=department&page=,£0.90,£0.15/each,,,/groceries/en-GB/products/251818288,https://digitalcontent.api.tesco.com/v2/media/ghs/16750db1-792a-4c7c-a2e1-dae09cd5b705/96831806-6b33-4212-9d06-251d94d075f5.jpeg?h=225&w=225,
254468973,Tesco Ciabatta,https://www.tesco.com/groceries/en-GB/shop/bakery/all?department=Bread%20%26%20Rolls&viewAll=department&page=,£1.80,£1.80/each,,,/groceries/en-GB/products/254468973,https://digitalcontent.api.tesco.com/v2/media/ghs/335758d4-54b2-4ae4-8684-8adee7270101/bf232e39-aa3b-4599-a485-0a51a3d1ac5f.jpeg?h=225&w=225,
273949444,Genius Gluten Free Soft White Farmhouse 535G,https://www.tesco.com/groceries/en-GB/shop/bakery/all?department=Bread%20%26%20Rolls&viewAll=department&page=,£3.00,£0.56/100g,,,/groceries/en-GB/products/273949444,https://digitalcontent.api.tesco.com/v2/media/ghs/9e0e487e-7483-4ff8-b384-549418f0fe10/6ee5bac3-e57e-4f21-9a1b-54811a176f77.jpeg?h=225&w=225,
291228310,Schar White Ciabatta Rolls Gluten Free 200G,https://www.tesco.com/groceries/en-GB/shop/bakery/all?department=Bread%20%26%20Rolls&viewAll=department&page=,£2.40,£1.20/100g,£2.00 Clubcard Price,,/groceries/en-GB/products/291228310,https://digitalcontent.api.tesco.com/v2/media/ghs/cc36369d-7a0f-49ec-8a8c-6e2fe0832b56/c11c9add-77c2-4ecc-9490-9da7ce1ef44b_1642856083.jpeg?h=225&w=225,
309454139,Heat & Eat Seeded Baguette 3 Pack,https://www.tesco.com/groceries/en-GB/shop/bakery/all?department=Bread%20%26%20Rolls&viewAll=department&page=,£1.20,£0.40/each,,,/groceries/en-GB/products/309454139,https://digitalcontent.api.tesco.com/v2/media/ghs/65325882-4b60-48c3-a205-80fa83052d61/f5cabdb7-cb8a-4cb7-816c-3844545dc9b6_1727106419.jpeg?h=225&w=225,
291228401,Schar Brown Ciabatta Rolls 200G,https://www.tesco.com/groceries/en-GB/shop/bakery/all?department=Bread%20%26%20Rolls&viewAll=department&page=,£2.40,£1.20/100g,£2.00 Clubcard Price,,/groceries/en-GB/products/291228401,https://digitalcontent.api.tesco.com/v2/media/ghs/f095851a-2aef-42e9-815a-febc543a6ff9/8eb37392-d134-4e90-a8b6-8c28e157e38d_301924508.jpeg?h=225&w=225,
291773130,Genius Gluten Free Toastie 500G,https://www.tesco.com/groceries/en-GB/shop/bakery/all?department=Bread%20%26%20Rolls&viewAll=department&page=,£2.95,£0.59/100g,,,/groceries/en-GB/products/291773130,https://digitalcontent.api.tesco.com/v2/media/ghs/0b3711b1-6066-48d8-bdaf-041f9ea78c93/b1dbd0d6-eb3d-41ec-b0ea-220e1ce573d9.jpeg?h=225&w=225,
304795958,New York Bakery Gluten Free Plain Bagels 4 Pack,https://www.tesco.com/groceries/en-GB/shop/bakery/all?department=Bread%20%26%20Rolls&viewAll=department&page=,£2.70,£0.68/each,,,/groceries/en-GB/products/304795958,https://digitalcontent.api.tesco.com/v2/media/ghs/c5d5ef3a-dc46-4461-9aab-582d10661a51/956dfa42-94bc-4e6e-835e-2be2534a0cbb.jpeg?h=225&w=225,
310144528,Warburtons Gluten Free 4 Soft Brioche Rolls,https://www.tesco.com/groceries/en-GB/shop/bakery/all?department=Bread%20%26%20Rolls&viewAll=department&page=,£2.70,£0.68/each,,,/groceries/en-GB/products/310144528,https://digitalcontent.api.tesco.com/v2/media/ghs/ab4a8aa7-cef4-4351-9cf0-0fada04ed9d9/98c4e0a9-b67d-4623-82d5-d15bfc42dad5.jpeg?h=225&w=225,
288355179,Petit Pain 4 Pack,https://www.tesco.com/groceries/en-GB/shop/bakery/all?department=Bread%20%26%20Rolls&viewAll=department&page=,£1.00,£0.25/each,,,/groceries/en-GB/products/288355179,https://digitalcontent.api.tesco.com/v2/media/ghs/04847455-c541-486f-a974-9230a6235775/5f7740a4-fb81-4f24-8bf5-e6a5a8bc2b86.jpeg?h=225&w=225,
258081283,Crusty White Bloomer Sliced 800G,https://www.tesco.com/groceries/en-GB/shop/bakery/all?department=Bread%20%26%20Rolls&viewAll=department&page=,£1.20,£0.15/100g,,,/groceries/en-GB/products/258081283,https://digitalcontent.api.tesco.com/v2/media/ghs/ce9ba39f-db0f-4d4d-8dcf-b7022b1120ac/e087c1ef-d068-42d5-a2d6-7de0239dad2f.jpeg?h=225&w=225,
255809189,White Farmhouse 800G,https://www.tesco.com/groceries/en-GB/shop/bakery/all?department=Bread%20%26%20Rolls&viewAll=department&page=,£1.20,£0.15/100g,,,/groceries/en-GB/products/255809189,https://digitalcontent.api.tesco.com/v2/media/ghs/27b161cc-95d3-4abe-9594-bace8994f85e/65f9efd7-90be-4ce9-bf65-de996a47fa16.jpeg?h=225&w=225,
255809172,Crusty White Sandwich Loaf 800G,https://www.tesco.com/groceries/en-GB/shop/bakery/all?department=Bread%20%26%20Rolls&viewAll=department&page=,£1.20,£0.15/100g,,,/groceries/en-GB/products/255809172,https://digitalcontent.api.tesco.com/v2/media/ghs/5cd30044-9be2-40d6-b016-29cd382b4b9e/43b328d9-9fe4-4b24-a319-b69403ab752c.jpeg?h=225&w=225,
312569725,St Pierre 4 Brioche Bagels,https://www.tesco.com/groceries/en-GB/shop/bakery/all?department=Bread%20%26%20Rolls&viewAll=department&page=,£2.40,£0.60/each,,,/groceries/en-GB/products/312569725,https://digitalcontent.api.tesco.com/v2/media/ghs/e3538dc7-8c3c-42e9-94a7-bd5174aa89a6/ed65943a-baae-4116-b453-9d62fedb9dbf_1132775121.jpeg?h=225&w=225,
258397693,Crusty White Bloomer Sliced 400G,https://www.tesco.com/groceries/en-GB/shop/bakery/all?department=Bread%20%26%20Rolls&viewAll=department&page=,£0.90,£0.22/100g,,,/groceries/en-GB/products/258397693,https://digitalcontent.api.tesco.com/v2/media/ghs/aad9f879-09d1-4cdb-b76c-982f3513df48/0aca3f98-620e-44c1-8457-7638deb685e3.jpeg?h=225&w=225,
309477705,Tesco Hi Fibre Malted Loaf 800G Sliced,https://www.tesco.com/groceries/en-GB/shop/bakery/all?department=Bread%20%26%20Rolls&viewAll=department&page=,£1.20,£1.20/each,,,/groceries/en-GB/products/309477705,https://digitalcontent.api.tesco.com/v2/media/ghs/9e74669f-b89a-469d-b8cb-55934cda58c8/2647c77f-240c-4247-b522-c82463901d08.jpeg?h=225&w=225,
253078451,Tiger Bloomer 400G,https://www.tesco.com/groceries/en-GB/shop/bakery/all?department=Bread%20%26%20Rolls&viewAll=department&page=,£0.95,£0.24/100g,,,/groceries/en-GB/products/253078451,https://digitalcontent.api.tesco.com/v2/media/ghs/5e4d1b21-7bea-40ab-98c2-0f9ca4b29c77/1a48482f-f666-46d5-84cf-b39eeea6c5f3.jpeg?h=225&w=225,
291879298,Dr Schar Panini Rolls 225G,https://www.tesco.com/groceries/en-GB/shop/bakery/all?department=Bread%20%26%20Rolls&viewAll=department&page=,£2.40,£1.07/100g,£2.00 Clubcard Price,,/groceries/en-GB/products/291879298,https://digitalcontent.api.tesco.com/v2/media/ghs/21492cd5-7b7d-4d62-9da0-807bea908a27/9ea518a7-804d-491e-9f1c-4358b5bd27db_865214511.jpeg?h=225&w=225,
281509384,Tesco Free From Brown Bread 550G,https://www.tesco.com/groceries/en-GB/shop/bakery/all?department=Bread%20%26%20Rolls&viewAll=department&page=,£1.95,£0.36/100g,,,/groceries/en-GB/products/281509384,https://digitalcontent.api.tesco.com/v2/media/ghs/08dab3c0-a6e0-4b5b-a94e-a945194a12fe/c51a1ce1-6391-4360-9bd3-08af4dcaa8a0.jpeg?h=225&w=225,
252488704,Crusty White Farmhouse Loaf 400G,https://www.tesco.com/groceries/en-GB/shop/bakery/all?department=Bread%20%26%20Rolls&viewAll=department&page=,£0.90,£0.22/100g,,,/groceries/en-GB/products/252488704,https://digitalcontent.api.tesco.com/v2/media/ghs/356432ab-d4e0-4fe1-9fcd-6cc5b7c49b44/4014f6f4-532f-45d5-9ef0-204dd333a3f1.jpeg?h=225&w=225,
309479398,Tesco Hi Fibre Wholemeal Loaf 400G Sliced,https://www.tesco.com/groceries/en-GB/shop/bakery/all?department=Bread%20%26%20Rolls&viewAll=department&page=,£0.90,£0.90/each,,,/groceries/en-GB/products/309479398,https://digitalcontent.api.tesco.com/v2/media/ghs/4ccc40d9-404d-49e4-be8c-ccfbbf2c3d90/8ac389a8-4a0b-47a5-94d9-26d9c9e0a5d0.jpeg?h=225&w=225,
305838752,Warburtons White Bakers Bloomer 800G,https://www.tesco.com/groceries/en-GB/shop/bakery/all?department=Bread%20%26%20Rolls&viewAll=department&page=,£1.65,£0.21/100g,,,/groceries/en-GB/products/305838752,https://digitalcontent.api.tesco.com/v2/media/ghs/0fd95aa9-8ca1-4fa4-9997-32078c22d703/7b9a7274-39a3-443f-9c4b-126bfd828256.jpeg?h=225&w=225,
296922717,Allinson's Champion Wholemeal Loaf 650G,https://www.tesco.com/groceries/en-GB/shop/bakery/all?department=Bread%20%26%20Rolls&viewAll=department&page=,£1.65,£0.25/100g,£1.40 Clubcard Price,,/groceries/en-GB/products/296922717,https://digitalcontent.api.tesco.com/v2/media/ghs/4a59de63-7dc4-4ada-89c5-11f96b03efce/690b708b-88c2-4001-96ca-eb717747ace6.jpeg?h=225&w=225,
309191759,New York Bakery Wholemeal & Rye Bagel Thins 4 Pack,https://www.tesco.com/groceries/en-GB/shop/bakery/all?department=Bread%20%26%20Rolls&viewAll=department&page=,£1.20,£0.30/each,80p Clubcard Price,,/groceries/en-GB/products/309191759,https://digitalcontent.api.tesco.com/v2/media/ghs/fa387ff8-ee4f-426a-81a9-ad0de1af2b19/77a15aa5-7bb7-4f94-80e3-c2605bc3dcef.jpeg?h=225&w=225,
309464473,Tesco Hi Fibre Seed Loaf 800G Sliced,https://www.tesco.com/groceries/en-GB/shop/bakery/all?department=Bread%20%26%20Rolls&viewAll=department&page=,£1.40,£1.40/each,,,/groceries/en-GB/products/309464473,https://digitalcontent.api.tesco.com/v2/media/ghs/9a30c0ad-9efa-42c3-b5ca-796dc8c3edbc/4f8a6b8f-7c56-4484-b697-3899d2f60f2d.jpeg?h=225&w=225,
257519598,Tesco Original Bagels 5 Pack,https://www.tesco.com/groceries/en-GB/shop/bakery/all?department=Bread%20%26%20Rolls&viewAll=department&page=,£0.95,£0.19/each,,,/groceries/en-GB/products/257519598,https://digitalcontent.api.tesco.com/v2/media/ghs/9ea93f09-b5c7-4faf-9ab8-3fddd9629c97/6ff8e5f4-87e4-45fa-9d3c-bf0a9944ec24.jpeg?h=225&w=225,
299445102,Bfree Demi Baguette 2 Pack 220G,https://www.tesco.com/groceries/en-GB/shop/bakery/all?department=Bread%20%26%20Rolls&viewAll=department&page=,£3.10,£1.41/100g,,,/groceries/en-GB/products/299445102,https://digitalcontent.api.tesco.com/v2/media/ghs/731cbf99-8933-4437-b630-bfb0ce64f32e/8eac5170-9071-4ee7-a23c-a86dbc72a8ea_1502554198.jpeg?h=225&w=225,
302385928,Warburtons White Gluten Free Bread Sourdough 400G,https://www.tesco.com/groceries/en-GB/shop/bakery/all?department=Bread%20%26%20Rolls&viewAll=department&page=,£3.40,£0.85/100g,,,/groceries/en-GB/products/302385928,https://digitalcontent.api.tesco.com/v2/media/ghs/7cde6565-c823-4ae3-9d99-7859be839cd7/96131077-327b-4406-a05f-5add78bc4752.jpeg?h=225&w=225,
308495760,Genius Gut Lovin Tiger Bloomer Loaf 400G,https://www.tesco.com/groceries/en-GB/shop/bakery/all?department=Bread%20%26%20Rolls&viewAll=department&page=,£3.30,£0.82/100g,,,/groceries/en-GB/products/308495760,https://digitalcontent.api.tesco.com/v2/media/ghs/82f7b6c4-5eb9-418c-92e2-1badf3358726/3b96918f-19b7-4931-88aa-d4b5ca17c972.jpeg?h=225&w=225,
273942054,Genius Gluten Free Soft Brown Farmhouse 535G,https://www.tesco.com/groceries/en-GB/shop/bakery/all?department=Bread%20%26%20Rolls&viewAll=department&page=,£3.00,£0.56/100g,,,/groceries/en-GB/products/273942054,https://digitalcontent.api.tesco.com/v2/media/ghs/9e0d7daf-d37e-4abe-ae6a-be77530744d9/70c86fef-5d99-4a6b-a99e-5e326df06e50.jpeg?h=225&w=225,
293673002,Schar Wholesome Vitality Loaf Gluten Free 350G,https://www.tesco.com/groceries/en-GB/shop/bakery/all?department=Bread%20%26%20Rolls&viewAll=department&page=,£3.00,£0.86/100g,,,/groceries/en-GB/products/293673002,https://digitalcontent.api.tesco.com/v2/media/ghs/478dffb4-af18-4536-b83c-c9fceae8f315/33a622bd-536e-42f6-b2a6-fc7fbdf2d415_1232911738.jpeg?h=225&w=225,
282073090,Genius Gluten Free Spicy Fruit Loaf 400G,https://www.tesco.com/groceries/en-GB/shop/bakery/all?department=Bread%20%26%20Rolls&viewAll=department&page=,£2.70,£0.68/100g,£2.40 Clubcard Price,,/groceries/en-GB/products/282073090,https://digitalcontent.api.tesco.com/v2/media/ghs/3e0198d0-e801-43a2-9c33-61318626badf/1dc37272-216c-4e18-a41d-7777bca93e7f.jpeg?h=225&w=225,
309474189,Tesco Seeded Multigrain Bloomer,https://www.tesco.com/groceries/en-GB/shop/bakery/all?department=Bread%20%26%20Rolls&viewAll=department&page=,£1.80,£1.80/each,,,/groceries/en-GB/products/309474189,https://digitalcontent.api.tesco.com/v2/media/ghs/41fcf8e5-e7bd-47d4-9906-5c6afa97d1f6/22b9a94b-9852-4fa5-af33-40dd76341106.jpeg?h=225&w=225,
308477851,Tesco Seeded Stone Baked Baguette,https://www.tesco.com/groceries/en-GB/shop/bakery/all?department=Bread%20%26%20Rolls&viewAll=department&page=,£1.00,£1.00/each,,,/groceries/en-GB/products/308477851,https://digitalcontent.api.tesco.com/v2/media/ghs/838a0879-ef9d-4967-b377-114f8d9af602/b6ff9d76-0f68-4fb3-9a41-53ff7b2b353d.jpeg?h=225&w=225,
312342089,Hovis Home Bake Rustic White Rolls 4 Pack,https://www.tesco.com/groceries/en-GB/shop/bakery/all?department=Bread%20%26%20Rolls&viewAll=department&page=,£1.80,£0.45/each,,,/groceries/en-GB/products/312342089,https://digitalcontent.api.tesco.com/v2/media/ghs/f4377a30-8ad5-40bf-9d30-f5121ca70a33/2783f113-4669-4274-b36e-02a05096f0b2_621617955.jpeg?h=225&w=225,
312353502,Hovis Home Bake Rustic Seeded Rolls 4 Pack,https://www.tesco.com/groceries/en-GB/shop/bakery/all?department=Bread%20%26%20Rolls&viewAll=department&page=,£1.80,£0.45/each,,,/groceries/en-GB/products/312353502,https://digitalcontent.api.tesco.com/v2/media/ghs/2564eb33-cd64-4b2c-b48f-c986a8c3e262/c5aa4fca-19f2-4fd1-b812-00021ef00f1d_1112631990.jpeg?h=225&w=225,
268870215,Schar Sweet Brioche Rolls 200G,https://www.tesco.com/groceries/en-GB/shop/bakery/all?department=Bread%20%26%20Rolls&viewAll=department&page=,£2.40,£1.20/100g,£2.00 Clubcard Price,,/groceries/en-GB/products/268870215,https://digitalcontent.api.tesco.com/v2/media/ghs/c23f195f-521c-459e-9353-a6aa8328e586/315b985d-003c-4a1e-8759-fc80a6955bb0_2040826911.jpeg?h=225&w=225,
268530152,Genius Multiseed Rolls 4 Pack,https://www.tesco.com/groceries/en-GB/shop/bakery/all?department=Bread%20%26%20Rolls&viewAll=department&page=,£2.20,£0.55/each,,,/groceries/en-GB/products/268530152,https://digitalcontent.api.tesco.com/v2/media/ghs/093c0b2f-e2de-41aa-91d6-b6ca1e439d83/616912e8-af7c-4dd0-b392-febe81e07750.jpeg?h=225&w=225,
255809143,Crusty White Split Tin 800G,https://www.tesco.com/groceries/en-GB/shop/bakery/all?department=Bread%20%26%20Rolls&viewAll=department&page=,£1.20,£0.15/100g,,,/groceries/en-GB/products/255809143,https://digitalcontent.api.tesco.com/v2/media/ghs/0bb8458d-a293-4b48-83b3-560fa7644f8b/493edea9-109b-4ceb-b4ad-41d72dfd884f.jpeg?h=225&w=225,
255809114,Crusty White Bloomer 800G,https://www.tesco.com/groceries/en-GB/shop/bakery/all?department=Bread%20%26%20Rolls&viewAll=department&page=,£1.20,£0.15/100g,,,/groceries/en-GB/products/255809114,https://digitalcontent.api.tesco.com/v2/media/ghs/dab4e37b-09b0-42d0-99e7-0c951164b70e/8001d8d3-6cec-435d-9e9c-cdc209e5047a.jpeg?h=225&w=225,
255809310,Crusty White Split Tin Sliced 800G,https://www.tesco.com/groceries/en-GB/shop/bakery/all?department=Bread%20%26%20Rolls&viewAll=department&page=,£1.20,£0.15/100g,,,/groceries/en-GB/products/255809310,https://digitalcontent.api.tesco.com/v2/media/ghs/9d07f2b4-c25c-4830-8e06-50a0d03faebf/08605ce6-365d-4fe4-8445-6172130a5ea2.jpeg?h=225&w=225,
294006930,Tesco Free From White Rolls 4 Pack,https://www.tesco.com/groceries/en-GB/shop/bakery/all?department=Bread%20%26%20Rolls&viewAll=department&page=,£1.75,£0.44/each,,,/groceries/en-GB/products/294006930,https://digitalcontent.api.tesco.com/v2/media/ghs/d6d86888-3f99-4402-8123-608c192289b9/351bebd9-5f16-401c-b7a7-9698cc9097ee.jpeg?h=225&w=225,
303670036,St Pierre 4 Soft Brioche Baguettes,https://www.tesco.com/groceries/en-GB/shop/bakery/all?department=Bread%20%26%20Rolls&viewAll=department&page=,£2.10,£0.52/each,,,/groceries/en-GB/products/303670036,https://digitalcontent.api.tesco.com/v2/media/ghs/fc3c2cdf-97b2-4493-b4db-4cdc5e804256/9e116fee-73c4-432d-9205-7dbf7414f316_658195071.jpeg?h=225&w=225,
305958108,Tesco Finest Olive Ciabatta 270G,https://www.tesco.com/groceries/en-GB/shop/bakery/all?department=Bread%20%26%20Rolls&viewAll=department&page=,£1.70,£0.63/100g,,,/groceries/en-GB/products/305958108,https://digitalcontent.api.tesco.com/v2/media/ghs/8cff52dc-0aab-4c1f-a433-d659b9bbc764/131aebe3-eaa4-4685-9a91-3f5c93ee391f.jpeg?h=225&w=225,
301810791,Genius Gluten Free Brioche Burger Buns 2 Pack,https://www.tesco.com/groceries/en-GB/shop/bakery/all?department=Bread%20%26%20Rolls&viewAll=department&page=,£1.85,£0.62/each,£1.20 Clubcard Price,,/groceries/en-GB/products/301810791,https://digitalcontent.api.tesco.com/v2/media/ghs/2cab071c-5c36-4f2e-9ab1-dee00a8c53aa/10a425ea-7747-4d8e-83c8-b6ed46aa60ca_91433647.jpeg?h=225&w=225,
310664917,Tesco Finest 2 Flame Baked Flatbreads,https://www.tesco.com/groceries/en-GB/shop/bakery/all?department=Bread%20%26%20Rolls&viewAll=department&page=,£1.50,£0.75/each,,,/groceries/en-GB/products/310664917,https://digitalcontent.api.tesco.com/v2/media/ghs/0337b957-fd6d-46f5-a12e-ba6ec6bd9151/d08d0a03-e3d9-4057-9130-d4a4645b1ea7.jpeg?h=225&w=225,
265412994,The Polish Bakery Half Wheat Half Rye Bread 900G,https://www.tesco.com/groceries/en-GB/shop/bakery/all?department=Bread%20%26%20Rolls&viewAll=department&page=,£1.50,£0.17/100g,,,/groceries/en-GB/products/265412994,https://digitalcontent.api.tesco.com/v2/media/ghs/d609f7e2-6b68-4365-9234-1ae2aa0d748a/a6cdaa46-4285-46fa-bd27-b06b7de911d2.jpeg?h=225&w=225,
305961904,Tesco White Crusty Cob,https://www.tesco.com/groceries/en-GB/shop/bakery/all?department=Bread%20%26%20Rolls&viewAll=department&page=,£0.90,£0.90/each,,,/groceries/en-GB/products/305961904,https://digitalcontent.api.tesco.com/v2/media/ghs/4e7c3cf3-f92c-487d-99bf-0556e65d5130/86fef4da-def8-462e-9c0a-4c56c8d479c4.jpeg?h=225&w=225,
255809195,Crusty White Bloomer 400G,https://www.tesco.com/groceries/en-GB/shop/bakery/all?department=Bread%20%26%20Rolls&viewAll=department&page=,£0.90,£0.22/100g,,,/groceries/en-GB/products/255809195,https://digitalcontent.api.tesco.com/v2/media/ghs/cfeb9ab3-e2ae-4422-8b03-921992b905ca/e5ec0b78-aea1-4be9-a629-893e2f00294b.jpeg?h=225&w=225,
309789289,Tesco 4 Rosemary & Sea Salt Focaccia 200G,https://www.tesco.com/groceries/en-GB/shop/bakery/all?department=Bread%20%26%20Rolls&viewAll=department&page=,£1.25,£0.62/100g,,,/groceries/en-GB/products/309789289,https://digitalcontent.api.tesco.com/v2/media/ghs/e06b8280-866d-4f4f-bebd-0be506445a36/687762c3-980b-4550-af4b-9a63ccc596ef.jpeg?h=225&w=225,
311269978,Hovis Granary Sliced Bread 450G,https://www.tesco.com/groceries/en-GB/shop/bakery/all?department=Bread%20%26%20Rolls&viewAll=department&page=,£1.70,£0.38/100g,,,/groceries/en-GB/products/311269978,https://digitalcontent.api.tesco.com/v2/media/ghs/736efaea-e163-43c3-9e4a-8eee06ed8f87/f765a650-6233-4dec-bf04-681dca1db535.jpeg?h=225&w=225,
308112736,Hovis Seeded Bread 450G,https://www.tesco.com/groceries/en-GB/shop/bakery/all?department=Bread%20%26%20Rolls&viewAll=department&page=,£1.70,£0.38/100g,,,/groceries/en-GB/products/308112736,https://digitalcontent.api.tesco.com/v2/media/ghs/a7c36c9e-fdbd-4d29-8e81-b48a46ade301/fb55cfed-1fb2-41bf-baae-e96243a30360.jpeg?h=225&w=225,
309454698,Tesco Hi Fibre Malted Loaf 400G Sliced,https://www.tesco.com/groceries/en-GB/shop/bakery/all?department=Bread%20%26%20Rolls&viewAll=department&page=,£0.90,£0.90/each,,,/groceries/en-GB/products/309454698,https://digitalcontent.api.tesco.com/v2/media/ghs/79ace2da-a098-40a5-9157-f94cd7187909/7455e483-ecb3-4014-aa11-5862cc04eec4.jpeg?h=225&w=225,
309766029,Irwin's Together Brown Soda Bread 400G,https://www.tesco.com/groceries/en-GB/shop/bakery/all?department=Bread%20%26%20Rolls&viewAll=department&page=,£1.60,£0.40/100g,,,/groceries/en-GB/products/309766029,https://digitalcontent.api.tesco.com/v2/media/ghs/e2df512e-30a9-4436-b3a8-534265a820f8/d9ae2125-cea0-4e7a-8f91-aedba8fdb0b6.jpeg?h=225&w=225,
296922730,Allinson's Signature Seeded Loaf 650G,https://www.tesco.com/groceries/en-GB/shop/bakery/all?department=Bread%20%26%20Rolls&viewAll=department&page=,£1.65,£0.25/100g,£1.40 Clubcard Price,,/groceries/en-GB/products/296922730,https://digitalcontent.api.tesco.com/v2/media/ghs/c95b3711-0691-49cd-8d27-3c9c20a2b103/5e4a0e3e-3f81-47b7-8f58-6348702eed78.jpeg?h=225&w=225,
307156956,Slooow Stone Oven Baguette White 250G,https://www.tesco.com/groceries/en-GB/shop/bakery/all?department=Bread%20%26%20Rolls&viewAll=department&page=,£1.60,£0.64/100g,,,/groceries/en-GB/products/307156956,https://digitalcontent.api.tesco.com/v2/media/ghs/fc6298b4-71b4-4b20-9501-599e4f103008/fe5de577-5d95-4330-be0a-d0535010e61e_1291228458.jpeg?h=225&w=225,
308497752,Tesco 12 Sliced White Rolls,https://www.tesco.com/groceries/en-GB/shop/bakery/all?department=Bread%20%26%20Rolls&viewAll=department&page=,£1.00,£0.08/each,,,/groceries/en-GB/products/308497752,https://digitalcontent.api.tesco.com/v2/media/ghs/4f9bbc13-c1c0-44f0-ad24-a9a816a3c8da/1a751860-9510-414a-ad29-1e141fe645b6.jpeg?h=225&w=225,
306932863,Slooow Crispy Rustic Rolls With Honey 360G,https://www.tesco.com/groceries/en-GB/shop/bakery/all?department=Bread%20%26%20Rolls&viewAll=department&page=,£2.30,£0.64/100g,,,/groceries/en-GB/products/306932863,https://digitalcontent.api.tesco.com/v2/media/ghs/422a1e0d-411a-4ace-84c5-9658e3745c8a/6fc66f87-5cc1-46bb-bc07-cc5e56fd0b0f_1459547926.jpeg?h=225&w=225,
310176283,"Tesco Spelt, Sunflower & Honey Bloomer",https://www.tesco.com/groceries/en-GB/shop/bakery/all?department=Bread%20%26%20Rolls&viewAll=department&page=,£1.80,£1.80/each,,,/groceries/en-GB/products/310176283,https://digitalcontent.api.tesco.com/v2/media/ghs/aa8d21de-412d-4790-a741-ecc24c49542e/55094c6d-78ca-4981-be2c-df95a2e82430.jpeg?h=225&w=225,
281684128,Tesco Jalapeno Chilli & Three Cheese Bloomer,https://www.tesco.com/groceries/en-GB/shop/bakery/all?department=Bread%20%26%20Rolls&viewAll=department&page=,£1.80,£1.80/each,,,/groceries/en-GB/products/281684128,https://digitalcontent.api.tesco.com/v2/media/ghs/44700c22-58a7-4640-83b6-85e4c4e67f22/ac7358c1-9858-4a86-8ed1-4969e8fd01eb.jpeg?h=225&w=225,
307152724,Tesco Finest Free From Tiger Bread 400G,https://www.tesco.com/groceries/en-GB/shop/bakery/all?department=Bread%20%26%20Rolls&viewAll=department&page=,£2.90,£0.72/100g,,,/groceries/en-GB/products/307152724,https://digitalcontent.api.tesco.com/v2/media/ghs/a686c0f9-3002-4d26-b1ec-ac514d86e959/3ab6af92-182c-409d-9218-d1a605bd8ac1.jpeg?h=225&w=225,
274049483,Bfree Brown Seeded Bloomer High Fibre 400G,https://www.tesco.com/groceries/en-GB/shop/bakery/all?department=Bread%20%26%20Rolls&viewAll=department&page=,£3.15,£0.79/100g,,,/groceries/en-GB/products/274049483,https://digitalcontent.api.tesco.com/v2/media/ghs/159aae68-20f7-4083-8742-351c91d87e59/eb47fd95-6bd9-4f07-b7fb-35727847738c.jpeg?h=225&w=225,
297747347,Juvela Gluten Free Fresh White Loaf 400G,https://www.tesco.com/groceries/en-GB/shop/bakery/all?department=Bread%20%26%20Rolls&viewAll=department&page=,£2.95,£0.74/100g,,,/groceries/en-GB/products/297747347,https://digitalcontent.api.tesco.com/v2/media/ghs/5c780882-62fd-414e-89af-e732e0de72da/2c8e691b-533a-46d0-a7b7-826a8d9a8ff0.jpeg?h=225&w=225,
305833728,Tesco Limited Edition Rye & Sprouted Grain Bloomer,https://www.tesco.com/groceries/en-GB/shop/bakery/all?department=Bread%20%26%20Rolls&viewAll=department&page=,£1.95,£1.95/each,,,/groceries/en-GB/products/305833728,https://digitalcontent.api.tesco.com/v2/media/ghs/1e0dfbbd-4f35-461e-9f4c-12365ab8174d/fb7e6079-fca6-4cc8-98fc-028902ed1091.jpeg?h=225&w=225,
304783575,Tesco Free From 4 Hot Dog Rolls,https://www.tesco.com/groceries/en-GB/shop/bakery/all?department=Bread%20%26%20Rolls&viewAll=department&page=,£2.25,£0.56/each,,,/groceries/en-GB/products/304783575,https://digitalcontent.api.tesco.com/v2/media/ghs/1475aced-949e-4ae3-a2f9-a53878b7768b/db8f65c3-1826-4226-8b87-16238e2b8a44.jpeg?h=225&w=225,
309779256,Tesco Hi Fibre Wholemeal Loaf 400G,https://www.tesco.com/groceries/en-GB/shop/bakery/all?department=Bread%20%26%20Rolls&viewAll=department&page=,£0.90,£0.90/each,,,/groceries/en-GB/products/309779256,https://digitalcontent.api.tesco.com/v2/media/ghs/9867399c-84fa-4622-b62e-2ee5dfeffd5c/abdb4b19-6bde-4778-879f-e524bb38259b.jpeg?h=225&w=225,
309209499,Tesco Hi Fibre Malted Loaf 800G,https://www.tesco.com/groceries/en-GB/shop/bakery/all?department=Bread%20%26%20Rolls&viewAll=department&page=,£1.20,£1.20/each,,,/groceries/en-GB/products/309209499,https://digitalcontent.api.tesco.com/v2/media/ghs/dddf0c33-71a3-444b-ad9e-847a0f6db152/0f38b05b-df48-4dd6-b3f4-0dadfd32a252.jpeg?h=225&w=225,
309449699,Tesco Hi Fibre Wholemeal Loaf 800G,https://www.tesco.com/groceries/en-GB/shop/bakery/all?department=Bread%20%26%20Rolls&viewAll=department&page=,£1.20,£1.20/each,,,/groceries/en-GB/products/309449699,https://digitalcontent.api.tesco.com/v2/media/ghs/3b04241a-2c63-41de-b91e-81874c14d0df/d6c2ab8c-e50e-4ce4-9871-9c5ab8c1e4c6.jpeg?h=225&w=225,
305946468,Hovis Wholemeal Loaf,https://www.tesco.com/groceries/en-GB/shop/bakery/all?department=Bread%20%26%20Rolls&viewAll=department&page=,£1.10,£1.10/each,,,/groceries/en-GB/products/305946468,https://digitalcontent.api.tesco.com/v2/media/ghs/d57eaef7-e687-453b-af9f-ee249d2892f8/f04ba4c0-e748-4e36-9aee-80697d9e4253.jpeg?h=225&w=225,
309455645,Tesco Traditional Wheaten Bread 440G,https://www.tesco.com/groceries/en-GB/shop/bakery/all?department=Bread%20%26%20Rolls&viewAll=department&page=,£1.10,£1.10/each,,,/groceries/en-GB/products/309455645,https://digitalcontent.api.tesco.com/v2/media/ghs-mktg/b0b04216-fa73-466d-a9d7-c9fcfa1ce9b3/no-image.jpeg,
296844942,Polish Bakery Highlander Bread Sourdough 800G,https://www.tesco.com/groceries/en-GB/shop/bakery/all?department=Bread%20%26%20Rolls&viewAll=department&page=,£1.60,£0.20/100g,,,/groceries/en-GB/products/296844942,https://digitalcontent.api.tesco.com/v2/media/ghs/174f5ef0-f179-407d-9049-a97b45f1b888/fff41b1d-7dcd-4004-812f-5f3d07159fb7.jpeg?h=225&w=225,
308091955,Hovis White Bread 450G,https://www.tesco.com/groceries/en-GB/shop/bakery/all?department=Bread%20%26%20Rolls&viewAll=department&page=,£1.70,£0.38/100g,,,/groceries/en-GB/products/308091955,https://digitalcontent.api.tesco.com/v2/media/ghs/08544b4e-5a27-432a-afe0-d2e89623cedc/ab9fa63d-a8df-4221-be46-2cf0884ac5ce.jpeg?h=225&w=225,
267661977,The Polish Bakery Granny's Sesame Seed Bread 400G,https://www.tesco.com/groceries/en-GB/shop/bakery/all?department=Bread%20%26%20Rolls&viewAll=department&page=,£1.45,£0.36/100g,,,/groceries/en-GB/products/267661977,https://digitalcontent.api.tesco.com/v2/media/ghs/f1b6a550-7f80-4069-a8f2-829e511bc596/708b8b1b-c216-4972-9d15-5b99af806ac6.jpeg?h=225&w=225,
311675710,Tesco All Butter Cheddar Cheese Twist,https://www.tesco.com/groceries/en-GB/shop/bakery/all?department=Bread%20%26%20Rolls&viewAll=department&page=,£1.00,£1.00/each,,,/groceries/en-GB/products/311675710,https://digitalcontent.api.tesco.com/v2/media/ghs-mktg/b0b04216-fa73-466d-a9d7-c9fcfa1ce9b3/no-image.jpeg,
309477072,Tesco Hi Fibre Malted Loaf 400G,https://www.tesco.com/groceries/en-GB/shop/bakery/all?department=Bread%20%26%20Rolls&viewAll=department&page=,£0.90,£0.90/each,,,/groceries/en-GB/products/309477072,https://digitalcontent.api.tesco.com/v2/media/ghs/a88d222c-0204-48e4-b097-6a14f56c01c6/09950c0c-aaaa-4dcd-9897-5c4eb9f806a3.jpeg?h=225&w=225,
294006918,Tesco Free From Brown Seeded Rolls 4 Pack,https://www.tesco.com/groceries/en-GB/shop/bakery/all?department=Bread%20%26%20Rolls&viewAll=department&page=,£1.75,£0.44/each,,,/groceries/en-GB/products/294006918,https://digitalcontent.api.tesco.com/v2/media/ghs/0519eaf9-47b0-4517-98e9-e1ed1ce0c159/fcecf8fa-12ab-4698-96de-0be0def7365e.jpeg?h=225&w=225,
310124126,Tesco Six Seeds & Grains Boule,https://www.tesco.com/groceries/en-GB/shop/bakery/all?department=Bread%20%26%20Rolls&viewAll=department&page=,£1.60,£1.60/each,,,/groceries/en-GB/products/310124126,https://digitalcontent.api.tesco.com/v2/media/ghs/9c0218dd-86c4-48f4-9716-3c17d3460f95/469f31eb-bfda-4739-9dd8-d446266e76b6.jpeg?h=225&w=225,
265412971,The Polish Bakery Half Wheat Half Rye Bread 400G,https://www.tesco.com/groceries/en-GB/shop/bakery/all?department=Bread%20%26%20Rolls&viewAll=department&page=,£1.20,£0.30/100g,,,/groceries/en-GB/products/265412971,https://digitalcontent.api.tesco.com/v2/media/ghs/6d217ae3-d565-4b2f-96eb-407932fa7206/d3a62c1e-0b24-43e4-9d13-231300e84ef0.jpeg?h=225&w=225,
311265487,Warburtons The Big 21 Grains & Seeds 700G,https://www.tesco.com/groceries/en-GB/shop/bakery/all?department=Bread%20%26%20Rolls&viewAll=department&page=,£1.95,£0.28/100g,£1.50 Clubcard Price,,/groceries/en-GB/products/311265487,https://digitalcontent.api.tesco.com/v2/media/ghs/fa7453cd-afd7-43bb-872e-f0a589a677be/cceeb63c-47e3-4837-91f3-b907fe94efbc.jpeg?h=225&w=225,
267662037,The Polish Bakery Sweet Cheese Bun,https://www.tesco.com/groceries/en-GB/shop/bakery/all?department=Bread%20%26%20Rolls&viewAll=department&page=,£1.10,£0.58/100g,,,/groceries/en-GB/products/267662037,https://digitalcontent.api.tesco.com/v2/media/ghs/b0cc0b1d-ba0f-4db5-9862-6316f7e488b6/8ccd428e-32c3-4ae9-b7c3-c28475d4bb11.jpeg?h=225&w=225,
309459860,Tesco Hi Fibre Seed Loaf 800G,https://www.tesco.com/groceries/en-GB/shop/bakery/all?department=Bread%20%26%20Rolls&viewAll=department&page=,£1.40,£1.40/each,,,/groceries/en-GB/products/309459860,https://digitalcontent.api.tesco.com/v2/media/ghs-mktg/b0b04216-fa73-466d-a9d7-c9fcfa1ce9b3/no-image.jpeg,
267662020,The Polish Bakery Brown Bread 400G,https://www.tesco.com/groceries/en-GB/shop/bakery/all?department=Bread%20%26%20Rolls&viewAll=department&page=,£0.80,£0.20/100g,,,/groceries/en-GB/products/267662020,https://digitalcontent.api.tesco.com/v2/media/ghs/a9cf62b1-97a6-4516-9f80-9ac6e198e2d8/ed0c9628-2270-4aef-861f-1bf2c6270fb2.jpeg?h=225&w=225,
312573011,Kingsmill Malted Bloomer 700G,https://www.tesco.com/groceries/en-GB/shop/bakery/all?department=Bread%20%26%20Rolls&viewAll=department&page=,£1.60,£0.23/100g,,,/groceries/en-GB/products/312573011,https://digitalcontent.api.tesco.com/v2/media/ghs/485e593a-e903-40c2-9bc0-cf0472b9fd6f/f33a083f-4d61-48f6-9744-c4e4445fbe97.jpeg?h=225&w=225,
312109326,Tesco Finest Sundried Tomato & Oregano Bread 400G,https://www.tesco.com/groceries/en-GB/shop/bakery/all?department=Bread%20%26%20Rolls&viewAll=department&page=,£1.70,£0.42/100g,,,/groceries/en-GB/products/312109326,https://digitalcontent.api.tesco.com/v2/media/ghs/e24dc7a9-4bc8-43dc-a1c1-263c3aea4357/e54719e0-161e-426a-95b9-a6cb3b1b96ba.jpeg?h=225&w=225,
312350966,Allinson's Heat & Eat Wholemeal & Rye 4 Rolls,https://www.tesco.com/groceries/en-GB/shop/bakery/all?department=Bread%20%26%20Rolls&viewAll=department&page=,£1.75,£0.44/each,,,/groceries/en-GB/products/312350966,https://digitalcontent.api.tesco.com/v2/media/ghs/18e8d3b5-3c8e-4c8e-b9db-7fe8d0db028a/63ea1150-ad20-4a1a-b9b6-5a7840ab812e.jpeg?h=225&w=225,
308478994,Bfree High Protein Wraps 4X42g,https://www.tesco.com/groceries/en-GB/shop/bakery/all?department=Wraps%2C%20Pittas%2C%20Naan%20%26%20Thins&viewAll=department&page=,£3.80,£2.27/100g,,,/groceries/en-GB/products/308478994,https://digitalcontent.api.tesco.com/v2/media/ghs/5afa8268-03f7-4f83-a188-d9a3f7d5687b/c5e50c4e-e642-4869-aa2e-5dfe215fbc0b_1306400329.jpeg?h=225&w=225,
252109688,Tesco Garlic & Parsley Flatbread 210G,https://www.tesco.com/groceries/en-GB/shop/bakery/all?department=Wraps%2C%20Pittas%2C%20Naan%20%26%20Thins&viewAll=department&page=,£1.85,£0.88/100g,,,/groceries/en-GB/products/252109688,https://digitalcontent.api.tesco.com/v2/media/ghs/f4bc53b1-1376-4b1f-afff-2553f8d6f902/fa93a5ba-3f8f-479a-8f4b-7e81500705d8.jpeg?h=225&w=225,
301227329,Old El Paso 6 Regular Gluten Free Tortilla 216G,https://www.tesco.com/groceries/en-GB/shop/bakery/all?department=Wraps%2C%20Pittas%2C%20Naan%20%26%20Thins&viewAll=department&page=,£3.00,£1.39/100g,,,/groceries/en-GB/products/301227329,https://digitalcontent.api.tesco.com/v2/media/ghs/19273174-fb5c-4563-bdb6-7b44d2316092/30076759-3bf7-4351-b8dc-370b2b71b877_1152174815.jpeg?h=225&w=225,
301767513,Warburtons Gluten Free White Wraps 4 Pack,https://www.tesco.com/groceries/en-GB/shop/bakery/all?department=Wraps%2C%20Pittas%2C%20Naan%20%26%20Thins&viewAll=department&page=,£2.70,£0.68/each,,,/groceries/en-GB/products/301767513,https://digitalcontent.api.tesco.com/v2/media/ghs/a7f3db35-30a2-4cd0-91ba-236e7f6715a1/949360de-3b07-4d19-823b-66c535c3d0b2.jpeg?h=225&w=225,
252109642,Tesco Cheese & Tomato Flatbread 225G,https://www.tesco.com/groceries/en-GB/shop/bakery/all?department=Wraps%2C%20Pittas%2C%20Naan%20%26%20Thins&viewAll=department&page=,£1.85,£0.82/100g,,,/groceries/en-GB/products/252109642,https://digitalcontent.api.tesco.com/v2/media/ghs/f060d106-423c-4da6-8122-b8acbdd1435f/e184d377-c514-482d-93a3-998ebdd71d51.jpeg?h=225&w=225,
256209483,Old El Paso Large Super Soft Flour Tortillas 6 Pack 350G,https://www.tesco.com/groceries/en-GB/shop/bakery/all?department=Wraps%2C%20Pittas%2C%20Naan%20%26%20Thins&viewAll=department&page=,£2.10,£0.60/100g,,,/groceries/en-GB/products/256209483,https://digitalcontent.api.tesco.com/v2/media/ghs/65d47585-50d9-491c-9327-3062262b4d28/910de08a-ef8d-4868-867f-b33fc50ace08.jpeg?h=225&w=225,
291243774,Bfree Stone Baked Pitta Bread 220G,https://www.tesco.com/groceries/en-GB/shop/bakery/all?department=Wraps%2C%20Pittas%2C%20Naan%20%26%20Thins&viewAll=department&page=,£2.75,£1.25/100g,£2.30 Clubcard Price,,/groceries/en-GB/products/291243774,https://digitalcontent.api.tesco.com/v2/media/ghs/602b65e1-5fd9-4b8f-960d-ebdda6e0c954/fc49c522-6728-484a-a8f0-3679e9f766e5_407055653.jpeg?h=225&w=225,
300644286,Warburton 4 Protein Thin Bagels,https://www.tesco.com/groceries/en-GB/shop/bakery/all?department=Wraps%2C%20Pittas%2C%20Naan%20%26%20Thins&viewAll=department&page=,£1.65,£0.41/each,,,/groceries/en-GB/products/300644286,https://digitalcontent.api.tesco.com/v2/media/ghs/b0563e1f-1906-4a76-bde8-eea3be6c0677/83be8c22-3630-4720-a7c9-2f04a533fe33.jpeg?h=225&w=225,
305525978,Deli Kitchen 4 Sliced Focaccia 360G,https://www.tesco.com/groceries/en-GB/shop/bakery/all?department=Wraps%2C%20Pittas%2C%20Naan%20%26%20Thins&viewAll=department&page=,£1.75,£0.49/100g,,,/groceries/en-GB/products/305525978,https://digitalcontent.api.tesco.com/v2/media/ghs/4855f696-280c-431a-a365-3f1d4f03824d/e4d081d2-d857-4fd8-9e82-2b5b74d2b363.jpeg?h=225&w=225,
305733449,Clay Oven Bakery 2 Garlic & Coriander Naan Bread 360G,https://www.tesco.com/groceries/en-GB/shop/bakery/all?department=Wraps%2C%20Pittas%2C%20Naan%20%26%20Thins&viewAll=department&page=,£1.60,£0.44/100g,,,/groceries/en-GB/products/305733449,https://digitalcontent.api.tesco.com/v2/media/ghs/e31bca1e-1691-4903-a0b3-bf1f274aea84/15050cab-0c82-4f4a-8406-44c270eddc19.jpeg?h=225&w=225,
306798939,Clay Oven Bakery 2 Plain Naan Breads 360G,https://www.tesco.com/groceries/en-GB/shop/bakery/all?department=Wraps%2C%20Pittas%2C%20Naan%20%26%20Thins&viewAll=department&page=,£1.60,£0.44/100g,,,/groceries/en-GB/products/306798939,https://digitalcontent.api.tesco.com/v2/media/ghs/b1d5189d-4c30-4b7e-b88c-29c0dae8fe18/e95a24b3-1fed-4c6c-b708-3de9d83948e4.jpeg?h=225&w=225,
312707125,Patak's 4 Flame Baked Mini Naan Breads,https://www.tesco.com/groceries/en-GB/shop/bakery/all?department=Wraps%2C%20Pittas%2C%20Naan%20%26%20Thins&viewAll=department&page=,£1.85,£0.46/each,,New,/groceries/en-GB/products/312707125,https://digitalcontent.api.tesco.com/v2/media/ghs/45f59639-4c7a-4c03-af9b-9da31d81805d/380e7f95-1b9a-4f4b-878d-3c4d46a3822c_1877456569.jpeg?h=225&w=225,
305836662,Mission Deli Wheat & White Wraps 6 Pack 367G,https://www.tesco.com/groceries/en-GB/shop/bakery/all?department=Wraps%2C%20Pittas%2C%20Naan%20%26%20Thins&viewAll=department&page=,£1.40,£0.38/100g,,,/groceries/en-GB/products/305836662,https://digitalcontent.api.tesco.com/v2/media/ghs/1be12a45-c4a2-43fe-9c35-e31bbb4c48ea/613062dd-7631-4754-a3a6-61bd4f1a7216.jpeg?h=225&w=225,
258808531,Old El Paso Regular Super Soft Flour Tortillas 8Pk 326G,https://www.tesco.com/groceries/en-GB/shop/bakery/all?department=Wraps%2C%20Pittas%2C%20Naan%20%26%20Thins&viewAll=department&page=,£1.45,£0.44/100g,,,/groceries/en-GB/products/258808531,https://digitalcontent.api.tesco.com/v2/media/ghs/b3f5a11d-eff4-433f-b73d-50b86691dea8/311848ef-b2e1-474a-b7db-958d4323db95_104860106.jpeg?h=225&w=225,
305838815,Mission Deli Original Wraps Super Soft 6 Pack 367G,https://www.tesco.com/groceries/en-GB/shop/bakery/all?department=Wraps%2C%20Pittas%2C%20Naan%20%26%20Thins&viewAll=department&page=,£1.40,£0.38/100g,,,/groceries/en-GB/products/305838815,https://digitalcontent.api.tesco.com/v2/media/ghs/006d48bf-8b9f-48d0-a52d-7fe04affb34e/f78cb617-244a-4292-953e-bc875847800e.jpeg?h=225&w=225,
312985747,Patak's Flame Baked Peshwari Naan Breads 2 Pack,https://www.tesco.com/groceries/en-GB/shop/bakery/all?department=Wraps%2C%20Pittas%2C%20Naan%20%26%20Thins&viewAll=department&page=,£1.65,£0.82/each,,New,/groceries/en-GB/products/312985747,https://digitalcontent.api.tesco.com/v2/media/ghs/19454d28-0a74-4331-842d-7cd6d6b50701/57efeeb5-62ca-4f2c-884d-971b12aab782_1444973005.jpeg?h=225&w=225,
312850017,Patak's 2 Flame Baked Plain Naan Breads 2 Pack,https://www.tesco.com/groceries/en-GB/shop/bakery/all?department=Wraps%2C%20Pittas%2C%20Naan%20%26%20Thins&viewAll=department&page=,£1.65,£0.82/each,,New,/groceries/en-GB/products/312850017,https://digitalcontent.api.tesco.com/v2/media/ghs/93e6c3db-19cd-45c5-8030-fd8e59c55b70/4662f9ad-566a-44c9-8dc4-3958e7d1b239_1481292360.jpeg?h=225&w=225,
312838321,Patak's Garlic & Coriander Naan Bread 2 Pack,https://www.tesco.com/groceries/en-GB/shop/bakery/all?department=Wraps%2C%20Pittas%2C%20Naan%20%26%20Thins&viewAll=department&page=,£1.65,£0.82/each,,New,/groceries/en-GB/products/312838321,https://digitalcontent.api.tesco.com/v2/media/ghs/b81dc288-acc8-4914-97d7-35a21bf1c3d9/d3c1e476-8c28-4c90-97b4-dc7785de1270_1777108990.jpeg?h=225&w=225,
303315815,Tesco 2 Plain Naan Breads,https://www.tesco.com/groceries/en-GB/shop/bakery/all?department=Wraps%2C%20Pittas%2C%20Naan%20%26%20Thins&viewAll=department&page=,£1.20,£0.60/each,,,/groceries/en-GB/products/303315815,https://digitalcontent.api.tesco.com/v2/media/ghs/f5500664-5fe1-4575-ad51-ac23623b4b7a/e6881e6e-a129-4216-acc7-cda02be335f0.jpeg?h=225&w=225,
308475104,Deli Kitchen 6 Carb Lite Wraps 300G,https://www.tesco.com/groceries/en-GB/shop/bakery/all?department=Wraps%2C%20Pittas%2C%20Naan%20%26%20Thins&viewAll=department&page=,£1.75,£0.58/100g,,,/groceries/en-GB/products/308475104,https://digitalcontent.api.tesco.com/v2/media/ghs/31339d40-f5d7-4b74-a0af-5b4a92fc09f7/1f5a4dad-9e1d-4d3e-8d8b-a17c1abe2066.jpeg?h=225&w=225,
303299948,Tesco 6 Mini Plain Naan Breads 282G,https://www.tesco.com/groceries/en-GB/shop/bakery/all?department=Wraps%2C%20Pittas%2C%20Naan%20%26%20Thins&viewAll=department&page=,£1.40,£0.50/100g,,,/groceries/en-GB/products/303299948,https://digitalcontent.api.tesco.com/v2/media/ghs/173da2c3-aeb9-450d-9163-47375b885fc2/2903d3e2-5be5-4acb-b8cd-c8aab576f655.jpeg?h=225&w=225,
268004113,Mission Deli 6 Wheat & White Mini Wraps,https://www.tesco.com/groceries/en-GB/shop/bakery/all?department=Wraps%2C%20Pittas%2C%20Naan%20%26%20Thins&viewAll=department&page=,£1.00,£0.54/100g,,,/groceries/en-GB/products/268004113,https://digitalcontent.api.tesco.com/v2/media/ghs/f5951a7e-9caa-4b74-a064-bdcda2f6709a/cda712f2-ae73-4f10-bc6a-1b08d7ef5e21.jpeg?h=225&w=225,
305038541,Warburtons Wonder Thins 50/50 6 Pack,https://www.tesco.com/groceries/en-GB/shop/bakery/all?department=Wraps%2C%20Pittas%2C%20Naan%20%26%20Thins&viewAll=department&page=,£1.30,£0.22/each,,,/groceries/en-GB/products/305038541,https://digitalcontent.api.tesco.com/v2/media/ghs/0c087284-76c1-48a5-a4f4-ee6c00cc706a/bc5f1a66-c2ab-4f08-9746-58a4fcaf52d4.jpeg?h=225&w=225,
303316048,Tesco 2 Garlic & Coriander Naan,https://www.tesco.com/groceries/en-GB/shop/bakery/all?department=Wraps%2C%20Pittas%2C%20Naan%20%26%20Thins&viewAll=department&page=,£1.20,£0.60/each,,,/groceries/en-GB/products/303316048,https://digitalcontent.api.tesco.com/v2/media/ghs/7949a651-1ba2-4abc-ad3b-e7a1f27466b0/3353016f-005a-447b-bfb5-57403c2b4e58.jpeg?h=225&w=225,
305528785,Deli Kitchen 6 Brioche Style Tortilla Wraps 366G,https://www.tesco.com/groceries/en-GB/shop/bakery/all?department=Wraps%2C%20Pittas%2C%20Naan%20%26%20Thins&viewAll=department&page=,£1.60,£0.44/100g,,,/groceries/en-GB/products/305528785,https://digitalcontent.api.tesco.com/v2/media/ghs/dd81cc50-b50f-431f-bd1a-78feb923a6b5/93bbb71d-0c5a-4eb3-a3ef-a0409fef225e_540648146.jpeg?h=225&w=225,
268319311,Warburtons White Sandwich Thins 6 Pack,https://www.tesco.com/groceries/en-GB/shop/bakery/all?department=Wraps%2C%20Pittas%2C%20Naan%20%26%20Thins&viewAll=department&page=,£1.30,£0.22/each,,,/groceries/en-GB/products/268319311,https://digitalcontent.api.tesco.com/v2/media/ghs/fc80fafd-a10c-45a0-b881-528ae6ceed7e/8170cf69-bbe9-4f76-9c44-d496fa757ae0.jpeg?h=225&w=225,
273349129,Warburtons 6 Brown Sandwich Thins,https://www.tesco.com/groceries/en-GB/shop/bakery/all?department=Wraps%2C%20Pittas%2C%20Naan%20%26%20Thins&viewAll=department&page=,£1.30,£0.22/each,,,/groceries/en-GB/products/273349129,https://digitalcontent.api.tesco.com/v2/media/ghs/f06306bc-c182-4612-a208-c014fe33484a/ffc076dd-bd09-4c3b-99c8-830c68f7762e.jpeg?h=225&w=225,
305530793,Deli Kitchen 4 Greek Style Flatbreads 320G,https://www.tesco.com/groceries/en-GB/shop/bakery/all?department=Wraps%2C%20Pittas%2C%20Naan%20%26%20Thins&viewAll=department&page=,£1.65,£0.52/100g,,,/groceries/en-GB/products/305530793,https://digitalcontent.api.tesco.com/v2/media/ghs/96f8a6a8-a53f-40d2-ad15-86f8713f5230/4d84d11d-beb4-46f9-b838-74eb73273c28.jpeg?h=225&w=225,
279448636,Mission Deli. Mini Wrap Original 6 Pack,https://www.tesco.com/groceries/en-GB/shop/bakery/all?department=Wraps%2C%20Pittas%2C%20Naan%20%26%20Thins&viewAll=department&page=,£1.00,£0.54/100g,,,/groceries/en-GB/products/279448636,https://digitalcontent.api.tesco.com/v2/media/ghs/16da21e2-296e-4ed4-bb57-18f7ef0d1c22/017a23c9-15f1-4283-b249-7ce0576abddc.jpeg?h=225&w=225,
311449155,Crosta & Mollica 6 Durum Wheat Piadina Midi Flatbreads 240G,https://www.tesco.com/groceries/en-GB/shop/bakery/all?department=Wraps%2C%20Pittas%2C%20Naan%20%26%20Thins&viewAll=department&page=,£1.70,£0.71/100g,,,/groceries/en-GB/products/311449155,https://digitalcontent.api.tesco.com/v2/media/ghs/921e0096-a848-4fbe-85f4-ec7e3a5d8809/f5279e8a-e967-4f88-bc3d-13098f4c6299_1989577937.jpeg?h=225&w=225,
291376220,Tesco Folded Flatbreads Plain 6 Pack,https://www.tesco.com/groceries/en-GB/shop/bakery/all?department=Wraps%2C%20Pittas%2C%20Naan%20%26%20Thins&viewAll=department&page=,£1.20,£0.57/100g,,,/groceries/en-GB/products/291376220,https://digitalcontent.api.tesco.com/v2/media/ghs/624587e9-ec06-4ad0-9845-6ffce4df53cb/ebab096f-30c5-4a9e-af7c-fc04b7cf2246.jpeg?h=225&w=225,
303299925,Tesco 6 Mini Garlic & Coriander Naans,https://www.tesco.com/groceries/en-GB/shop/bakery/all?department=Wraps%2C%20Pittas%2C%20Naan%20%26%20Thins&viewAll=department&page=,£1.40,£0.23/each,,,/groceries/en-GB/products/303299925,https://digitalcontent.api.tesco.com/v2/media/ghs/f1674395-317a-4ea8-a29a-840a53171f85/165658d0-6456-497b-a655-251256406669.jpeg?h=225&w=225,
262712822,Weight Watchers Wraps 6 Pack,https://www.tesco.com/groceries/en-GB/shop/bakery/all?department=Wraps%2C%20Pittas%2C%20Naan%20%26%20Thins&viewAll=department&page=,£1.40,£0.23/each,£1.10 Clubcard Price,,/groceries/en-GB/products/262712822,https://digitalcontent.api.tesco.com/v2/media/ghs/e632b644-a660-4d45-ab0a-673fed9d8225/4f37cdeb-52cc-4b5c-9671-a93d1ef44733.jpeg?h=225&w=225,
303350352,Tesco 8 Plain Tortilla Wraps,https://www.tesco.com/groceries/en-GB/shop/bakery/all?department=Wraps%2C%20Pittas%2C%20Naan%20%26%20Thins&viewAll=department&page=,£1.10,£0.14/each,,,/groceries/en-GB/products/303350352,https://digitalcontent.api.tesco.com/v2/media/ghs/a84fc4e8-9bc0-4e0b-bc45-e200b7ab5701/f52b0831-39de-4635-8725-5371e2481a3e.jpeg?h=225&w=225,
303350415,Tesco 8 Mini Plain Tortilla Wraps,https://www.tesco.com/groceries/en-GB/shop/bakery/all?department=Wraps%2C%20Pittas%2C%20Naan%20%26%20Thins&viewAll=department&page=,,,,,/groceries/en-GB/products/303350415,https://digitalcontent.api.tesco.com/v2/media/ghs/e321031e-7512-4e6a-81ca-9b881c457f98/be10856e-5c2f-459c-823b-a2db956390c1.jpeg?h=225&w=225,
291376334,Tesco Malted Grain & Rye Folded Flatbread 6 Pack,https://www.tesco.com/groceries/en-GB/shop/bakery/all?department=Wraps%2C%20Pittas%2C%20Naan%20%26%20Thins&viewAll=department&page=,£1.20,£0.57/100g,,,/groceries/en-GB/products/291376334,https://digitalcontent.api.tesco.com/v2/media/ghs/b1f25e1f-21a4-486f-8358-f423718ebb8e/7ce5d987-db9a-45dd-868a-3658577ee9cc.jpeg?h=225&w=225,
303350398,Tesco 8 Wholemeal Tortilla Wraps,https://www.tesco.com/groceries/en-GB/shop/bakery/all?department=Wraps%2C%20Pittas%2C%20Naan%20%26%20Thins&viewAll=department&page=,£1.10,£0.14/each,,,/groceries/en-GB/products/303350398,https://digitalcontent.api.tesco.com/v2/media/ghs/ddcc95cb-8519-47a9-8c95-89d3db7ada3a/2fbf0bb1-5443-481a-9a2a-e8e35057cbdf.jpeg?h=225&w=225,
308478209,Warburtons Easy To Fill Wholemeal Soft Pittas 5 Pack,https://www.tesco.com/groceries/en-GB/shop/bakery/all?department=Wraps%2C%20Pittas%2C%20Naan%20%26%20Thins&viewAll=department&page=,£1.15,£0.23/each,,,/groceries/en-GB/products/308478209,https://digitalcontent.api.tesco.com/v2/media/ghs/caba95df-ff4d-4c8b-b578-f946e766ea82/e3899bd9-f28f-49d7-8355-c8fa8399334b.jpeg?h=225&w=225,
308486863,Warburtons White Easy To Fill Soft Pittas 5 Pack,https://www.tesco.com/groceries/en-GB/shop/bakery/all?department=Wraps%2C%20Pittas%2C%20Naan%20%26%20Thins&viewAll=department&page=,£1.15,£0.23/each,Aldi Price Match,,/groceries/en-GB/products/308486863,https://digitalcontent.api.tesco.com/v2/media/ghs/98c5a7f8-fdc1-4745-9371-75b14bf8125c/d76c7675-dabf-4a4a-b6eb-5212a69701de_38447762.jpeg?h=225&w=225,
304416929,H.W Nevills 8 Plain Tortilla Wraps,https://www.tesco.com/groceries/en-GB/shop/bakery/all?department=Wraps%2C%20Pittas%2C%20Naan%20%26%20Thins&viewAll=department&page=,£0.85,£0.11/each,Aldi Price Match,,/groceries/en-GB/products/304416929,https://digitalcontent.api.tesco.com/v2/media/ghs/dc6d653f-efe6-4dc8-9e89-068d445988f0/b6bd12a9-c1f0-4c84-883f-b951c4d41c89_2145288075.jpeg?h=225&w=225,
304403151,H.W Nevills 8 Wholemeal Tortilla Wrap,https://www.tesco.com/groceries/en-GB/shop/bakery/all?department=Wraps%2C%20Pittas%2C%20Naan%20%26%20Thins&viewAll=department&page=,£0.85,£0.11/each,Aldi Price Match,,/groceries/en-GB/products/304403151,https://digitalcontent.api.tesco.com/v2/media/ghs/16b69ea5-4bbc-4f43-8850-468cfa5cdb77/9721dabe-64b5-46a0-8d82-934998ac8494.jpeg?h=225&w=225,
254945564,Tesco 6 White Pitta Bread,https://www.tesco.com/groceries/en-GB/shop/bakery/all?department=Wraps%2C%20Pittas%2C%20Naan%20%26%20Thins&viewAll=department&page=,£0.55,£0.09/each,Aldi Price Match,,/groceries/en-GB/products/254945564,https://digitalcontent.api.tesco.com/v2/media/ghs/cba8421b-6622-461e-a0e7-4d6c3e5ec2c2/53972e2c-07dc-4b68-b41c-cd5ee5a6831f.jpeg?h=225&w=225,
254945610,Tesco 6 Wholemeal Pitta Bread,https://www.tesco.com/groceries/en-GB/shop/bakery/all?department=Wraps%2C%20Pittas%2C%20Naan%20%26%20Thins&viewAll=department&page=,£0.55,£0.09/each,Aldi Price Match,,/groceries/en-GB/products/254945610,https://digitalcontent.api.tesco.com/v2/media/ghs/6e850a9e-eac7-4272-9bb3-d1d1f5e2f1b1/cdb617a7-532a-4658-b778-727229f1fa29.jpeg?h=225&w=225,
299384657,Warburtons White Thins Gluten Free 4 Pack 200G,https://www.tesco.com/groceries/en-GB/shop/bakery/all?department=Wraps%2C%20Pittas%2C%20Naan%20%26%20Thins&viewAll=department&page=,£2.70,£1.35/100g,,,/groceries/en-GB/products/299384657,https://digitalcontent.api.tesco.com/v2/media/ghs/df975413-41b6-4901-b5a4-fc277669c481/5894de60-c52d-4bb0-8ecb-eeedf32ea596_924829095.jpeg?h=225&w=225,
293672920,Bfree Sweet Potato Gluten Free Wrap 6X42g,https://www.tesco.com/groceries/en-GB/shop/bakery/all?department=Wraps%2C%20Pittas%2C%20Naan%20%26%20Thins&viewAll=department&page=,£3.50,£1.39/100g,,,/groceries/en-GB/products/293672920,https://digitalcontent.api.tesco.com/v2/media/ghs/a17e6e83-b2cf-4b0b-9c7b-31b135272f2a/9a1672a3-f07f-4308-82ca-1ec620986c80_1755855549.jpeg?h=225&w=225,
297373973,Bfree Stone Bake Gluten Free Pitta Bread 6X32g,https://www.tesco.com/groceries/en-GB/shop/bakery/all?department=Wraps%2C%20Pittas%2C%20Naan%20%26%20Thins&viewAll=department&page=,£2.75,£1.44/100g,,,/groceries/en-GB/products/297373973,https://digitalcontent.api.tesco.com/v2/media/ghs/3b881ade-28de-4b42-b1e7-7a8f63441ec9/b89ff1fe-77ea-45f4-9ed6-adff2a4e0265_1675532797.jpeg?h=225&w=225,
303617798,Bfree Wholegrain Gluten Free Pitta Bread 4X55g,https://www.tesco.com/groceries/en-GB/shop/bakery/all?department=Wraps%2C%20Pittas%2C%20Naan%20%26%20Thins&viewAll=department&page=,£2.75,£1.25/100g,,,/groceries/en-GB/products/303617798,https://digitalcontent.api.tesco.com/v2/media/ghs/eb5e3b21-d436-4c9d-a686-de8386c4aa90/23ef3a4a-fe29-43cc-9540-769a7fb598d1_1072171900.jpeg?h=225&w=225,
312827789,Patak's 4 Flame Baked Garlic & Coriander Mini Naan Breads,https://www.tesco.com/groceries/en-GB/shop/bakery/all?department=Wraps%2C%20Pittas%2C%20Naan%20%26%20Thins&viewAll=department&page=,£1.85,£0.46/each,,,/groceries/en-GB/products/312827789,,
309761242,Tesco Zaatar Spiced Flatbread 200G,https://www.tesco.com/groceries/en-GB/shop/bakery/all?department=Wraps%2C%20Pittas%2C%20Naan%20%26%20Thins&viewAll=department&page=,£1.85,£0.92/100g,,,/groceries/en-GB/products/309761242,https://digitalcontent.api.tesco.com/v2/media/ghs/388ff900-dcb6-4f7d-b6ab-0d43e3aa5147/70baa094-89ea-4599-80fd-43ce51f8da83.jpeg?h=225&w=225,
279878604,Old El Paso Super Soft Flour Tortillas Whole Wheat 8Pk 326G,https://www.tesco.com/groceries/en-GB/shop/bakery/all?department=Wraps%2C%20Pittas%2C%20Naan%20%26%20Thins&viewAll=department&page=,£1.45,£0.44/100g,,,/groceries/en-GB/products/279878604,https://digitalcontent.api.tesco.com/v2/media/ghs/e0dc0257-5cde-4795-98e3-b0be66f214da/15dd9ffb-043f-4b37-b536-db532f9ad1d8_247517601.jpeg?h=225&w=225,
301810819,Warburtons Gluten Free Protein Super Seeds 4 Wraps,https://www.tesco.com/groceries/en-GB/shop/bakery/all?department=Wraps%2C%20Pittas%2C%20Naan%20%26%20Thins&viewAll=department&page=,£2.80,£0.70/each,,,/groceries/en-GB/products/301810819,https://digitalcontent.api.tesco.com/v2/media/ghs/5c6273ba-934a-4c5e-9bbd-6469264bfc35/7765f9bb-ee2a-4523-9525-916ce8a4038d.jpeg?h=225&w=225,
265461975,Old El Paso Corn Tortillas 335G,https://www.tesco.com/groceries/en-GB/shop/bakery/all?department=Wraps%2C%20Pittas%2C%20Naan%20%26%20Thins&viewAll=department&page=,£1.45,£0.43/100g,,,/groceries/en-GB/products/265461975,https://digitalcontent.api.tesco.com/v2/media/ghs/200f1a9e-4513-477a-a5c6-6a5048a94751/4f94dc74-241a-4b62-b5b1-222bbbd539cf_149007219.jpeg?h=225&w=225,
309790276,Tesco 4 Naan Wraps 340G,https://www.tesco.com/groceries/en-GB/shop/bakery/all?department=Wraps%2C%20Pittas%2C%20Naan%20%26%20Thins&viewAll=department&page=,£1.40,£0.41/100g,,,/groceries/en-GB/products/309790276,https://digitalcontent.api.tesco.com/v2/media/ghs/74765d4f-bc8a-4963-92a1-1045fd19bca1/9cbc9adb-97c7-4149-bcf5-baf61f5a061e.jpeg?h=225&w=225,
310664917,Tesco Finest 2 Flame Baked Flatbreads,https://www.tesco.com/groceries/en-GB/shop/bakery/all?department=Wraps%2C%20Pittas%2C%20Naan%20%26%20Thins&viewAll=department&page=,£1.50,£0.75/each,,,/groceries/en-GB/products/310664917,https://digitalcontent.api.tesco.com/v2/media/ghs/0337b957-fd6d-46f5-a12e-ba6ec6bd9151/d08d0a03-e3d9-4057-9130-d4a4645b1ea7.jpeg?h=225&w=225,
309789289,Tesco 4 Rosemary & Sea Salt Focaccia 200G,https://www.tesco.com/groceries/en-GB/shop/bakery/all?department=Wraps%2C%20Pittas%2C%20Naan%20%26%20Thins&viewAll=department&page=,£1.25,£0.62/100g,,,/groceries/en-GB/products/309789289,https://digitalcontent.api.tesco.com/v2/media/ghs/e06b8280-866d-4f4f-bebd-0be506445a36/687762c3-980b-4550-af4b-9a63ccc596ef.jpeg?h=225&w=225,
310123337,Crosta & Mollica 6 Whole Blend Piadina Midi Flatbreads 240G,https://www.tesco.com/groceries/en-GB/shop/bakery/all?department=Wraps%2C%20Pittas%2C%20Naan%20%26%20Thins&viewAll=department&page=,£1.70,£0.71/100g,,,/groceries/en-GB/products/310123337,https://digitalcontent.api.tesco.com/v2/media/ghs/7e989b04-75eb-4d57-a908-5aed74813380/e7ed3603-9983-4ac6-bea8-0fe5369c9773_1845215765.jpeg?h=225&w=225,
262963639,Dina Paninette 5 Large White Bread Wraps,https://www.tesco.com/groceries/en-GB/shop/bakery/all?department=Wraps%2C%20Pittas%2C%20Naan%20%26%20Thins&viewAll=department&page=,£1.05,£0.21/each,,,/groceries/en-GB/products/262963639,https://digitalcontent.api.tesco.com/v2/media/ghs/3384c304-ed8f-49d2-9f24-5d7cce2a5d24/fb86fae5-15af-4e09-9fcc-31935664e9de.jpeg?h=225&w=225,
312838344,Al'fez Lebanese Style Flat Breads 180G,https://www.tesco.com/groceries/en-GB/shop/bakery/all?department=Wraps%2C%20Pittas%2C%20Naan%20%26%20Thins&viewAll=department&page=,£2.25,£1.25/100g,,,/groceries/en-GB/products/312838344,https://digitalcontent.api.tesco.com/v2/media/ghs/605214ba-6985-4093-88a8-73e25fe9b8b5/6cdc6cb7-d5b7-41f0-9ad1-28d18786cbf7_406114138.jpeg?h=225&w=225,
258296697,Tesco 8 Sweet Pancakes,https://www.tesco.com/groceries/en-GB/shop/bakery/all?department=Crumpets%2C%20Muffins%20%26%20Pancakes&viewAll=department&page=,£2.75,£0.34/each,,,/groceries/en-GB/products/258296697,https://digitalcontent.api.tesco.com/v2/media/ghs/52229343-4c3b-4085-a048-bd06fe8f8175/706c1ee3-2bf4-4937-b499-476186668e08.jpeg?h=225&w=225,
306941079,Tesco 6 Chocolate Filled Crepes,https://www.tesco.com/groceries/en-GB/shop/bakery/all?department=Crumpets%2C%20Muffins%20%26%20Pancakes&viewAll=department&page=,£1.75,£0.29/each,,,/groceries/en-GB/products/306941079,https://digitalcontent.api.tesco.com/v2/media/ghs/194ac2dc-c847-4c92-b6ce-12b83ccb96d1/f74ed2ce-0486-4ade-8b0b-b5dd8f35101f.jpeg?h=225&w=225,
311692580,Tesco Finest 4 Belgian Sugar Waffles 200G,https://www.tesco.com/groceries/en-GB/shop/bakery/all?department=Crumpets%2C%20Muffins%20%26%20Pancakes&viewAll=department&page=,£1.50,£0.75/100g,,,/groceries/en-GB/products/311692580,https://digitalcontent.api.tesco.com/v2/media/ghs/447fab2c-482a-4701-bd51-64e69188d15d/b0a33a0f-c687-4718-afe0-549ac881edc7_951812153.jpeg?h=225&w=225,
250810338,Mcvities Toasting Waffles 8 Pack,https://www.tesco.com/groceries/en-GB/shop/bakery/all?department=Crumpets%2C%20Muffins%20%26%20Pancakes&viewAll=department&page=,£1.70,£0.85/100g,,,/groceries/en-GB/products/250810338,https://digitalcontent.api.tesco.com/v2/media/ghs/f102af33-1ce0-4923-bb94-284a6077fb45/395c6584-9c34-45a9-b8bf-bdb69ac2498b_1625514.jpeg?h=225&w=225,
310121170,Tesco 8 Egg Waffles 200G,https://www.tesco.com/groceries/en-GB/shop/bakery/all?department=Crumpets%2C%20Muffins%20%26%20Pancakes&viewAll=department&page=,£1.35,£0.68/100g,,,/groceries/en-GB/products/310121170,https://digitalcontent.api.tesco.com/v2/media/ghs/9c6fd228-f293-4425-a230-69e3da060397/8372fc29-8c19-42cc-a009-ce0345b54efa_739396339.jpeg?h=225&w=225,
310131244,Tesco Finest 4 Buttermilk Pancakes,https://www.tesco.com/groceries/en-GB/shop/bakery/all?department=Crumpets%2C%20Muffins%20%26%20Pancakes&viewAll=department&page=,£1.50,£0.38/each,,,/groceries/en-GB/products/310131244,https://digitalcontent.api.tesco.com/v2/media/ghs/a59bab14-85f2-4612-a9fb-640fe26342d8/3c678021-6ae4-4412-8751-3e8f8cba2ff7.jpeg?h=225&w=225,
267452787,Sheldons Oven Bottom Muffins 6 Pack,https://www.tesco.com/groceries/en-GB/shop/bakery/all?department=Crumpets%2C%20Muffins%20%26%20Pancakes&viewAll=department&page=,£1.25,£0.21/each,,,/groceries/en-GB/products/267452787,https://digitalcontent.api.tesco.com/v2/media/ghs/2e5bb294-8206-4c5c-850e-d86d59696869/df71aa8e-05c1-40a6-b51d-c93f7436a45f.jpeg?h=225&w=225,
299999454,Tesco English Muffins 4 Pack,https://www.tesco.com/groceries/en-GB/shop/bakery/all?department=Crumpets%2C%20Muffins%20%26%20Pancakes&viewAll=department&page=,£1.00,£0.25/each,,,/groceries/en-GB/products/299999454,https://digitalcontent.api.tesco.com/v2/media/ghs/174b0a8c-d2f8-4a31-801e-5b942bd8e2fe/e39fc3f5-f67e-4aff-b9ef-efa4bc03f8a1.jpeg?h=225&w=225,
266243155,Warburtons Breakfast Muffins 4 Pack,https://www.tesco.com/groceries/en-GB/shop/bakery/all?department=Crumpets%2C%20Muffins%20%26%20Pancakes&viewAll=department&page=,£1.05,£0.26/each,,,/groceries/en-GB/products/266243155,https://digitalcontent.api.tesco.com/v2/media/ghs/afecd6ad-9139-4be4-b2fc-9d184fa926c6/9757d74c-49dd-4e15-933c-bad67aaad69d.jpeg?h=225&w=225,
253738348,Kingsmill Pancakes 6 Pack,https://www.tesco.com/groceries/en-GB/shop/bakery/all?department=Crumpets%2C%20Muffins%20%26%20Pancakes&viewAll=department&page=,£1.00,£0.17/each,,,/groceries/en-GB/products/253738348,https://digitalcontent.api.tesco.com/v2/media/ghs/a8bb6d9f-acf7-477d-a85d-e5130d120c56/71f939f5-ed5e-443d-a0cd-b0b2e2ca09a9.jpeg?h=225&w=225,
250499118,Warburtons Pancakes 6 Pack,https://www.tesco.com/groceries/en-GB/shop/bakery/all?department=Crumpets%2C%20Muffins%20%26%20Pancakes&viewAll=department&page=,£1.00,£0.17/each,,,/groceries/en-GB/products/250499118,https://digitalcontent.api.tesco.com/v2/media/ghs/1898f55b-102d-4ad4-9e92-11e99183d544/382d0ff2-90de-4bb3-ba0f-5e7ec213b0e2.jpeg?h=225&w=225,
274026924,Warburtons Crumpets 9Pk,https://www.tesco.com/groceries/en-GB/shop/bakery/all?department=Crumpets%2C%20Muffins%20%26%20Pancakes&viewAll=department&page=,£1.25,£0.14/each,,,/groceries/en-GB/products/274026924,https://digitalcontent.api.tesco.com/v2/media/ghs/46c88159-2ca4-4a7f-886f-f93f9ad94878/3c497b64-1579-4396-9733-d6be7bf4e240.jpeg?h=225&w=225,
252846644,Warburtons Crumpets 6 Pack,https://www.tesco.com/groceries/en-GB/shop/bakery/all?department=Crumpets%2C%20Muffins%20%26%20Pancakes&viewAll=department&page=,£0.85,£0.14/each,Aldi Price Match,,/groceries/en-GB/products/252846644,https://digitalcontent.api.tesco.com/v2/media/ghs/8fc174c8-a2f8-42f4-9363-fde17bb72830/5d6c15d3-1e67-4f89-b96b-46b552556cee.jpeg?h=225&w=225,
308476149,Warburtons Giant Crumpets 3 Pack,https://www.tesco.com/groceries/en-GB/shop/bakery/all?department=Crumpets%2C%20Muffins%20%26%20Pancakes&viewAll=department&page=,£1.10,£0.37/each,75p Clubcard Price,,/groceries/en-GB/products/308476149,https://digitalcontent.api.tesco.com/v2/media/ghs/ee35d74a-9608-4110-aeb8-b410cfbb5dce/705bd0c1-9493-44df-89cc-937503ea75b1.jpeg?h=225&w=225,
251250935,Warburtons Potato Cakes 6 Pack,https://www.tesco.com/groceries/en-GB/shop/bakery/all?department=Crumpets%2C%20Muffins%20%26%20Pancakes&viewAll=department&page=,£0.90,£0.15/each,,,/groceries/en-GB/products/251250935,https://digitalcontent.api.tesco.com/v2/media/ghs/7f8d12af-ebd7-4d23-a329-26d7638a92d0/e04fd411-c6d0-449c-8818-01a5e22d1572.jpeg?h=225&w=225,
306943297,Tesco 6 Scotch Pancakes,https://www.tesco.com/groceries/en-GB/shop/bakery/all?department=Crumpets%2C%20Muffins%20%26%20Pancakes&viewAll=department&page=,£0.45,£0.08/each,Aldi Price Match,,/groceries/en-GB/products/306943297,https://digitalcontent.api.tesco.com/v2/media/ghs/dc2b4239-ce9d-453e-861e-de826e7f6137/1eee3a89-dece-4086-ad7e-83c2e3705981.jpeg?h=225&w=225,
304377935,Tesco 6 Crumpets,https://www.tesco.com/groceries/en-GB/shop/bakery/all?department=Crumpets%2C%20Muffins%20%26%20Pancakes&viewAll=department&page=,£0.39,£0.06/each,Aldi Price Match,,/groceries/en-GB/products/304377935,https://digitalcontent.api.tesco.com/v2/media/ghs/d05e47dc-081e-47cf-b886-dde1155ff8ae/0c522623-414e-479e-8faf-bb789633b064.jpeg?h=225&w=225,
285379363,Abra Ca Debora 6 Plain Pancakes 375G,https://www.tesco.com/groceries/en-GB/shop/bakery/all?department=Crumpets%2C%20Muffins%20%26%20Pancakes&viewAll=department&page=,£2.30,£0.61/100g,,,/groceries/en-GB/products/285379363,https://digitalcontent.api.tesco.com/v2/media/ghs/2a7a917e-486f-44d6-b39e-587236dae62e/bdcd0ff2-d2dd-44d1-ab59-0f9ed83cae69.jpeg?h=225&w=225,
272407558,Abra Ca Debora 6 Sweet Pancakes 375G,https://www.tesco.com/groceries/en-GB/shop/bakery/all?department=Crumpets%2C%20Muffins%20%26%20Pancakes&viewAll=department&page=,£2.30,£0.61/100g,,,/groceries/en-GB/products/272407558,https://digitalcontent.api.tesco.com/v2/media/ghs/3ead10f3-ab7f-481d-8f77-0b693659c96f/bc7b963c-11d6-4e68-a2f6-6e2dc3a87c81_837694731.jpeg?h=225&w=225,
309753753,Cecile's Cuisine 16 Cocktail Blinis 135G,https://www.tesco.com/groceries/en-GB/shop/bakery/all?department=Crumpets%2C%20Muffins%20%26%20Pancakes&viewAll=department&page=,£2.10,£1.56/100g,,,/groceries/en-GB/products/309753753,https://digitalcontent.api.tesco.com/v2/media/ghs/a825a875-e28e-4af1-92f3-d67903cd064c/fe8df56b-9402-4a6d-9ee6-0adc8b61af9a.jpeg?h=225&w=225,
308861429,Abra-Ca-Debora Buttermilk Pancakes 240G,https://www.tesco.com/groceries/en-GB/shop/bakery/all?department=Crumpets%2C%20Muffins%20%26%20Pancakes&viewAll=department&page=,£2.30,£0.96/100g,,,/groceries/en-GB/products/308861429,https://digitalcontent.api.tesco.com/v2/media/ghs/ae7a8d56-4232-41ac-a2c1-244c6818f1ef/37f8a0ec-bb0f-4b2e-89d6-2ba6baae2344.jpeg?h=225&w=225,
297673670,Schar Gluten Free Waffles 100G,https://www.tesco.com/groceries/en-GB/shop/bakery/all?department=Crumpets%2C%20Muffins%20%26%20Pancakes&viewAll=department&page=,£2.40,£2.40/100g,£2.00 Clubcard Price,,/groceries/en-GB/products/297673670,https://digitalcontent.api.tesco.com/v2/media/ghs/a624e166-108e-45c9-8868-359814848c47/cbf8f6b8-7da7-4012-ab2c-e0cd1b090a74_800191518.jpeg?h=225&w=225,
285379501,Abra Ca Debora Diddy Pancakes 200G,https://www.tesco.com/groceries/en-GB/shop/bakery/all?department=Crumpets%2C%20Muffins%20%26%20Pancakes&viewAll=department&page=,£2.05,£1.03/100g,,,/groceries/en-GB/products/285379501,https://digitalcontent.api.tesco.com/v2/media/ghs/e9b9dc62-e06b-4bd9-a2d8-6851307d0b57/960f8318-a2e8-47bd-8894-f7a068144b86.jpeg?h=225&w=225,
309206814,Whaoo 6 Caramel Filled Crepes 192G,https://www.tesco.com/groceries/en-GB/shop/bakery/all?department=Crumpets%2C%20Muffins%20%26%20Pancakes&viewAll=department&page=,£2.10,£1.10/100g,£1.50 Clubcard Price,,/groceries/en-GB/products/309206814,https://digitalcontent.api.tesco.com/v2/media/ghs/194b979a-a562-4516-a083-56cee738a095/f8df9940-f6a6-4623-a3ff-7f7e43ae4ecb_152277266.jpeg?h=225&w=225,
291443226,Genius Gluten Free 6 Pancakes,https://www.tesco.com/groceries/en-GB/shop/bakery/all?department=Crumpets%2C%20Muffins%20%26%20Pancakes&viewAll=department&page=,£2.10,£0.35/each,,,/groceries/en-GB/products/291443226,https://digitalcontent.api.tesco.com/v2/media/ghs/c9984c8f-396c-4d83-ba20-14f4bed4b701/0ab961a9-0b9f-46e4-805f-acc4a0e92f66.jpeg?h=225&w=225,
284275907,Genius Gluten Free 4 Crumpets,https://www.tesco.com/groceries/en-GB/shop/bakery/all?department=Crumpets%2C%20Muffins%20%26%20Pancakes&viewAll=department&page=,£2.10,£0.52/each,,,/groceries/en-GB/products/284275907,https://digitalcontent.api.tesco.com/v2/media/ghs/8584d9a9-2b89-427a-921f-b034c53c634a/7a020b60-8cf9-496b-a1e2-5e76de4ea965.jpeg?h=225&w=225,
306497571,Tesco Free From 6 Scotch Pancakes,https://www.tesco.com/groceries/en-GB/shop/bakery/all?department=Crumpets%2C%20Muffins%20%26%20Pancakes&viewAll=department&page=,£2.20,£0.37/each,,,/groceries/en-GB/products/306497571,https://digitalcontent.api.tesco.com/v2/media/ghs/51f78c7f-cc85-4192-a81a-b7254d9b04f7/ccc379ea-e1c5-44b9-a981-50d987a28cc7.jpeg?h=225&w=225,
302707653,Mcvitie's 8 Toasting Waffles Chocolate 200G,https://www.tesco.com/groceries/en-GB/shop/bakery/all?department=Crumpets%2C%20Muffins%20%26%20Pancakes&viewAll=department&page=,£1.70,£0.85/100g,,,/groceries/en-GB/products/302707653,https://digitalcontent.api.tesco.com/v2/media/ghs/7d42424d-a36b-4bcc-9f35-38153068c1f7/45c5680b-e356-4e98-8d21-6e63f10c87fe_533419613.jpeg?h=225&w=225,
310172765,Tesco Finest 4 Blueberry Buttermilk Pancakes,https://www.tesco.com/groceries/en-GB/shop/bakery/all?department=Crumpets%2C%20Muffins%20%26%20Pancakes&viewAll=department&page=,£1.50,£0.38/each,,,/groceries/en-GB/products/310172765,https://digitalcontent.api.tesco.com/v2/media/ghs/0d7a44c3-75d2-484f-b7a7-42d0b6534e5f/856cb2a7-a4a7-4497-982a-916b6a835380.jpeg?h=225&w=225,
311932781,Tesco Finest 4 Belgian Chocolate Coated Sugar Waffles 240G,https://www.tesco.com/groceries/en-GB/shop/bakery/all?department=Crumpets%2C%20Muffins%20%26%20Pancakes&viewAll=department&page=,£1.50,£0.62/100g,,,/groceries/en-GB/products/311932781,https://digitalcontent.api.tesco.com/v2/media/ghs/c0cbd08f-2243-4c58-92a4-a4273c7eeb22/4d0a3ce2-3a1e-4efe-954f-2cac77c24d98_5928161.jpeg?h=225&w=225,
310685247,Tesco 6 Classic Egg Waffles 250G,https://www.tesco.com/groceries/en-GB/shop/bakery/all?department=Crumpets%2C%20Muffins%20%26%20Pancakes&viewAll=department&page=,,,,,/groceries/en-GB/products/310685247,https://digitalcontent.api.tesco.com/v2/media/ghs/3ffa69a2-751d-46c3-b201-0a8e29c4187e/26481416-4f1b-40fb-94a5-b0b0e38e7920.jpeg?h=225&w=225,
310658859,Tesco Finest 4 Chocolate & Orange Buttermilk Pancakes,https://www.tesco.com/groceries/en-GB/shop/bakery/all?department=Crumpets%2C%20Muffins%20%26%20Pancakes&viewAll=department&page=,£1.50,£0.38/each,,,/groceries/en-GB/products/310658859,https://digitalcontent.api.tesco.com/v2/media/ghs/59b7251e-0a86-41e3-882c-ed5777ec476a/3950385f-42b7-41b4-a51c-4070a1df75c0.jpeg?h=225&w=225,
309187121,Whaoo! Chocolate Filled Crepes 8 Pack 256G,https://www.tesco.com/groceries/en-GB/shop/bakery/all?department=Crumpets%2C%20Muffins%20%26%20Pancakes&viewAll=department&page=,,,,,/groceries/en-GB/products/309187121,https://digitalcontent.api.tesco.com/v2/media/ghs/b8fd97d2-759d-47e7-bb8f-fa97a2f50f71/b180d1ed-927e-4df3-86e0-f37f83a82366.jpeg?h=225&w=225,
311694497,Tesco Finest 4 St Clements Buttermilk Pancakes,https://www.tesco.com/groceries/en-GB/shop/bakery/all?department=Crumpets%2C%20Muffins%20%26%20Pancakes&viewAll=department&page=,£1.50,£0.38/each,,,/groceries/en-GB/products/311694497,https://digitalcontent.api.tesco.com/v2/media/ghs/7e815f2f-a200-47bd-93dd-388a3524954d/2c52896b-47b9-4153-b6bd-5fed4b061a07.jpeg?h=225&w=225,
305045169,Tesco Finest 6 Sourdough Crumpets,https://www.tesco.com/groceries/en-GB/shop/bakery/all?department=Crumpets%2C%20Muffins%20%26%20Pancakes&viewAll=department&page=,£1.15,£0.19/each,,,/groceries/en-GB/products/305045169,,
310665159,Tesco 6 Banana Pancakes,https://www.tesco.com/groceries/en-GB/shop/bakery/all?department=Crumpets%2C%20Muffins%20%26%20Pancakes&viewAll=department&page=,£1.10,£0.18/each,,,/groceries/en-GB/products/310665159,,
276132657,Cinnamon Tear & Share Bun,https://www.tesco.com/groceries/en-GB/shop/bakery/all?department=Croissants%2C%20Brioche%20%26%20Pastries&viewAll=department&page=,£3.50,£3.50/each,,,/groceries/en-GB/products/276132657,https://digitalcontent.api.tesco.com/v2/media/ghs/eba4a078-b945-499c-8a48-9deb15c8c1cc/573f92c4-96b4-4807-82f1-aeee5f86fc75.jpeg?h=225&w=225,
309764855,Tesco Pastel De Nata 4 Pack,https://www.tesco.com/groceries/en-GB/shop/bakery/all?department=Croissants%2C%20Brioche%20%26%20Pastries&viewAll=department&page=,£2.25,£0.56/each,,,/groceries/en-GB/products/309764855,https://digitalcontent.api.tesco.com/v2/media/ghs/213acd45-8127-4a6c-97ae-7773951f9081/e453134f-2396-4691-a9ee-e2aa181083f6.jpeg?h=225&w=225,
307762519,Wicked Kitchen Super Cinnamon Scroll 2 Pack,https://www.tesco.com/groceries/en-GB/shop/bakery/all?department=Croissants%2C%20Brioche%20%26%20Pastries&viewAll=department&page=,£1.85,£0.92/each,,,/groceries/en-GB/products/307762519,https://digitalcontent.api.tesco.com/v2/media/ghs/d81d7810-62ff-40c8-ba00-da4468344d26/11a398c9-50a2-4ca8-acd3-4497d6cf65c0.jpeg?h=225&w=225,
309453578,Tesco Finest Apple & Blackberry Crumble Danish 2 Pack,https://www.tesco.com/groceries/en-GB/shop/bakery/all?department=Croissants%2C%20Brioche%20%26%20Pastries&viewAll=department&page=,£1.90,£0.95/each,,,/groceries/en-GB/products/309453578,https://digitalcontent.api.tesco.com/v2/media/ghs/3cc04ba7-be78-48d9-af6a-6e7ace6f6a01/e3bc3dc5-0aa4-4d64-b9f5-66155f7f9aec_1225735852.jpeg?h=225&w=225,
256943275,Maple And Pecan Plait 2 Pack,https://www.tesco.com/groceries/en-GB/shop/bakery/all?department=Croissants%2C%20Brioche%20%26%20Pastries&viewAll=department&page=,£1.45,£0.72/each,,,/groceries/en-GB/products/256943275,https://digitalcontent.api.tesco.com/v2/media/ghs/c413bd8b-bc05-4be9-ab30-d33d9606cfbd/9fe0a4a1-7933-4f41-a55e-d0e1a3b4e4a3.jpeg?h=225&w=225,
256943223,Cinnamon Swirl 2 Pack,https://www.tesco.com/groceries/en-GB/shop/bakery/all?department=Croissants%2C%20Brioche%20%26%20Pastries&viewAll=department&page=,£1.45,£0.72/each,,,/groceries/en-GB/products/256943223,https://digitalcontent.api.tesco.com/v2/media/ghs/9c5ede18-b690-4db3-8719-db153fd72d59/d5c02ae2-fa50-4ec2-8fb9-f36580108bb3.jpeg?h=225&w=225,
253432971,Vanilla Creme Crown 2 Pack,https://www.tesco.com/groceries/en-GB/shop/bakery/all?department=Croissants%2C%20Brioche%20%26%20Pastries&viewAll=department&page=,£1.45,£0.72/each,,,/groceries/en-GB/products/253432971,https://digitalcontent.api.tesco.com/v2/media/ghs/ee631c6c-d105-470c-8aa2-49469111b06f/d75da730-182b-4d1e-b313-1ce0a2598420.jpeg?h=225&w=225,
256943373,Tesco All Butter Chocolate Croissant 2 Pack,https://www.tesco.com/groceries/en-GB/shop/bakery/all?department=Croissants%2C%20Brioche%20%26%20Pastries&viewAll=department&page=,£1.45,£0.72/each,,,/groceries/en-GB/products/256943373,https://digitalcontent.api.tesco.com/v2/media/ghs/9eb99a89-2e04-427e-a78a-594bfbd57a5d/e7ec73ee-cf2f-40f5-861a-41f85da57701.jpeg?h=225&w=225,
255779661,Tesco All Butter Pain Au Chocolat 2 Pack,https://www.tesco.com/groceries/en-GB/shop/bakery/all?department=Croissants%2C%20Brioche%20%26%20Pastries&viewAll=department&page=,£1.45,£0.72/each,,,/groceries/en-GB/products/255779661,https://digitalcontent.api.tesco.com/v2/media/ghs/545493bd-0dc4-4de6-afb8-39c620a534f3/8c1402fe-b703-4a04-8e02-c7aba8acee66.jpeg?h=225&w=225,
256943177,Tesco All Butter Almond Croissant 2 Pack,https://www.tesco.com/groceries/en-GB/shop/bakery/all?department=Croissants%2C%20Brioche%20%26%20Pastries&viewAll=department&page=,£1.45,£0.72/each,,,/groceries/en-GB/products/256943177,https://digitalcontent.api.tesco.com/v2/media/ghs/ee10657f-3b6c-4a72-adde-d569efd3b0a9/71aaea8f-2b89-4dfd-ac80-e676037e2dba.jpeg?h=225&w=225,
257800633,Tesco All Butter Pain Au Raisin 2 Pack,https://www.tesco.com/groceries/en-GB/shop/bakery/all?department=Croissants%2C%20Brioche%20%26%20Pastries&viewAll=department&page=,£1.45,£0.72/each,,,/groceries/en-GB/products/257800633,https://digitalcontent.api.tesco.com/v2/media/ghs/00f09302-ce53-4e19-809d-0be2a631d483/6bdf34fc-31ef-4405-999c-e16532a4cc60.jpeg?h=225&w=225,
305974647,La Boulangere 6 Vegan Croissants 240G,https://www.tesco.com/groceries/en-GB/shop/bakery/all?department=Croissants%2C%20Brioche%20%26%20Pastries&viewAll=department&page=,£2.80,£1.17/100g,£2.20 Clubcard Price,,/groceries/en-GB/products/305974647,https://digitalcontent.api.tesco.com/v2/media/ghs/b18f59d0-a420-4914-81d8-dae60a632474/5cb6c822-eb7a-4a47-8fdc-17aabb324a7d.jpeg?h=225&w=225,
286519456,Tesco All Butter Croissant 2 Pack,https://www.tesco.com/groceries/en-GB/shop/bakery/all?department=Croissants%2C%20Brioche%20%26%20Pastries&viewAll=department&page=,£1.45,£0.72/each,,,/groceries/en-GB/products/286519456,https://digitalcontent.api.tesco.com/v2/media/ghs/a04ffd5f-1c03-41b8-b05d-a3b4f71d52d5/babe0397-6fa7-4375-9f1a-be58dad60e9c.jpeg?h=225&w=225,
311684889,Tesco Apple & Cinnamon Turnover 2 Pack,https://www.tesco.com/groceries/en-GB/shop/bakery/all?department=Croissants%2C%20Brioche%20%26%20Pastries&viewAll=department&page=,£1.45,£0.72/each,,,/groceries/en-GB/products/311684889,https://digitalcontent.api.tesco.com/v2/media/ghs-mktg/b0b04216-fa73-466d-a9d7-c9fcfa1ce9b3/no-image.jpeg,
311692580,Tesco Finest 4 Belgian Sugar Waffles 200G,https://www.tesco.com/groceries/en-GB/shop/bakery/all?department=Croissants%2C%20Brioche%20%26%20Pastries&viewAll=department&page=,£1.50,£0.75/100g,,,/groceries/en-GB/products/311692580,https://digitalcontent.api.tesco.com/v2/media/ghs/447fab2c-482a-4701-bd51-64e69188d15d/b0a33a0f-c687-4718-afe0-549ac881edc7_951812153.jpeg?h=225&w=225,
295360140,Pagen Gifflar Cinnamon 260G,https://www.tesco.com/groceries/en-GB/shop/bakery/all?department=Croissants%2C%20Brioche%20%26%20Pastries&viewAll=department&page=,£1.85,£0.71/100g,,,/groceries/en-GB/products/295360140,https://digitalcontent.api.tesco.com/v2/media/ghs/6ab8a550-baa5-4a5b-a3eb-0ca42bdcc153/60e36a9f-af4d-4048-b807-cde5adb12550.jpeg?h=225&w=225,
271832044,Tesco Finest Brioche Loaf 400G,https://www.tesco.com/groceries/en-GB/shop/bakery/all?department=Croissants%2C%20Brioche%20%26%20Pastries&viewAll=department&page=,£2.25,£0.56/100g,,,/groceries/en-GB/products/271832044,https://digitalcontent.api.tesco.com/v2/media/ghs/c0134cc6-24e1-496a-964e-c3eec6edd00e/7d049523-8901-4aa5-8de9-7a7d79b5bc4e.jpeg?h=225&w=225,
308109849,Tesco Free From 2 Cheese Twists,https://www.tesco.com/groceries/en-GB/shop/bakery/all?department=Croissants%2C%20Brioche%20%26%20Pastries&viewAll=department&page=,£2.60,£1.30/each,,,/groceries/en-GB/products/308109849,https://digitalcontent.api.tesco.com/v2/media/ghs/6926afcb-6716-4add-a83b-78dc3ba838ef/eea34eed-2e44-44d9-9665-62be39dacbaa.jpeg?h=225&w=225,
257005808,Tesco Finest 4 All Butter Croissants,https://www.tesco.com/groceries/en-GB/shop/bakery/all?department=Croissants%2C%20Brioche%20%26%20Pastries&viewAll=department&page=,£2.10,£0.52/each,,,/groceries/en-GB/products/257005808,https://digitalcontent.api.tesco.com/v2/media/ghs/51191f60-7e8c-4a33-beaf-90feb1d07696/d1b5befa-0ad6-43e5-8c53-fdc3784fb621.jpeg?h=225&w=225,
307146640,Tesco Free From 2 Chocolate Twists,https://www.tesco.com/groceries/en-GB/shop/bakery/all?department=Croissants%2C%20Brioche%20%26%20Pastries&viewAll=department&page=,£2.60,£1.30/each,,,/groceries/en-GB/products/307146640,https://digitalcontent.api.tesco.com/v2/media/ghs/cced3099-a51e-4f2b-9440-e78d7abaf6db/03b70299-fb24-49a3-8ff1-16390c70033c.jpeg?h=225&w=225,
257002345,Tesco 4 All Butter Pain Au Chocolat,https://www.tesco.com/groceries/en-GB/shop/bakery/all?department=Croissants%2C%20Brioche%20%26%20Pastries&viewAll=department&page=,£1.60,£0.40/each,,,/groceries/en-GB/products/257002345,https://digitalcontent.api.tesco.com/v2/media/ghs/38be7a70-77fe-4926-95e9-d01749b8be9e/fa33989f-a2b9-4773-bb8d-10461f80720d.jpeg?h=225&w=225,
304781433,Tesco Free From 2 Croissants,https://www.tesco.com/groceries/en-GB/shop/bakery/all?department=Croissants%2C%20Brioche%20%26%20Pastries&viewAll=department&page=,£2.20,£1.10/each,,,/groceries/en-GB/products/304781433,https://digitalcontent.api.tesco.com/v2/media/ghs/c8892580-ca44-4f70-836c-8fc2c5d02d4a/fbeea199-585a-4949-a66f-f51b33da5b7c.jpeg?h=225&w=225,
272652497,Pitch Chocolate Brioche Roll 6 Pack,https://www.tesco.com/groceries/en-GB/shop/bakery/all?department=Croissants%2C%20Brioche%20%26%20Pastries&viewAll=department&page=,£1.60,£0.70/100g,,,/groceries/en-GB/products/272652497,https://digitalcontent.api.tesco.com/v2/media/ghs/8cc9fef3-40d0-427f-93aa-5c57af288809/c6d91cd5-02ce-4c84-a786-13c8211a1cab.jpeg?h=225&w=225,
311932781,Tesco Finest 4 Belgian Chocolate Coated Sugar Waffles 240G,https://www.tesco.com/groceries/en-GB/shop/bakery/all?department=Croissants%2C%20Brioche%20%26%20Pastries&viewAll=department&page=,£1.50,£0.62/100g,,,/groceries/en-GB/products/311932781,https://digitalcontent.api.tesco.com/v2/media/ghs/c0cbd08f-2243-4c58-92a4-a4273c7eeb22/4d0a3ce2-3a1e-4efe-954f-2cac77c24d98_5928161.jpeg?h=225&w=225,
308459216,Tesco Sliced Brioche Loaf 500G,https://www.tesco.com/groceries/en-GB/shop/bakery/all?department=Croissants%2C%20Brioche%20%26%20Pastries&viewAll=department&page=,£1.80,£0.36/100g,,,/groceries/en-GB/products/308459216,https://digitalcontent.api.tesco.com/v2/media/ghs/7fb7f6a9-0ea5-4e38-b728-c40e80ad3f25/b7c95c0a-94b8-49c7-a69a-49dbe432493f.jpeg?h=225&w=225,
272652543,Pitch Chocolate Chip Brioche Roll 6 Pack,https://www.tesco.com/groceries/en-GB/shop/bakery/all?department=Croissants%2C%20Brioche%20%26%20Pastries&viewAll=department&page=,£1.60,£0.71/100g,,,/groceries/en-GB/products/272652543,https://digitalcontent.api.tesco.com/v2/media/ghs/fb852a44-5aab-45b9-b387-af9ffea84303/beeaa651-c358-43bb-b4f7-28c9f8d4e52d.jpeg?h=225&w=225,
251931548,Tesco Butter Brioche Rolls 8Pk,https://www.tesco.com/groceries/en-GB/shop/bakery/all?department=Croissants%2C%20Brioche%20%26%20Pastries&viewAll=department&page=,£1.25,£0.16/each,,,/groceries/en-GB/products/251931548,https://digitalcontent.api.tesco.com/v2/media/ghs/df64ec3e-4bf4-408d-9c77-41676b24b051/be8e6130-5930-4e15-b930-cd6ddd57307a.jpeg?h=225&w=225,
254945512,Tesco 8 All Butter Croissants,https://www.tesco.com/groceries/en-GB/shop/bakery/all?department=Croissants%2C%20Brioche%20%26%20Pastries&viewAll=department&page=,£2.00,£0.25/each,,,/groceries/en-GB/products/254945512,https://digitalcontent.api.tesco.com/v2/media/ghs/09cbb5dc-8d16-4cd3-ac3a-99f9afe21c95/4e8ae2d0-bf83-4609-85a0-9d74eab15f82.jpeg?h=225&w=225,
251931698,Tesco Brioche Chocolate Chip Rolls 8Pk,https://www.tesco.com/groceries/en-GB/shop/bakery/all?department=Croissants%2C%20Brioche%20%26%20Pastries&viewAll=department&page=,,,,,/groceries/en-GB/products/251931698,https://digitalcontent.api.tesco.com/v2/media/ghs/6da8eef6-c4c1-4ff8-b08b-456bdb5a6cd1/f55c60c2-fda1-482c-aa2f-03816571a369.jpeg?h=225&w=225,
297297274,Tesco 2 Fresh Cream Bramley Apple Turnovers 160G,https://www.tesco.com/groceries/en-GB/shop/bakery/all?department=Croissants%2C%20Brioche%20%26%20Pastries&viewAll=department&page=,£1.60,£1.00/100g,,,/groceries/en-GB/products/297297274,https://digitalcontent.api.tesco.com/v2/media/ghs/7fbd09a8-8bb9-4245-aa28-70032d39b162/c51b43e0-158e-438d-88d6-7ecdeb2f4b04.jpeg?h=225&w=225,
253552538,Tesco 2 Fresh Cream Raspberry Turnovers 148G,https://www.tesco.com/groceries/en-GB/shop/bakery/all?department=Croissants%2C%20Brioche%20%26%20Pastries&viewAll=department&page=,£1.60,£1.09/100g,,,/groceries/en-GB/products/253552538,https://digitalcontent.api.tesco.com/v2/media/ghs/6e986dc5-db9d-4617-9cf3-b91b6c0baddf/20963f7c-7c3b-4333-83f0-8f907f491804.jpeg?h=225&w=225,
258263068,Tesco Fresh Cream Horns 2 Pack 110G,https://www.tesco.com/groceries/en-GB/shop/bakery/all?department=Croissants%2C%20Brioche%20%26%20Pastries&viewAll=department&page=,£1.60,£1.46/100g,,,/groceries/en-GB/products/258263068,https://digitalcontent.api.tesco.com/v2/media/ghs/f4409c32-a75a-4d35-92bd-00f93f3f7991/9c4636e8-cf34-498b-93ad-32b579dfbcd4.jpeg?h=225&w=225,
255778823,Tesco 4 All Butter Croissants,https://www.tesco.com/groceries/en-GB/shop/bakery/all?department=Croissants%2C%20Brioche%20%26%20Pastries&viewAll=department&page=,£1.15,£0.29/each,,,/groceries/en-GB/products/255778823,https://digitalcontent.api.tesco.com/v2/media/ghs/dfa6d001-240d-474e-955b-33f1693bd57e/466418d4-a2c0-4564-b051-c6cc77332ae1.jpeg?h=225&w=225,
303749146,H.W.Nevills Plain Croissants 8 Pack,https://www.tesco.com/groceries/en-GB/shop/bakery/all?department=Croissants%2C%20Brioche%20%26%20Pastries&viewAll=department&page=,£1.19,£0.15/each,Aldi Price Match,,/groceries/en-GB/products/303749146,,
300017050,H.W.Nevills Pain Au Chocolat 8 Pack,https://www.tesco.com/groceries/en-GB/shop/bakery/all?department=Croissants%2C%20Brioche%20%26%20Pastries&viewAll=department&page=,,,,,/groceries/en-GB/products/300017050,,
265322645,Tesco Finest All Butter Scones 4 Pack,https://www.tesco.com/groceries/en-GB/shop/bakery/all?department=Teacakes%2C%20Fruit%20Loaves%20%26%20Scones&viewAll=department&page=,£1.75,£0.44/each,,,/groceries/en-GB/products/265322645,https://digitalcontent.api.tesco.com/v2/media/ghs/2601c9f5-0ca5-45e3-98b6-6932cbbd2ce9/358ef1e5-7c45-4d07-8c1b-97ce5a2510d6.jpeg?h=225&w=225,
255985687,Warburtons Fruit Loaf With Cinnamon & Raisin 400G,https://www.tesco.com/groceries/en-GB/shop/bakery/all?department=Teacakes%2C%20Fruit%20Loaves%20%26%20Scones&viewAll=department&page=,£1.90,£0.48/100g,,,/groceries/en-GB/products/255985687,https://digitalcontent.api.tesco.com/v2/media/ghs/529ce699-0ff3-456a-9601-3ed8f0363922/1ebc3280-968d-45ba-b1c4-c189f8b53672.jpeg?h=225&w=225,
252323088,Warburtons Fruit Loaf With Orange 400G,https://www.tesco.com/groceries/en-GB/shop/bakery/all?department=Teacakes%2C%20Fruit%20Loaves%20%26%20Scones&viewAll=department&page=,£1.90,£0.48/100g,,,/groceries/en-GB/products/252323088,https://digitalcontent.api.tesco.com/v2/media/ghs/d95fd024-d2ea-4671-bf2a-c1f1cc3e6268/0a952b2e-8136-40f4-84af-62d5603cfbb6.jpeg?h=225&w=225,
253846591,Tesco Finest 4 All Butter & Sultana Scones,https://www.tesco.com/groceries/en-GB/shop/bakery/all?department=Teacakes%2C%20Fruit%20Loaves%20%26%20Scones&viewAll=department&page=,£1.75,£0.44/each,,,/groceries/en-GB/products/253846591,https://digitalcontent.api.tesco.com/v2/media/ghs/0d3a3fae-9191-4251-b993-234594fb2726/e6a751d5-79d2-4e9c-862b-1fe85d40187a.jpeg?h=225&w=225,
305949534,Tesco Free From 2 Sultana Scones,https://www.tesco.com/groceries/en-GB/shop/bakery/all?department=Teacakes%2C%20Fruit%20Loaves%20%26%20Scones&viewAll=department&page=,£2.20,£1.10/each,,,/groceries/en-GB/products/305949534,https://digitalcontent.api.tesco.com/v2/media/ghs/ba4449c4-eac8-468e-855c-3f7ad662d5db/dc9b6151-db69-46c3-b099-fa941cee4d54.jpeg?h=225&w=225,
253846631,Tesco Finest 4 All Butter & Cheddar Scones,https://www.tesco.com/groceries/en-GB/shop/bakery/all?department=Teacakes%2C%20Fruit%20Loaves%20%26%20Scones&viewAll=department&page=,£1.75,£0.44/each,,,/groceries/en-GB/products/253846631,https://digitalcontent.api.tesco.com/v2/media/ghs/afd67f8e-e9d1-420c-b109-e69d5d0430d8/fa856732-d13d-4bfb-ac96-ee65ec6603f2.jpeg?h=225&w=225,
309741560,Irwin's Together Fruit Loaf 470G,https://www.tesco.com/groceries/en-GB/shop/bakery/all?department=Teacakes%2C%20Fruit%20Loaves%20%26%20Scones&viewAll=department&page=,£1.90,£0.40/100g,,,/groceries/en-GB/products/309741560,https://digitalcontent.api.tesco.com/v2/media/ghs/50029347-bd10-438b-97e1-179701b47918/5659e529-6eeb-43f1-aa49-f95be04bf7d2.jpeg?h=225&w=225,
309775410,Irwin's Together Cinnamon & Raisin Toasty Loaf 450G,https://www.tesco.com/groceries/en-GB/shop/bakery/all?department=Teacakes%2C%20Fruit%20Loaves%20%26%20Scones&viewAll=department&page=,£1.65,£0.37/100g,,,/groceries/en-GB/products/309775410,https://digitalcontent.api.tesco.com/v2/media/ghs/049f798d-570e-426e-8126-8a5b12b8ce82/2f20fa8d-e400-494f-a5f8-f71f9ee09a82_1747559170.jpeg?h=225&w=225,
261331312,Tesco Finest 4 Extra Fruity Hot Cross Buns,https://www.tesco.com/groceries/en-GB/shop/bakery/all?department=Teacakes%2C%20Fruit%20Loaves%20%26%20Scones&viewAll=department&page=,£1.60,£0.40/each,,,/groceries/en-GB/products/261331312,https://digitalcontent.api.tesco.com/v2/media/ghs/98cdd9c1-6576-4c2d-8ee4-4ca2fa28735f/0c36bcfa-4d94-4070-a40f-b8c1442ebbc4.jpeg?h=225&w=225,
308457489,Tesco Finest 4 Large Teacakes,https://www.tesco.com/groceries/en-GB/shop/bakery/all?department=Teacakes%2C%20Fruit%20Loaves%20%26%20Scones&viewAll=department&page=,£1.60,£0.40/each,,,/groceries/en-GB/products/308457489,https://digitalcontent.api.tesco.com/v2/media/ghs/32f18967-f802-41e1-b27b-bfd953e623b7/983bfcf6-fa59-4107-bdb6-56d9832abc3c.jpeg?h=225&w=225,
254946119,Tesco 6 Hot Cross Buns,https://www.tesco.com/groceries/en-GB/shop/bakery/all?department=Teacakes%2C%20Fruit%20Loaves%20%26%20Scones&viewAll=department&page=,£1.15,£0.19/each,,,/groceries/en-GB/products/254946119,https://digitalcontent.api.tesco.com/v2/media/ghs/118f1d5d-039f-4eef-9d23-bb5b4bea31d1/ee7a255a-c19a-4038-a73c-8b9a665ccfac.jpeg?h=225&w=225,
259805066,Warburtons Fruit Teacakes 4 Pack,https://www.tesco.com/groceries/en-GB/shop/bakery/all?department=Teacakes%2C%20Fruit%20Loaves%20%26%20Scones&viewAll=department&page=,£1.20,£0.30/each,,,/groceries/en-GB/products/259805066,https://digitalcontent.api.tesco.com/v2/media/ghs/e0a21535-40cf-4a01-b47a-f455428c7c46/5c2afb5d-cc54-4e1b-9e28-dd8bd5a057ec.jpeg?h=225&w=225,
254946102,Tesco Sliced Fruit Loaf Each,https://www.tesco.com/groceries/en-GB/shop/bakery/all?department=Teacakes%2C%20Fruit%20Loaves%20%26%20Scones&viewAll=department&page=,£1.30,£1.30/each,,,/groceries/en-GB/products/254946102,https://digitalcontent.api.tesco.com/v2/media/ghs/cd0f1061-955f-4908-be92-df3bd863f007/e12e952d-dbbc-4a12-a327-96b48f53cfbf.jpeg?h=225&w=225,
251945119,Tesco 6 All Butter Scones,https://www.tesco.com/groceries/en-GB/shop/bakery/all?department=Teacakes%2C%20Fruit%20Loaves%20%26%20Scones&viewAll=department&page=,£1.20,£0.20/each,,,/groceries/en-GB/products/251945119,https://digitalcontent.api.tesco.com/v2/media/ghs/527c9b15-5414-4ac1-9b66-e61a19fad8bc/0fe16f37-bd6e-49bf-a49a-003df0d61c72.jpeg?h=225&w=225,
279841965,Tesco 6 Sultana Scones,https://www.tesco.com/groceries/en-GB/shop/bakery/all?department=Teacakes%2C%20Fruit%20Loaves%20%26%20Scones&viewAll=department&page=,£1.20,£0.20/each,,,/groceries/en-GB/products/279841965,https://digitalcontent.api.tesco.com/v2/media/ghs/2db30d7b-3427-42c6-96b7-8061edf228bc/c13c34f1-7422-47f4-9f7b-a3d578ec10f4.jpeg?h=225&w=225,
295684815,Tesco Ring Doughnuts 12 Pack,https://www.tesco.com/groceries/en-GB/shop/bakery/all?department=Doughnuts%2C%20Cookies%20%26%20Muffins&viewAll=department&page=,£3.00,£0.25/each,,,/groceries/en-GB/products/295684815,https://digitalcontent.api.tesco.com/v2/media/ghs/578486c4-33f9-427e-9b67-1ded07a38722/c30401ef-5fb2-4930-8922-4904a972c64b.jpeg?h=225&w=225,
311227153,Tesco Finest Sicilian Lemon Curd Muffins 2 Pack,https://www.tesco.com/groceries/en-GB/shop/bakery/all?department=Doughnuts%2C%20Cookies%20%26%20Muffins&viewAll=department&page=,£1.75,£0.88/each,,,/groceries/en-GB/products/311227153,https://digitalcontent.api.tesco.com/v2/media/ghs/61f1d133-b9bc-4982-9506-378eb43b1fb3/b3d6590c-14d7-40d1-af8c-63ec7d163a01_403249474.jpeg?h=225&w=225,
311217954,Tesco Finest Victoria Sponge Muffins 2 Pack,https://www.tesco.com/groceries/en-GB/shop/bakery/all?department=Doughnuts%2C%20Cookies%20%26%20Muffins&viewAll=department&page=,£1.75,£0.88/each,,New,/groceries/en-GB/products/311217954,https://digitalcontent.api.tesco.com/v2/media/ghs/79dd0896-cb26-47f1-951e-76052bf66894/12324dd8-b850-48d1-9493-951e92544c6b_505048566.jpeg?h=225&w=225,
302959066,Cadbury Dairy Milk Caramel 16 Mini Cookies,https://www.tesco.com/groceries/en-GB/shop/bakery/all?department=Doughnuts%2C%20Cookies%20%26%20Muffins&viewAll=department&page=,£2.25,£0.14/each,,,/groceries/en-GB/products/302959066,https://digitalcontent.api.tesco.com/v2/media/ghs/30ac350d-b66f-4e20-b7bc-91168bc8b9ad/5aa12162-55c6-415d-9248-e82bbbc864a4_1106212709.jpeg?h=225&w=225,
311266590,Tesco Finest Chocolate & Hazelnut Muffins 2 Pack,https://www.tesco.com/groceries/en-GB/shop/bakery/all?department=Doughnuts%2C%20Cookies%20%26%20Muffins&viewAll=department&page=,£1.75,£0.88/each,,,/groceries/en-GB/products/311266590,https://digitalcontent.api.tesco.com/v2/media/ghs/2e43c846-485b-47fe-aafd-be8d9a6e4451/d35af063-08af-4b2d-8555-a7920f904a32.jpeg?h=225&w=225,
268563873,Chocolate Muffins 4 Pack,https://www.tesco.com/groceries/en-GB/shop/bakery/all?department=Doughnuts%2C%20Cookies%20%26%20Muffins&viewAll=department&page=,£1.60,£0.40/each,,,/groceries/en-GB/products/268563873,https://digitalcontent.api.tesco.com/v2/media/ghs/85410ddc-95e9-4f4d-b297-98170da3244d/92515f99-2bd6-44f4-b45c-26a174fa6853.jpeg?h=225&w=225,
263905005,Belgian Chocolate Muffins 4 Pack,https://www.tesco.com/groceries/en-GB/shop/bakery/all?department=Doughnuts%2C%20Cookies%20%26%20Muffins&viewAll=department&page=,£1.60,£0.40/each,,,/groceries/en-GB/products/263905005,https://digitalcontent.api.tesco.com/v2/media/ghs/c9ee0638-869a-4c17-acb5-f6ec471cb10d/644b51db-cba0-4dc2-a94d-c6680624ff7e.jpeg?h=225&w=225,
286865327,Blueberry Muffins 4 Pack,https://www.tesco.com/groceries/en-GB/shop/bakery/all?department=Doughnuts%2C%20Cookies%20%26%20Muffins&viewAll=department&page=,£1.60,£0.40/each,,,/groceries/en-GB/products/286865327,https://digitalcontent.api.tesco.com/v2/media/ghs/ae042741-573f-46a9-80c8-6867df89a6bf/20b8a78c-5fbb-4559-a946-f0d5dca3c743.jpeg?h=225&w=225,
307750788,Wicked Kitchen 4 Double Trouble Chocolate Cookies,https://www.tesco.com/groceries/en-GB/shop/bakery/all?department=Doughnuts%2C%20Cookies%20%26%20Muffins&viewAll=department&page=,£1.75,£0.44/each,,,/groceries/en-GB/products/307750788,https://digitalcontent.api.tesco.com/v2/media/ghs/39d7248a-a9d3-426c-9c0c-0d522f756415/e660e3b2-8db7-403e-b33b-a5df4e290fa2.jpeg?h=225&w=225,
257800909,Finest Triple Chocolate Shortbread 4 Pack,https://www.tesco.com/groceries/en-GB/shop/bakery/all?department=Doughnuts%2C%20Cookies%20%26%20Muffins&viewAll=department&page=,£1.65,£0.41/each,£1.25 Clubcard Price,,/groceries/en-GB/products/257800909,https://digitalcontent.api.tesco.com/v2/media/ghs/ff96044d-7c50-4691-a12a-47475a0a5b53/b69c9c3e-7f8b-4d28-869b-8606c249dfca.jpeg?h=225&w=225,
304406390,Tesco Finest Chocolate Orange Cookies 4 Pack,https://www.tesco.com/groceries/en-GB/shop/bakery/all?department=Doughnuts%2C%20Cookies%20%26%20Muffins&viewAll=department&page=,£1.65,£0.41/each,£1.25 Clubcard Price,,/groceries/en-GB/products/304406390,https://digitalcontent.api.tesco.com/v2/media/ghs/f59c8aa4-fa61-4dd9-8fb8-ded76bd7c9b0/fb1b0397-9b70-4024-ad45-b19a14c13d88.jpeg?h=225&w=225,
255874939,Chocolate Iced Ring Doughnut 4 Pack,https://www.tesco.com/groceries/en-GB/shop/bakery/all?department=Doughnuts%2C%20Cookies%20%26%20Muffins&viewAll=department&page=,£1.25,£0.31/each,,,/groceries/en-GB/products/255874939,https://digitalcontent.api.tesco.com/v2/media/ghs/40e2ebdb-522d-4982-8e70-70e67e091265/962681c6-1946-49b2-8fe2-66112058a365.jpeg?h=225&w=225,
309488335,Tesco Finest 4 Salted Caramel & Pecan Cookies,https://www.tesco.com/groceries/en-GB/shop/bakery/all?department=Doughnuts%2C%20Cookies%20%26%20Muffins&viewAll=department&page=,£1.65,£0.41/each,£1.25 Clubcard Price,,/groceries/en-GB/products/309488335,https://digitalcontent.api.tesco.com/v2/media/ghs/82ce445e-304f-41a2-997b-93b7f590e89a/76b1fff4-f62e-4dd7-9e87-04251ea4e968_114422794.jpeg?h=225&w=225,
305041542,Tesco Finest Raspberry & White Chocolate Cookies 4 Pack,https://www.tesco.com/groceries/en-GB/shop/bakery/all?department=Doughnuts%2C%20Cookies%20%26%20Muffins&viewAll=department&page=,£1.65,£0.41/each,£1.25 Clubcard Price,,/groceries/en-GB/products/305041542,https://digitalcontent.api.tesco.com/v2/media/ghs/9094ac80-8d40-4899-b603-e8c53e6d9cf9/fec2159f-0c5b-4807-a944-345a16e16dda_531185431.jpeg?h=225&w=225,
285498319,Finest White Chocolate & Honeycomb Cookie 4 Pack,https://www.tesco.com/groceries/en-GB/shop/bakery/all?department=Doughnuts%2C%20Cookies%20%26%20Muffins&viewAll=department&page=,£1.65,£0.41/each,£1.25 Clubcard Price,,/groceries/en-GB/products/285498319,https://digitalcontent.api.tesco.com/v2/media/ghs/c14f248e-94bb-4db5-b4f9-1a425a9b4db7/b8f8608b-b9ca-411b-906c-0e3b0e783f51.jpeg?h=225&w=225,
255874565,Tesco Pink Ring Doughnuts 4 Pack,https://www.tesco.com/groceries/en-GB/shop/bakery/all?department=Doughnuts%2C%20Cookies%20%26%20Muffins&viewAll=department&page=,£1.25,£0.31/each,,,/groceries/en-GB/products/255874565,https://digitalcontent.api.tesco.com/v2/media/ghs/b094fe3c-0e1e-4411-81ac-d340d7bf9ae7/e8c7eed4-a45e-4208-90a4-1f70b5e3de67.jpeg?h=225&w=225,
283283133,Finest* Triple Chocolate Cookie 4 Pack,https://www.tesco.com/groceries/en-GB/shop/bakery/all?department=Doughnuts%2C%20Cookies%20%26%20Muffins&viewAll=department&page=,£1.65,£0.41/each,£1.25 Clubcard Price,,/groceries/en-GB/products/283283133,https://digitalcontent.api.tesco.com/v2/media/ghs/c7d8569a-5bd9-4bb9-8cd7-e9df09ec02a4/14f51e87-313d-4e22-a3d6-06cabaff0f79.jpeg?h=225&w=225,
276131923,Milk Chocolate Cookie 5 Pack,https://www.tesco.com/groceries/en-GB/shop/bakery/all?department=Doughnuts%2C%20Cookies%20%26%20Muffins&viewAll=department&page=,£1.20,£0.24/each,,,/groceries/en-GB/products/276131923,https://digitalcontent.api.tesco.com/v2/media/ghs/bd880bcc-8af6-427c-a0f4-4ec1e510729b/d6ba723e-5eb5-441e-b073-3b95b08bf1e5.jpeg?h=225&w=225,
276132127,Tesco White Chocolate Cookies 5 Pack,https://www.tesco.com/groceries/en-GB/shop/bakery/all?department=Doughnuts%2C%20Cookies%20%26%20Muffins&viewAll=department&page=,£1.20,£0.24/each,,,/groceries/en-GB/products/276132127,https://digitalcontent.api.tesco.com/v2/media/ghs/e67daa2f-2351-4b68-93cd-9f8e8dbcc0ae/29bc8c22-2618-4a56-8413-b9b3feb9b554.jpeg?h=225&w=225,
268395167,Tesco Mini Milk Chocolate Cookie Bites 20 Pack,https://www.tesco.com/groceries/en-GB/shop/bakery/all?department=Doughnuts%2C%20Cookies%20%26%20Muffins&viewAll=department&page=,£2.25,£0.11/each,£2.00 Clubcard Price,,/groceries/en-GB/products/268395167,https://digitalcontent.api.tesco.com/v2/media/ghs/d9405ace-2fbb-4fb2-b9fd-fd74718066cb/9b669a29-974b-4d74-acd3-80c8f9e3f896.jpeg?h=225&w=225,
311210837,Tesco Finest Almond & Orange Cookie 4 Pack,https://www.tesco.com/groceries/en-GB/shop/bakery/all?department=Doughnuts%2C%20Cookies%20%26%20Muffins&viewAll=department&page=,£1.65,£0.41/each,£1.25 Clubcard Price,,/groceries/en-GB/products/311210837,https://digitalcontent.api.tesco.com/v2/media/ghs/07e23b93-81e7-414a-8ebd-fbbcd197ca64/23b9cd5e-1435-4304-a2d6-081a6c242588_1459101940.jpeg?h=225&w=225,
311253530,Tesco Finest Hazelnut Praline Cookies 4 Pack,https://www.tesco.com/groceries/en-GB/shop/bakery/all?department=Doughnuts%2C%20Cookies%20%26%20Muffins&viewAll=department&page=,£1.65,£0.41/each,£1.25 Clubcard Price,,/groceries/en-GB/products/311253530,https://digitalcontent.api.tesco.com/v2/media/ghs/10bcbc55-5741-491a-bd62-55643e0c6d30/075599f1-6a0a-4018-bde8-a6023e861e3c_899576012.jpeg?h=225&w=225,
275156325,Double Chocolate Cookie 5 Pack,https://www.tesco.com/groceries/en-GB/shop/bakery/all?department=Doughnuts%2C%20Cookies%20%26%20Muffins&viewAll=department&page=,£1.20,£0.24/each,,,/groceries/en-GB/products/275156325,https://digitalcontent.api.tesco.com/v2/media/ghs/c2322413-73e8-4f7a-96a4-572572abb97c/9503adff-0226-4bcb-bb4b-66203c05ec32.jpeg?h=225&w=225,
283669933,Finest Granola 4 Pack,https://www.tesco.com/groceries/en-GB/shop/bakery/all?department=Doughnuts%2C%20Cookies%20%26%20Muffins&viewAll=department&page=,£1.65,£0.41/each,£1.25 Clubcard Price,,/groceries/en-GB/products/283669933,https://digitalcontent.api.tesco.com/v2/media/ghs/94858b08-3b0a-4145-91e8-a48bc6438583/c0920bcc-fe48-48e4-812f-e8d93529d443.jpeg?h=225&w=225,
296902776,Tesco White Iced Ring Doughnuts 4 Pack,https://www.tesco.com/groceries/en-GB/shop/bakery/all?department=Doughnuts%2C%20Cookies%20%26%20Muffins&viewAll=department&page=,£1.25,£0.31/each,,,/groceries/en-GB/products/296902776,https://digitalcontent.api.tesco.com/v2/media/ghs/293e0f55-3083-4218-920e-0127fc3ec447/6a78e9ca-12a0-467a-b1e8-6297b89e519f.jpeg?h=225&w=225,
283292715,Oat & Raisin Cookies 5Pack,https://www.tesco.com/groceries/en-GB/shop/bakery/all?department=Doughnuts%2C%20Cookies%20%26%20Muffins&viewAll=department&page=,£1.20,£0.24/each,,,/groceries/en-GB/products/283292715,https://digitalcontent.api.tesco.com/v2/media/ghs/2d1dd4d7-28c4-46f8-a463-cfef863acbe5/967633d1-b3ef-436c-bd57-41907a9a009c.jpeg?h=225&w=225,
307755570,Wicked Kitchen Jazzy Jam Doughnuts 5 Pack,https://www.tesco.com/groceries/en-GB/shop/bakery/all?department=Doughnuts%2C%20Cookies%20%26%20Muffins&viewAll=department&page=,£1.10,£0.22/each,,,/groceries/en-GB/products/307755570,https://digitalcontent.api.tesco.com/v2/media/ghs/e861aee1-5547-414a-8006-f4ff838f9e47/f3da901d-2e78-4b03-a77d-0111dd2f4e7d.jpeg?h=225&w=225,
312231897,Tesco 5 Jam Doughnuts,https://www.tesco.com/groceries/en-GB/shop/bakery/all?department=Doughnuts%2C%20Cookies%20%26%20Muffins&viewAll=department&page=,£1.00,£0.20/each,,New,/groceries/en-GB/products/312231897,https://digitalcontent.api.tesco.com/v2/media/ghs-mktg/b0b04216-fa73-466d-a9d7-c9fcfa1ce9b3/no-image.jpeg,
312581214,Tesco 5 Sugar Ring Doughnuts,https://www.tesco.com/groceries/en-GB/shop/bakery/all?department=Doughnuts%2C%20Cookies%20%26%20Muffins&viewAll=department&page=,£1.00,£0.20/each,,New,/groceries/en-GB/products/312581214,https://digitalcontent.api.tesco.com/v2/media/ghs-mktg/b0b04216-fa73-466d-a9d7-c9fcfa1ce9b3/no-image.jpeg,
309743961,Tesco 6 Iced Finger Buns,https://www.tesco.com/groceries/en-GB/shop/bakery/all?department=Doughnuts%2C%20Cookies%20%26%20Muffins&viewAll=department&page=,£1.30,£0.22/each,,,/groceries/en-GB/products/309743961,https://digitalcontent.api.tesco.com/v2/media/ghs/41c25d8a-fb0c-47dd-8361-014cf7741d1f/2bf9bc09-c20d-492c-8bd3-9dc67dceb58d.jpeg?h=225&w=225,
290339409,Simply Doughnuts 8 Mini Sugar Ring Doughnuts,https://www.tesco.com/groceries/en-GB/shop/bakery/all?department=Doughnuts%2C%20Cookies%20%26%20Muffins&viewAll=department&page=,£1.30,£0.16/each,,,/groceries/en-GB/products/290339409,https://digitalcontent.api.tesco.com/v2/media/ghs/2d303744-2805-4413-b531-2292117570ca/0bfcc823-263a-42d2-9c92-e6d4f21f4113.jpeg?h=225&w=225,
312572444,Tesco Belgian Bun,https://www.tesco.com/groceries/en-GB/shop/bakery/all?department=Doughnuts%2C%20Cookies%20%26%20Muffins&viewAll=department&page=,£1.10,£1.10/each,,New,/groceries/en-GB/products/312572444,https://digitalcontent.api.tesco.com/v2/media/ghs/5e1ead79-1213-4771-b349-68aed8fe3769/9475ca73-55b8-4ea6-99c3-ab475dc0a561_628233981.jpeg?h=225&w=225,
307758273,Tesco Gingerbread Biscuit,https://www.tesco.com/groceries/en-GB/shop/bakery/all?department=Doughnuts%2C%20Cookies%20%26%20Muffins&viewAll=department&page=,£0.75,£0.75/each,,,/groceries/en-GB/products/307758273,https://digitalcontent.api.tesco.com/v2/media/ghs/d7dc1a98-898d-4cbd-9857-eab67a96069c/a830719c-e59a-43eb-adb4-85bd5e4d7844.jpeg?h=225&w=225,
268394786,Tesco Mini Shortcake Bites 20 Pack,https://www.tesco.com/groceries/en-GB/shop/bakery/all?department=Doughnuts%2C%20Cookies%20%26%20Muffins&viewAll=department&page=,£2.25,£0.11/each,£2.00 Clubcard Price,,/groceries/en-GB/products/268394786,https://digitalcontent.api.tesco.com/v2/media/ghs/32efd954-80a1-47f6-8653-2076142ea4a3/cf65d9f7-3c4b-4e84-ba5f-d8a543fe66b5.jpeg?h=225&w=225,
304417250,Tesco Finest Classic Fruited Panettone 750G,https://www.tesco.com/groceries/en-GB/shop/bakery/all?department=Cakes%2C%20Cake%20Bars%2C%20Slices%20%26%20Pies&viewAll=department&page=,£9.00,£1.20/100g,,New,/groceries/en-GB/products/304417250,https://digitalcontent.api.tesco.com/v2/media/ghs/28cf4747-ddb0-4751-b052-e6c19dbaacd1/cd13d9a4-d6c2-42cd-be83-617f0a90d6cd_1372745162.jpeg?h=225&w=225,
312579270,Tesco 18 Cupcakes,https://www.tesco.com/groceries/en-GB/shop/bakery/all?department=Cakes%2C%20Cake%20Bars%2C%20Slices%20%26%20Pies&viewAll=department&page=,£6.00,£0.33/each,,New,/groceries/en-GB/products/312579270,https://digitalcontent.api.tesco.com/v2/media/ghs/b39da9c5-7a01-43ee-a626-6f1a47adafea/15d2aff8-252b-4f3a-a1db-03201696698a_813764498.jpeg?h=225&w=225,
254991295,Tesco Finest Christmas Pudding 100G,https://www.tesco.com/groceries/en-GB/shop/bakery/all?department=Cakes%2C%20Cake%20Bars%2C%20Slices%20%26%20Pies&viewAll=department&page=,£2.00,£2.00/100g,,,/groceries/en-GB/products/254991295,https://digitalcontent.api.tesco.com/v2/media/ghs/ffa5dea6-c8c0-4790-be88-a2b8492072ea/2f470c9e-104e-429d-a670-a64bbaafad05.jpeg?h=225&w=225,
252958742,Mr Kipling Viennese Whirls 6 Pack,https://www.tesco.com/groceries/en-GB/shop/bakery/all?department=Cakes%2C%20Cake%20Bars%2C%20Slices%20%26%20Pies&viewAll=department&page=,£2.25,£0.38/each,,,/groceries/en-GB/products/252958742,https://digitalcontent.api.tesco.com/v2/media/ghs/9e9ed271-5a14-47b4-ad47-9933047056e5/42a561e3-065b-43a4-b49c-e4ed7a667bc0.jpeg?h=225&w=225,
256859922,Bramley Apple Pie Each,https://www.tesco.com/groceries/en-GB/shop/bakery/all?department=Cakes%2C%20Cake%20Bars%2C%20Slices%20%26%20Pies&viewAll=department&page=,£1.50,£1.50/each,,,/groceries/en-GB/products/256859922,https://digitalcontent.api.tesco.com/v2/media/ghs/7acb88b6-45c3-43bf-9cb2-9f1bfc53260a/b48c2b24-8389-4479-bcd7-c2dfbfbc16e7.jpeg?h=225&w=225,
257586908,Tesco Puff Pastry Mince Pie 4 Pack,https://www.tesco.com/groceries/en-GB/shop/bakery/all?department=Cakes%2C%20Cake%20Bars%2C%20Slices%20%26%20Pies&viewAll=department&page=,£1.25,£0.31/each,,,/groceries/en-GB/products/257586908,https://digitalcontent.api.tesco.com/v2/media/ghs/7b5cb84e-50c7-4447-9df8-613b2ae719b6/ffdc4ade-c1a2-415b-bab5-826e248bcfff.jpeg?h=225&w=225,
251816699,Mr Kipling Mini Battenberg Cakes 5 Pack,https://www.tesco.com/groceries/en-GB/shop/bakery/all?department=Cakes%2C%20Cake%20Bars%2C%20Slices%20%26%20Pies&viewAll=department&page=,£2.25,£0.45/each,,,/groceries/en-GB/products/251816699,https://digitalcontent.api.tesco.com/v2/media/ghs/fb4e9e30-18b3-4cc5-bcbd-3645d905c491/9f3aaa3e-d75a-4ebe-a00d-293f72f027de.jpeg?h=225&w=225,
268394928,Tesco Chocolate Brownie Bites 20 Pack,https://www.tesco.com/groceries/en-GB/shop/bakery/all?department=Cakes%2C%20Cake%20Bars%2C%20Slices%20%26%20Pies&viewAll=department&page=,£2.25,£0.11/each,£2.00 Clubcard Price,,/groceries/en-GB/products/268394928,https://digitalcontent.api.tesco.com/v2/media/ghs/8fe5db49-2473-4a07-b8ab-3d2ace724bcd/0b46e895-e1b5-4a0b-b88f-c998e9119bda.jpeg?h=225&w=225,
279513185,Tesco Finest Mini Mince Pies 12 Pack,https://www.tesco.com/groceries/en-GB/shop/bakery/all?department=Cakes%2C%20Cake%20Bars%2C%20Slices%20%26%20Pies&viewAll=department&page=,£2.25,£0.19/each,,,/groceries/en-GB/products/279513185,https://digitalcontent.api.tesco.com/v2/media/ghs/fc4e6b61-dab8-4714-85e4-7ee2770d883c/41cc0911-98a1-48dd-b7fa-9f1ebd92ff89_613908784.jpeg?h=225&w=225,
254947412,Mr Kipling French Fancies 8 Pack,https://www.tesco.com/groceries/en-GB/shop/bakery/all?department=Cakes%2C%20Cake%20Bars%2C%20Slices%20%26%20Pies&viewAll=department&page=,£2.75,£0.34/each,,,/groceries/en-GB/products/254947412,https://digitalcontent.api.tesco.com/v2/media/ghs/2961ca14-62e4-4fb2-83af-b998b48d23ba/c928ddf6-863a-484f-9b00-4d4e583e5dce.jpeg?h=225&w=225,
254947838,Mr Kipling Cherry Bakewells 6 Pack,https://www.tesco.com/groceries/en-GB/shop/bakery/all?department=Cakes%2C%20Cake%20Bars%2C%20Slices%20%26%20Pies&viewAll=department&page=,£2.35,£0.39/each,,,/groceries/en-GB/products/254947838,https://digitalcontent.api.tesco.com/v2/media/ghs/d858df33-cb83-4625-9bbe-d16ceb161a52/54990730-f437-49ad-a0fb-f21448f0d9ae.jpeg?h=225&w=225,
257246799,Tesco Finest Mince Pies 6 Pack,https://www.tesco.com/groceries/en-GB/shop/bakery/all?department=Cakes%2C%20Cake%20Bars%2C%20Slices%20%26%20Pies&viewAll=department&page=,£2.25,£0.38/each,,,/groceries/en-GB/products/257246799,https://digitalcontent.api.tesco.com/v2/media/ghs/0085b23d-3378-4db1-bc83-c0ce15c30f4f/aaf1cc6d-bf9e-424a-9687-5ced48381aba_2117303672.jpeg?h=225&w=225,
283390081,Cadbury Chocolate Mini Rolls 5 Pack,https://www.tesco.com/groceries/en-GB/shop/bakery/all?department=Cakes%2C%20Cake%20Bars%2C%20Slices%20%26%20Pies&viewAll=department&page=,,,,,/groceries/en-GB/products/283390081,https://digitalcontent.api.tesco.com/v2/media/ghs/2e2b6a0b-e213-4205-ab96-43e132abe841/d7be9fc4-8613-4eec-ae1d-58937e41ae38_1615394738.jpeg?h=225&w=225,
273421003,Soreen Malt Lunchbox Loaves 5 Pack,https://www.tesco.com/groceries/en-GB/shop/bakery/all?department=Cakes%2C%20Cake%20Bars%2C%20Slices%20%26%20Pies&viewAll=department&page=,£1.65,£0.33/each,,,/groceries/en-GB/products/273421003,https://digitalcontent.api.tesco.com/v2/media/ghs/123fe50e-ac4b-46fb-8d32-6bbcb17a3fbd/42d60496-d2ff-4dc2-a59f-697df31c00d9.jpeg?h=225&w=225,
273420937,Soreen Banana Lunchbox Loaves 5 Pack,https://www.tesco.com/groceries/en-GB/shop/bakery/all?department=Cakes%2C%20Cake%20Bars%2C%20Slices%20%26%20Pies&viewAll=department&page=,£1.65,£1.10/100g,,,/groceries/en-GB/products/273420937,https://digitalcontent.api.tesco.com/v2/media/ghs/27737e31-3151-4604-8b04-6f706f289211/a0de551f-fac9-4c08-9307-34e7c75f6452_1920549787.jpeg?h=225&w=225,
312365471,Tesco Finest 4 Sticky Toffee Mini Loafs,https://www.tesco.com/groceries/en-GB/shop/bakery/all?department=Cakes%2C%20Cake%20Bars%2C%20Slices%20%26%20Pies&viewAll=department&page=,£3.25,£0.81/each,,New,/groceries/en-GB/products/312365471,https://digitalcontent.api.tesco.com/v2/media/ghs/82c5c938-0398-4223-a800-6efc318ae94f/2ced6168-d52c-4198-8f72-74ccb617f286.jpeg?h=225&w=225,
305953436,Soreen Sliced Malt Loaf 290G,https://www.tesco.com/groceries/en-GB/shop/bakery/all?department=Cakes%2C%20Cake%20Bars%2C%20Slices%20%26%20Pies&viewAll=department&page=,£1.55,£0.54/100g,,,/groceries/en-GB/products/305953436,https://digitalcontent.api.tesco.com/v2/media/ghs/8d8c3c99-ec06-42d0-82ea-d1bd6125f610/1da1ff30-7261-4d16-a2c5-a9d9b84943f2.jpeg?h=225&w=225,
297385855,Soreen 5 Apple Lunchbox Loaves 150G,https://www.tesco.com/groceries/en-GB/shop/bakery/all?department=Cakes%2C%20Cake%20Bars%2C%20Slices%20%26%20Pies&viewAll=department&page=,£1.65,£1.10/100g,,,/groceries/en-GB/products/297385855,https://digitalcontent.api.tesco.com/v2/media/ghs/b85c34e9-5d8e-4103-885f-940a4c9b6711/299c4603-7137-432e-9131-5f5e5d300c33.jpeg?h=225&w=225,
302143680,Soreen 5 Strawberry Lunchbox Loaves 150G,https://www.tesco.com/groceries/en-GB/shop/bakery/all?department=Cakes%2C%20Cake%20Bars%2C%20Slices%20%26%20Pies&viewAll=department&page=,£1.65,£1.10/100g,,,/groceries/en-GB/products/302143680,https://digitalcontent.api.tesco.com/v2/media/ghs/b05994f2-6fb3-4d65-97e7-2ed8e13ded0e/b0075942-9c32-4615-ad38-cb72434680c3.jpeg?h=225&w=225,
251938134,Soreen Original Malt Loaf 260G,https://www.tesco.com/groceries/en-GB/shop/bakery/all?department=Cakes%2C%20Cake%20Bars%2C%20Slices%20%26%20Pies&viewAll=department&page=,£1.40,£0.54/100g,£1.00 Clubcard Price,,/groceries/en-GB/products/251938134,https://digitalcontent.api.tesco.com/v2/media/ghs/6e063fdc-3c2c-43e8-9803-a023e74f275a/snapshotimagehandler_750177053.jpeg?h=225&w=225,
312714266,Daelmans Mini Caramel Stroopwafel 200G,https://www.tesco.com/groceries/en-GB/shop/bakery/all?department=Cakes%2C%20Cake%20Bars%2C%20Slices%20%26%20Pies&viewAll=department&page=,£1.50,£0.75/100g,,New,/groceries/en-GB/products/312714266,https://digitalcontent.api.tesco.com/v2/media/ghs/dc87e302-914e-4fcb-85a3-0f529d490caf/cae91e84-2be0-42e5-ac0d-d30f1c301435.jpeg?h=225&w=225,
295848853,Mr Kipling 8 Angel Slices Slices,https://www.tesco.com/groceries/en-GB/shop/bakery/all?department=Cakes%2C%20Cake%20Bars%2C%20Slices%20%26%20Pies&viewAll=department&page=,£3.45,£0.43/each,£2.00 Clubcard Price,,/groceries/en-GB/products/295848853,https://digitalcontent.api.tesco.com/v2/media/ghs/206379e1-9ddf-4f0b-a2e2-b7d0f4999b88/6d4a0224-3734-458f-b001-a50053a13897.jpeg?h=225&w=225,
300833270,Tesco Chocolate Chip Mini Muffins 16 Pack,https://www.tesco.com/groceries/en-GB/shop/bakery/all?department=Cakes%2C%20Cake%20Bars%2C%20Slices%20%26%20Pies&viewAll=department&page=,£2.25,£0.14/each,£2.00 Clubcard Price,,/groceries/en-GB/products/300833270,https://digitalcontent.api.tesco.com/v2/media/ghs/e68a18fb-1ecd-4b9a-85ab-135629858929/8c8de477-b4a0-4f38-b10c-43bcc957c5f2.jpeg?h=225&w=225,
296983673,Mr Kipling Angel Slice 6 Pack,https://www.tesco.com/groceries/en-GB/shop/bakery/all?department=Cakes%2C%20Cake%20Bars%2C%20Slices%20%26%20Pies&viewAll=department&page=,£1.50,£0.25/each,,,/groceries/en-GB/products/296983673,,
310140705,Soreen White Chocolate & Raspberry Loaves 5 Pack 150G,https://www.tesco.com/groceries/en-GB/shop/bakery/all?department=Cakes%2C%20Cake%20Bars%2C%20Slices%20%26%20Pies&viewAll=department&page=,£1.25,£0.83/100g,,,/groceries/en-GB/products/310140705,https://digitalcontent.api.tesco.com/v2/media/ghs/fc6537e7-e4dd-4383-a4c0-01991ea7922d/743822f6-5374-4481-8f56-08698c7cbde5.jpeg?h=225&w=225,
254946839,Mcvities Jamaica Ginger Cake Each,https://www.tesco.com/groceries/en-GB/shop/bakery/all?department=Cakes%2C%20Cake%20Bars%2C%20Slices%20%26%20Pies&viewAll=department&page=,£1.50,£1.50/each,£1.00 Clubcard Price,,/groceries/en-GB/products/254946839,https://digitalcontent.api.tesco.com/v2/media/ghs/bea3765e-a4ba-4230-93c9-4d43fce7e00d/d4e96ee5-2932-48f5-a587-ba62d5f6e796.jpeg?h=225&w=225,
312572542,Tesco 2 Birthday Cake Cupcakes,https://www.tesco.com/groceries/en-GB/shop/bakery/all?department=Cakes%2C%20Cake%20Bars%2C%20Slices%20%26%20Pies&viewAll=department&page=,£1.40,£0.70/each,,New,/groceries/en-GB/products/312572542,https://digitalcontent.api.tesco.com/v2/media/ghs/2ed1700b-ed7a-4c85-be51-e3cd77684695/08a6ec9a-bfec-45d6-a5fb-7794b359b2a7_138491531.jpeg?h=225&w=225,
309776616,Mcvities Hobnobs Oaty Flapjacks 5 Pack 131.8G,https://www.tesco.com/groceries/en-GB/shop/bakery/all?department=Cakes%2C%20Cake%20Bars%2C%20Slices%20%26%20Pies&viewAll=department&page=,£1.00,£0.76/100g,,,/groceries/en-GB/products/309776616,https://digitalcontent.api.tesco.com/v2/media/ghs/869c160b-c8f8-4af9-bbde-3cbd907e6b91/d8ff0c68-d821-44dd-b8b3-8d98d1e7cc9a_1947413444.jpeg?h=225&w=225,
254947337,Mr Kipling Bakewell Slice 6 Pack,https://www.tesco.com/groceries/en-GB/shop/bakery/all?department=Cakes%2C%20Cake%20Bars%2C%20Slices%20%26%20Pies&viewAll=department&page=,£1.50,£0.25/each,,,/groceries/en-GB/products/254947337,https://digitalcontent.api.tesco.com/v2/media/ghs/2a3b2ad4-c0ad-4c9c-96bc-ea066252a4e6/78fe109d-5239-494b-b8d0-94b0aac27124.jpeg?h=225&w=225,
274308085,Tesco Mince Pies 6 Pack,https://www.tesco.com/groceries/en-GB/shop/bakery/all?department=Cakes%2C%20Cake%20Bars%2C%20Slices%20%26%20Pies&viewAll=department&page=,£1.09,£0.18/each,Aldi Price Match,,/groceries/en-GB/products/274308085,https://digitalcontent.api.tesco.com/v2/media/ghs/0d662b41-f7e2-43f0-b6a7-9eb530464f48/43365e18-6371-4d1f-806c-f5d8172c0c65_1936822320.jpeg?h=225&w=225,
311932274,Tesco 6 Angel Cake Slices 160G,https://www.tesco.com/groceries/en-GB/shop/bakery/all?department=Cakes%2C%20Cake%20Bars%2C%20Slices%20%26%20Pies&viewAll=department&page=,£0.95,£0.59/100g,,New,/groceries/en-GB/products/311932274,https://digitalcontent.api.tesco.com/v2/media/ghs-mktg/b0b04216-fa73-466d-a9d7-c9fcfa1ce9b3/no-image.jpeg,
254947389,Mr Kipling Country Slices 6 Pack,https://www.tesco.com/groceries/en-GB/shop/bakery/all?department=Cakes%2C%20Cake%20Bars%2C%20Slices%20%26%20Pies&viewAll=department&page=,£1.50,£0.25/each,,,/groceries/en-GB/products/254947389,https://digitalcontent.api.tesco.com/v2/media/ghs/eba32651-8ae0-437e-8b39-dbdee754a946/4b786ad6-5bb4-4b6b-b934-c9edd5d2a5ba.jpeg?h=225&w=225,
312093285,Tesco 6 Lemon Cake Slices 160G,https://www.tesco.com/groceries/en-GB/shop/bakery/all?department=Cakes%2C%20Cake%20Bars%2C%20Slices%20%26%20Pies&viewAll=department&page=,£0.95,£0.59/100g,,New,/groceries/en-GB/products/312093285,https://digitalcontent.api.tesco.com/v2/media/ghs-mktg/b0b04216-fa73-466d-a9d7-c9fcfa1ce9b3/no-image.jpeg,
312569898,Baked Lemon Drizzle Zesty Cake Slices 5 Pack,https://www.tesco.com/groceries/en-GB/shop/bakery/all?department=Cakes%2C%20Cake%20Bars%2C%20Slices%20%26%20Pies&viewAll=department&page=,£1.60,£0.32/each,£1.10 Clubcard Price,,/groceries/en-GB/products/312569898,https://digitalcontent.api.tesco.com/v2/media/ghs/e43b16f6-0f28-4346-a867-7c60b08db2c3/c1a1c26d-0c4e-4966-9486-58bddf8c10b1_895644829.jpeg?h=225&w=225,
306926577,Tesco 10 Chocolate Cake Bars,https://www.tesco.com/groceries/en-GB/shop/bakery/all?department=Cakes%2C%20Cake%20Bars%2C%20Slices%20%26%20Pies&viewAll=department&page=,£1.35,£0.14/each,,,/groceries/en-GB/products/306926577,https://digitalcontent.api.tesco.com/v2/media/ghs/48adddd2-7564-483c-ba90-8a6dd1792486/c829b61f-2d4f-4798-b903-a8a62b96d51d.jpeg?h=225&w=225,
257313927,Tesco Bramley Apple Pies 6 Pack,https://www.tesco.com/groceries/en-GB/shop/bakery/all?department=Cakes%2C%20Cake%20Bars%2C%20Slices%20%26%20Pies&viewAll=department&page=,£0.95,£0.16/each,Aldi Price Match,,/groceries/en-GB/products/257313927,https://digitalcontent.api.tesco.com/v2/media/ghs/18a8e7ef-c839-4595-8578-17270775a30b/be69bbbe-31a6-4282-aef7-edbf9454b47d.jpeg?h=225&w=225,
257471105,Tesco Fresh Egg Custard Tarts 2 Pack,https://www.tesco.com/groceries/en-GB/shop/bakery/all?department=Cakes%2C%20Cake%20Bars%2C%20Slices%20%26%20Pies&viewAll=department&page=,£0.85,£0.42/each,,,/groceries/en-GB/products/257471105,https://digitalcontent.api.tesco.com/v2/media/ghs/ade4ed9d-c599-4361-96e0-aa5339e40cdb/a5e44d4f-ac94-49f9-afb3-f992477e775a.jpeg?h=225&w=225,
299965523,Ms Molly's Chocolate Chip Cake Bars 5 Pack,https://www.tesco.com/groceries/en-GB/shop/bakery/all?department=Cakes%2C%20Cake%20Bars%2C%20Slices%20%26%20Pies&viewAll=department&page=,,,,,/groceries/en-GB/products/299965523,https://digitalcontent.api.tesco.com/v2/media/ghs/cc2f48ee-525c-4f17-b3fa-b65f602cb674/f803ecd1-3ce3-4141-b858-bdff75264de0_221959397.jpeg?h=225&w=225,
257471134,Tesco Egg Custard Tarts 4 Pack,https://www.tesco.com/groceries/en-GB/shop/bakery/all?department=Cakes%2C%20Cake%20Bars%2C%20Slices%20%26%20Pies&viewAll=department&page=,£1.05,£0.26/each,Aldi Price Match,,/groceries/en-GB/products/257471134,https://digitalcontent.api.tesco.com/v2/media/ghs/7fa66efe-f328-44dc-9c00-f1a0d6cb71a5/b7b94878-94e2-4883-b92a-d5cfbedff897.jpeg?h=225&w=225,
268405088,Tesco Cherry Bakewell Tarts 6 Pack,https://www.tesco.com/groceries/en-GB/shop/bakery/all?department=Cakes%2C%20Cake%20Bars%2C%20Slices%20%26%20Pies&viewAll=department&page=,£0.95,£0.16/each,Aldi Price Match,,/groceries/en-GB/products/268405088,https://digitalcontent.api.tesco.com/v2/media/ghs/0c38efbf-842f-485e-a176-38e10ceaa104/b13051b7-1a2e-4768-ba73-9d72b8d150a8_82445401.jpeg?h=225&w=225,
300120975,Ms Molly's 12 Iced Fairy Cakes,https://www.tesco.com/groceries/en-GB/shop/bakery/all?department=Cakes%2C%20Cake%20Bars%2C%20Slices%20%26%20Pies&viewAll=department&page=,,,,,/groceries/en-GB/products/300120975,https://digitalcontent.api.tesco.com/v2/media/ghs/8a7b0f40-52af-4853-aceb-36b1fdac7c80/31f3a0fc-566b-43f4-8ac0-74f28795507c.jpeg?h=225&w=225,
301811565,Tesco Finest Christmas Pudding 400G,https://www.tesco.com/groceries/en-GB/shop/bakery/all?department=Cakes%2C%20Cake%20Bars%2C%20Slices%20%26%20Pies&viewAll=department&page=,£5.00,£1.25/100g,,,/groceries/en-GB/products/301811565,https://digitalcontent.api.tesco.com/v2/media/ghs/1c22e2b8-1c3e-45e1-97fb-c1d7ab20a1a4/7b03d6c5-761b-482b-8f32-2adbada78c7b_1759387658.jpeg?h=225&w=225,
268322208,Tesco 15 Cornflake Bites,https://www.tesco.com/groceries/en-GB/shop/bakery/all?department=Cakes%2C%20Cake%20Bars%2C%20Slices%20%26%20Pies&viewAll=department&page=,£2.25,£0.15/each,£2.00 Clubcard Price,,/groceries/en-GB/products/268322208,https://digitalcontent.api.tesco.com/v2/media/ghs/f553db9d-d84f-46fa-bd24-96fb28710d66/71afd1a9-07a4-46a4-bb45-615d5f442d4f_1450199015.jpeg?h=225&w=225,
302959129,Cadbury Dairy 15 Milk Cornflake Cluster Bites,https://www.tesco.com/groceries/en-GB/shop/bakery/all?department=Cakes%2C%20Cake%20Bars%2C%20Slices%20%26%20Pies&viewAll=department&page=,£2.25,£0.15/each,,,/groceries/en-GB/products/302959129,https://digitalcontent.api.tesco.com/v2/media/ghs/583d5453-20f4-473d-b6fe-333c34187dce/99a69f0c-9a10-4a7d-af74-5a3e2caf2199.jpeg?h=225&w=225,
252479773,Real Lancashire Eccles Cakes 4 Pack,https://www.tesco.com/groceries/en-GB/shop/bakery/all?department=Cakes%2C%20Cake%20Bars%2C%20Slices%20%26%20Pies&viewAll=department&page=,£2.30,£0.58/each,,,/groceries/en-GB/products/252479773,https://digitalcontent.api.tesco.com/v2/media/ghs/25b4505c-3401-41e1-855e-a828d3f225c1/a5c0b307-ba38-4aa4-a644-7ebaacc0f156_636833936.jpeg?h=225&w=225,
297937670,Tesco 4 Lattice Top Puff Pastry Mince Pies,https://www.tesco.com/groceries/en-GB/shop/bakery/all?department=Cakes%2C%20Cake%20Bars%2C%20Slices%20%26%20Pies&viewAll=department&page=,£1.25,£0.31/each,,,/groceries/en-GB/products/297937670,https://digitalcontent.api.tesco.com/v2/media/ghs/40087981-62d9-4f7e-a5a0-4dba02a59e89/a06491fc-d61a-4b55-94b1-c46380b2c2b8.jpeg?h=225&w=225,
303037539,Tesco Christmas Pudding 400G,https://www.tesco.com/groceries/en-GB/shop/bakery/all?department=Cakes%2C%20Cake%20Bars%2C%20Slices%20%26%20Pies&viewAll=department&page=,£2.40,£0.60/100g,,,/groceries/en-GB/products/303037539,,
268394986,Tesco Mini Flapjack Bites 20 Pack,https://www.tesco.com/groceries/en-GB/shop/bakery/all?department=Cakes%2C%20Cake%20Bars%2C%20Slices%20%26%20Pies&viewAll=department&page=,£2.25,£0.11/each,£2.00 Clubcard Price,,/groceries/en-GB/products/268394986,,
254946995,Tesco Angel Layer Cake Each,https://www.tesco.com/groceries/en-GB/shop/bakery/all?department=Cakes%2C%20Cake%20Bars%2C%20Slices%20%26%20Pies&viewAll=department&page=,£1.60,£1.60/each,,,/groceries/en-GB/products/254946995,https://digitalcontent.api.tesco.com/v2/media/ghs/5564c914-7ee6-48a6-bf8c-2f132666521b/c365ffa7-3a0f-418c-88bc-1cbf0c832a07.jpeg?h=225&w=225,
311274476,Wicked Kitchen 5 Bakewell Slices,https://www.tesco.com/groceries/en-GB/shop/bakery/all?department=Cakes%2C%20Cake%20Bars%2C%20Slices%20%26%20Pies&viewAll=department&page=,£2.40,£0.48/each,,New,/groceries/en-GB/products/311274476,https://digitalcontent.api.tesco.com/v2/media/ghs/293ea158-f4da-4bfb-a37a-5a7a08714b2b/65d64244-83c2-4698-bbd2-376888a5ff17_480228906.jpeg?h=225&w=225,
259193229,Tesco Iced Top Rich Fruit Cake Bar 400G,https://www.tesco.com/groceries/en-GB/shop/bakery/all?department=Cakes%2C%20Cake%20Bars%2C%20Slices%20%26%20Pies&viewAll=department&page=,£2.75,£0.69/100g,,,/groceries/en-GB/products/259193229,https://digitalcontent.api.tesco.com/v2/media/ghs/a8d50b24-5a21-4df3-92fd-e9830c50e51f/711153c7-9149-4309-99bc-305ae9bc9e85_382326863.jpeg?h=225&w=225,
311673349,Wicked Kitchen 8 Maple And Pecan Nut Bites,https://www.tesco.com/groceries/en-GB/shop/bakery/all?department=Cakes%2C%20Cake%20Bars%2C%20Slices%20%26%20Pies&viewAll=department&page=,£2.25,£0.28/each,,New,/groceries/en-GB/products/311673349,https://digitalcontent.api.tesco.com/v2/media/ghs/07a9b379-82ca-45ea-8a8c-c93a0f9cc8f7/b44b34fb-da6e-4054-8fd9-e905de65cb6f_154735553.jpeg?h=225&w=225,
302293311,Tesco Finest 6 Crumble Topped Mince Pies,https://www.tesco.com/groceries/en-GB/shop/bakery/all?department=Cakes%2C%20Cake%20Bars%2C%20Slices%20%26%20Pies&viewAll=department&page=,£2.25,£0.38/each,,,/groceries/en-GB/products/302293311,https://digitalcontent.api.tesco.com/v2/media/ghs/fd1b7551-906b-4d6c-88e5-46b14df2b79f/752f85ed-67c7-48e3-9157-bbc9d393352e_10181296.jpeg?h=225&w=225,
268770627,Tesco Millionaire Bites 22Pk,https://www.tesco.com/groceries/en-GB/shop/bakery/all?department=Cakes%2C%20Cake%20Bars%2C%20Slices%20%26%20Pies&viewAll=department&page=,£2.25,£0.10/each,£2.00 Clubcard Price,,/groceries/en-GB/products/268770627,https://digitalcontent.api.tesco.com/v2/media/ghs/3d91358a-ba3f-4e4b-9cb9-e8b1e8c799a7/4775add9-8496-4d25-b98b-c8606436ea49.jpeg?h=225&w=225,
253140037,Tesco Finest Coffee & Walnut Cake Each,https://www.tesco.com/groceries/en-GB/shop/bakery/all?department=Cakes%2C%20Cake%20Bars%2C%20Slices%20%26%20Pies&viewAll=department&page=,£2.90,£2.90/each,,,/groceries/en-GB/products/253140037,https://digitalcontent.api.tesco.com/v2/media/ghs/7fd29c42-bb26-453d-8e8c-e1020c1b1122/ba99532b-b280-42b7-98c8-9308842de467.jpeg?h=225&w=225,
255886418,Tesco Classic Christmas Pudding 100G,https://www.tesco.com/groceries/en-GB/shop/bakery/all?department=Cakes%2C%20Cake%20Bars%2C%20Slices%20%26%20Pies&viewAll=department&page=,£1.00,£1.00/100g,,,/groceries/en-GB/products/255886418,https://digitalcontent.api.tesco.com/v2/media/ghs/7db2ccce-aafc-45aa-a3a4-babcb84098bd/b7dd8bd1-e436-4ce5-aab2-6c3b9fe198cf.jpeg?h=225&w=225,
308477321,Soreen Malt Lunchbox Loaves 10 Pack 300G,https://www.tesco.com/groceries/en-GB/shop/bakery/all?department=Cakes%2C%20Cake%20Bars%2C%20Slices%20%26%20Pies&viewAll=department&page=,£2.30,£0.77/100g,,,/groceries/en-GB/products/308477321,https://digitalcontent.api.tesco.com/v2/media/ghs/7ab5d059-b8da-4b2a-964f-fcd04e9af877/4b0205b2-f595-4d56-a830-0e230ae61409_2085846163.jpeg?h=225&w=225,
265342258,Mr Kipling 8 Frosty Fancies,https://www.tesco.com/groceries/en-GB/shop/bakery/all?department=Cakes%2C%20Cake%20Bars%2C%20Slices%20%26%20Pies&viewAll=department&page=,£1.75,£0.22/each,,,/groceries/en-GB/products/265342258,https://digitalcontent.api.tesco.com/v2/media/ghs/e638e0af-bf41-4296-9cad-2f53e9ea2e1c/450e9344-e4ce-41bb-85cc-661217f803b8.jpeg?h=225&w=225,
258249898,Tesco Iced Topped Mince Pies 6 Pack,https://www.tesco.com/groceries/en-GB/shop/bakery/all?department=Cakes%2C%20Cake%20Bars%2C%20Slices%20%26%20Pies&viewAll=department&page=,£1.75,£0.29/each,,,/groceries/en-GB/products/258249898,https://digitalcontent.api.tesco.com/v2/media/ghs/74ae8abc-575c-473c-9765-7aab805f1748/3eefa5ef-50b8-4374-aef3-eadb57ec88a0.jpeg?h=225&w=225,
254947026,Tesco Genoa Cake Each,https://www.tesco.com/groceries/en-GB/shop/bakery/all?department=Cakes%2C%20Cake%20Bars%2C%20Slices%20%26%20Pies&viewAll=department&page=,,,,,/groceries/en-GB/products/254947026,https://digitalcontent.api.tesco.com/v2/media/ghs/47c044bf-b223-4ef4-b8cf-a31f119c851f/40a179e8-e0ed-461c-9217-900540514bfd.jpeg?h=225&w=225,
254948273,Mr Kipling Bramley Apple Pies 6 Pack,https://www.tesco.com/groceries/en-GB/shop/bakery/all?department=Cakes%2C%20Cake%20Bars%2C%20Slices%20%26%20Pies&viewAll=department&page=,£2.35,£0.39/each,,,/groceries/en-GB/products/254948273,https://digitalcontent.api.tesco.com/v2/media/ghs/b655e02f-c28e-402f-b2f7-dd12c26a652b/50a3f18b-984f-45f6-86a3-140321271a25_606278293.jpeg?h=225&w=225,
312696997,Oggs Vegan Chocolate Fudge Cupcakes 2 Pack 125G,https://www.tesco.com/groceries/en-GB/shop/bakery/all?department=Cakes%2C%20Cake%20Bars%2C%20Slices%20%26%20Pies&viewAll=department&page=,£2.35,£1.87/100g,,New,/groceries/en-GB/products/312696997,https://digitalcontent.api.tesco.com/v2/media/ghs/94c7a5ab-88a4-4646-a90d-9ec4a2982a99/4b6af0d9-9738-4de2-96bb-c7231cb1c735.jpeg?h=225&w=225,
255538238,Tesco Raspberry Sponge Cake Each,https://www.tesco.com/groceries/en-GB/shop/bakery/all?department=Cakes%2C%20Cake%20Bars%2C%20Slices%20%26%20Pies&viewAll=department&page=,£1.35,£1.35/each,,,/groceries/en-GB/products/255538238,https://digitalcontent.api.tesco.com/v2/media/ghs/e25066ad-a436-4a61-9843-364680ca06b5/ecc229f5-7d40-4662-b402-1548d6b16d46_1820055747.jpeg?h=225&w=225,
251558848,Galaxy Cake Bars 5 Pack,https://www.tesco.com/groceries/en-GB/shop/bakery/all?department=Cakes%2C%20Cake%20Bars%2C%20Slices%20%26%20Pies&viewAll=department&page=,£1.85,£0.37/each,,,/groceries/en-GB/products/251558848,https://digitalcontent.api.tesco.com/v2/media/ghs/de627a4d-3704-4dce-8dd7-d8757b49eb71/dedc1ccf-00fa-4388-abda-a6c62a089e3e.jpeg?h=225&w=225,
268064818,Tesco Finest Lemon Drizzle Cake Each,https://www.tesco.com/groceries/en-GB/shop/bakery/all?department=Cakes%2C%20Cake%20Bars%2C%20Slices%20%26%20Pies&viewAll=department&page=,£2.90,£2.90/each,,,/groceries/en-GB/products/268064818,https://digitalcontent.api.tesco.com/v2/media/ghs/dd053999-5aca-4b64-b171-9f4948bc5bb4/49d42b74-dbe2-4ac9-add9-7e7d6fb8afbb.jpeg?h=225&w=225,
254947124,Tesco Walnut Cake,https://www.tesco.com/groceries/en-GB/shop/bakery/all?department=Cakes%2C%20Cake%20Bars%2C%20Slices%20%26%20Pies&viewAll=department&page=,£1.60,£1.60/each,,,/groceries/en-GB/products/254947124,https://digitalcontent.api.tesco.com/v2/media/ghs/50006940-9312-42f2-914f-8e690878deaf/d330c539-0478-46e2-8622-90580ee99978_850769634.jpeg?h=225&w=225,
259445981,Mr Kipling 6 Festive Bakewell Tarts,https://www.tesco.com/groceries/en-GB/shop/bakery/all?department=Cakes%2C%20Cake%20Bars%2C%20Slices%20%26%20Pies&viewAll=department&page=,£1.75,£0.29/each,,,/groceries/en-GB/products/259445981,https://digitalcontent.api.tesco.com/v2/media/ghs/c7cc6b70-4f2c-4367-a826-049b281e0212/d9288c74-1e69-4984-a069-0441ab03ba26.jpeg?h=225&w=225,
299999696,Tesco Double Chocolate Swiss Roll,https://www.tesco.com/groceries/en-GB/shop/bakery/all?department=Cakes%2C%20Cake%20Bars%2C%20Slices%20%26%20Pies&viewAll=department&page=,£1.45,£1.45/each,,,/groceries/en-GB/products/299999696,https://digitalcontent.api.tesco.com/v2/media/ghs/5eac5b09-1623-42af-a255-eef47df4cf89/d3c16f6d-4331-4d1b-a1c8-899ddceada2f.jpeg?h=225&w=225,
287504748,Tesco Oaty Flapjacks 5 Pack 170G,https://www.tesco.com/groceries/en-GB/shop/bakery/all?department=Cakes%2C%20Cake%20Bars%2C%20Slices%20%26%20Pies&viewAll=department&page=,£1.20,£0.71/100g,,,/groceries/en-GB/products/287504748,https://digitalcontent.api.tesco.com/v2/media/ghs/6cc37f1b-8d7e-48fa-be80-aeaa5e63abff/65b40017-d85a-42ed-9e3e-8482860f66c6.jpeg?h=225&w=225,
310128122,Soreen Gingerbread Christmas Lunchbox Loaves 5 Pack 150G,https://www.tesco.com/groceries/en-GB/shop/bakery/all?department=Cakes%2C%20Cake%20Bars%2C%20Slices%20%26%20Pies&viewAll=department&page=,£1.25,£0.83/100g,,,/groceries/en-GB/products/310128122,https://digitalcontent.api.tesco.com/v2/media/ghs/ad5ae5ee-9821-47de-bbc2-1a788f202a54/90873072-64ee-4629-9a3f-358f3af005f0.jpeg?h=225&w=225,
252657128,Mr Kipling Battenberg Cake Each,https://www.tesco.com/groceries/en-GB/shop/bakery/all?department=Cakes%2C%20Cake%20Bars%2C%20Slices%20%26%20Pies&viewAll=department&page=,£1.45,£0.63/100g,,,/groceries/en-GB/products/252657128,https://digitalcontent.api.tesco.com/v2/media/ghs/d9e2d436-148e-43a9-858d-e1003690e22a/9ad9b679-163c-44d0-a263-41b7412e96fc.jpeg?h=225&w=225,
284516362,Cadbury Christmas Snow Cake Bar 5 Pack,https://www.tesco.com/groceries/en-GB/shop/bakery/all?department=Cakes%2C%20Cake%20Bars%2C%20Slices%20%26%20Pies&viewAll=department&page=,£1.25,£0.25/each,,,/groceries/en-GB/products/284516362,,
312720581,Thorntons Chocolate & Hazelnut Brookie Bars 4 Pack,https://www.tesco.com/groceries/en-GB/shop/bakery/all?department=Cakes%2C%20Cake%20Bars%2C%20Slices%20%26%20Pies&viewAll=department&page=,£2.25,£0.56/each,,New,/groceries/en-GB/products/312720581,https://digitalcontent.api.tesco.com/v2/media/ghs-mktg/b0b04216-fa73-466d-a9d7-c9fcfa1ce9b3/no-image.jpeg,
300523717,Ms Molly's Flapjack Traybake 360G,https://www.tesco.com/groceries/en-GB/shop/bakery/all?department=Cakes%2C%20Cake%20Bars%2C%20Slices%20%26%20Pies&viewAll=department&page=,£1.10,£0.31/100g,,,/groceries/en-GB/products/300523717,https://digitalcontent.api.tesco.com/v2/media/ghs/595eafd2-bb90-4527-87b2-b3b365b6d5fc/7df382ff-aff7-478a-b2d2-d4d4c073a1c5_634131812.jpeg?h=225&w=225,
296983713,Mr Kipling Lemon Slice 6 Pack,https://www.tesco.com/groceries/en-GB/shop/bakery/all?department=Cakes%2C%20Cake%20Bars%2C%20Slices%20%26%20Pies&viewAll=department&page=,£1.50,£0.25/each,,,/groceries/en-GB/products/296983713,https://digitalcontent.api.tesco.com/v2/media/ghs/e7e94a3a-fe08-47ae-854a-ca74578182b6/895ea8c6-1561-4881-b679-d1175ee54d20.jpeg?h=225&w=225,
300833258,Tesco Double Chocolate Mini Muffins 16 Pack,https://www.tesco.com/groceries/en-GB/shop/bakery/all?department=Cakes%2C%20Cake%20Bars%2C%20Slices%20%26%20Pies&viewAll=department&page=,£2.25,£0.14/each,£2.00 Clubcard Price,,/groceries/en-GB/products/300833258,https://digitalcontent.api.tesco.com/v2/media/ghs/225d7352-f133-4baf-9600-57a1e84bc225/266f8cef-eff6-4855-a900-9d8450b1448c.jpeg?h=225&w=225,
310145648,Mcvities Hobnobs Choccy Flapjacks 5 Pack 131.8G,https://www.tesco.com/groceries/en-GB/shop/bakery/all?department=Cakes%2C%20Cake%20Bars%2C%20Slices%20%26%20Pies&viewAll=department&page=,£1.00,£0.76/100g,,,/groceries/en-GB/products/310145648,https://digitalcontent.api.tesco.com/v2/media/ghs/89ed97d5-c438-45e4-8220-7fa88bfa25a5/a58cf714-2966-4566-9788-88d852b4fbd9_340165411.jpeg?h=225&w=225,
254947308,Mr Kipling Almond Slices 6 Pack,https://www.tesco.com/groceries/en-GB/shop/bakery/all?department=Cakes%2C%20Cake%20Bars%2C%20Slices%20%26%20Pies&viewAll=department&page=,£1.50,£0.25/each,,,/groceries/en-GB/products/254947308,https://digitalcontent.api.tesco.com/v2/media/ghs/7fdf1ae3-9ab8-478e-9cfe-0334d211b402/0309fbaf-e52b-4713-8ec3-4e76f08a0284.jpeg?h=225&w=225,
310149172,Mcvities Digestives 5 Caramel Millionaire Slices 109.9G,https://www.tesco.com/groceries/en-GB/shop/bakery/all?department=Cakes%2C%20Cake%20Bars%2C%20Slices%20%26%20Pies&viewAll=department&page=,£1.00,£0.91/100g,,,/groceries/en-GB/products/310149172,https://digitalcontent.api.tesco.com/v2/media/ghs/327dda23-dc49-4cf3-8d98-0a0a35332c71/1b0f862e-3f5b-4e41-9dcd-43259a9fd3d6_1953382194.jpeg?h=225&w=225,
311440470,Mr Kipling Deliciously Good Angel Cake Slices X6,https://www.tesco.com/groceries/en-GB/shop/bakery/all?department=Cakes%2C%20Cake%20Bars%2C%20Slices%20%26%20Pies&viewAll=department&page=,£2.00,£0.33/each,,New,/groceries/en-GB/products/311440470,https://digitalcontent.api.tesco.com/v2/media/ghs/869bda19-c917-412f-a988-e0080953b873/4b8c4920-2311-4e93-b40c-15d3801ea4aa.jpeg?h=225&w=225,
307345335,Hoppers Chocolate Mini Rolls 10 Pack,https://www.tesco.com/groceries/en-GB/shop/bakery/all?department=Cakes%2C%20Cake%20Bars%2C%20Slices%20%26%20Pies&viewAll=department&page=,,,,,/groceries/en-GB/products/307345335,https://digitalcontent.api.tesco.com/v2/media/ghs/b99f9b05-5d74-4eb5-8143-09d97dca7dc6/2c8273b5-065c-4274-a916-21857afc12f9_80957698.jpeg?h=225&w=225,
300120998,Ms Molly's 12 Fairy Cakes,https://www.tesco.com/groceries/en-GB/shop/bakery/all?department=Cakes%2C%20Cake%20Bars%2C%20Slices%20%26%20Pies&viewAll=department&page=,£0.99,£0.08/each,,,/groceries/en-GB/products/300120998,https://digitalcontent.api.tesco.com/v2/media/ghs/488cc036-7749-4690-9d00-70d94ecdba05/db5fed23-6307-4cd8-bbc5-747751191df4.jpeg?h=225&w=225,
301635670,Tesco Finest Belgian Chocolate Yule Log,https://www.tesco.com/groceries/en-GB/shop/bakery/all?department=Cakes%2C%20Cake%20Bars%2C%20Slices%20%26%20Pies&viewAll=department&page=,£5.00,£5.00/each,,New,/groceries/en-GB/products/301635670,https://digitalcontent.api.tesco.com/v2/media/ghs/bd89534b-2ad9-4276-b63f-6636bf503bcc/5f357ffe-0c4d-4157-a465-8f29ee605879_738145346.jpeg?h=225&w=225,
278702176,Bonne Maman La Madeleine 7Pk,https://www.tesco.com/groceries/en-GB/shop/bakery/all?department=Cakes%2C%20Cake%20Bars%2C%20Slices%20%26%20Pies&viewAll=department&page=,£2.50,£1.43/100g,,,/groceries/en-GB/products/278702176,https://digitalcontent.api.tesco.com/v2/media/ghs/f68a2929-95e1-49f6-aa2d-86f4cdfcab13/12952b00-4525-4a41-9a6f-77e7099a434c_759256341.jpeg?h=225&w=225,
297571151,Cadbury Mini Yule Log 5 Pack,https://www.tesco.com/groceries/en-GB/shop/bakery/all?department=Cakes%2C%20Cake%20Bars%2C%20Slices%20%26%20Pies&viewAll=department&page=,£2.25,£0.45/each,,,/groceries/en-GB/products/297571151,https://digitalcontent.api.tesco.com/v2/media/ghs/cedce964-625f-4eac-a0e1-32c837bcce2e/2b34077c-5351-4d20-87bc-55c10db0e0a4.jpeg?h=225&w=225,
307760959,Cadbury Dairy Milk 15 Brownie Bites,https://www.tesco.com/groceries/en-GB/shop/bakery/all?department=Cakes%2C%20Cake%20Bars%2C%20Slices%20%26%20Pies&viewAll=department&page=,£2.25,£0.15/each,,,/groceries/en-GB/products/307760959,https://digitalcontent.api.tesco.com/v2/media/ghs/401b0e98-2f81-4057-989c-3d27772a281d/5a63bf0e-0144-4c36-87d5-01513ad7ec35.jpeg?h=225&w=225,
254735283,Tesco Rhubarb Pie Each,https://www.tesco.com/groceries/en-GB/shop/bakery/all?department=Cakes%2C%20Cake%20Bars%2C%20Slices%20%26%20Pies&viewAll=department&page=,£1.50,£1.50/each,,,/groceries/en-GB/products/254735283,https://digitalcontent.api.tesco.com/v2/media/ghs/3c118a95-b884-4061-b61f-349765eb0941/6ef464a7-d654-4a13-9f5a-090f6f489865_1347292209.jpeg?h=225&w=225,
309459514,Tesco Finest Bakewell Tarts 2 Pack,https://www.tesco.com/groceries/en-GB/shop/bakery/all?department=Cakes%2C%20Cake%20Bars%2C%20Slices%20%26%20Pies&viewAll=department&page=,£1.90,£0.95/each,,,/groceries/en-GB/products/309459514,https://digitalcontent.api.tesco.com/v2/media/ghs/70f41aee-4148-4231-b3b5-288a3f37c8ea/e8b06585-f957-4d62-83e1-f24f83f9ce19.jpeg?h=225&w=225,
267018676,Tesco Apple Lattice Pie 500G,https://www.tesco.com/groceries/en-GB/shop/bakery/all?department=Cakes%2C%20Cake%20Bars%2C%20Slices%20%26%20Pies&viewAll=department&page=,£2.95,£0.59/100g,,,/groceries/en-GB/products/267018676,https://digitalcontent.api.tesco.com/v2/media/ghs/f7d57ea7-6af7-4a48-8c5f-1396372ff9de/d354713a-4a56-4b8f-af29-d4388744f9ea.jpeg?h=225&w=225,
254946632,Mr Kipling Manor House Cake Each,https://www.tesco.com/groceries/en-GB/shop/bakery/all?department=Cakes%2C%20Cake%20Bars%2C%20Slices%20%26%20Pies&viewAll=department&page=,£2.45,£0.63/100g,,,/groceries/en-GB/products/254946632,https://digitalcontent.api.tesco.com/v2/media/ghs/b325aeb5-10b3-4982-9bd6-2ee8897f3b90/ef3c0890-ebe2-443a-aaec-9e33b7b402fb_1067659496.jpeg?h=225&w=225,
287504132,Cadbury Raspberry Mini Roll 5 Pack,https://www.tesco.com/groceries/en-GB/shop/bakery/all?department=Cakes%2C%20Cake%20Bars%2C%20Slices%20%26%20Pies&viewAll=department&page=,£2.25,£0.45/each,,,/groceries/en-GB/products/287504132,https://digitalcontent.api.tesco.com/v2/media/ghs/7898de65-32f5-4176-86e7-52d544811322/33309bd6-873a-4cca-a1be-904bca8a9474_1987027564.jpeg?h=225&w=225,
302298818,Tesco Yule Log 260G,https://www.tesco.com/groceries/en-GB/shop/bakery/all?department=Cakes%2C%20Cake%20Bars%2C%20Slices%20%26%20Pies&viewAll=department&page=,£1.85,£0.71/100g,,,/groceries/en-GB/products/302298818,https://digitalcontent.api.tesco.com/v2/media/ghs/50ea52cf-0363-4d40-936a-0e29cb3dad49/1141a5e9-ec22-4041-a0f7-0e04e6bd87cf_842753928.jpeg?h=225&w=225,
310690710,Tesco 30 Mini Gingerbread Men 300G,https://www.tesco.com/groceries/en-GB/shop/bakery/all?department=Cakes%2C%20Cake%20Bars%2C%20Slices%20%26%20Pies&viewAll=department&page=,£2.25,£0.75/100g,£2.00 Clubcard Price,,/groceries/en-GB/products/310690710,https://digitalcontent.api.tesco.com/v2/media/ghs/2a0aeb8e-8d9f-4e87-9239-16193fd2c40e/0028c476-a110-40bf-ac3b-731cb054ba5d.jpeg?h=225&w=225,
293459907,Tesco Lemon Loaf Cake,https://www.tesco.com/groceries/en-GB/shop/bakery/all?department=Cakes%2C%20Cake%20Bars%2C%20Slices%20%26%20Pies&viewAll=department&page=,£1.90,£1.90/each,,,/groceries/en-GB/products/293459907,https://digitalcontent.api.tesco.com/v2/media/ghs/46e392c2-9736-4da3-9a6a-cd2f89d16e4c/snapshotimagehandler_1905151162.jpeg?h=225&w=225,
263501840,Norfolk Cake Co Mixed Fruit Loaf Cake,https://www.tesco.com/groceries/en-GB/shop/bakery/all?department=Cakes%2C%20Cake%20Bars%2C%20Slices%20%26%20Pies&viewAll=department&page=,£2.00,£2.00/each,,,/groceries/en-GB/products/263501840,https://digitalcontent.api.tesco.com/v2/media/ghs/50e37fa3-9beb-4628-bdb9-e4575466ecec/6a96f373-ed13-4b82-8b46-620b3b4c82bc.jpeg?h=225&w=225,
254948250,Mr Kipling Apple & Blackcurrant Pies 6 Pack,https://www.tesco.com/groceries/en-GB/shop/bakery/all?department=Cakes%2C%20Cake%20Bars%2C%20Slices%20%26%20Pies&viewAll=department&page=,£2.35,£0.39/each,,,/groceries/en-GB/products/254948250,,
265913996,Tesco Madeira Cake,https://www.tesco.com/groceries/en-GB/shop/bakery/all?department=Cakes%2C%20Cake%20Bars%2C%20Slices%20%26%20Pies&viewAll=department&page=,£1.60,£1.60/each,,,/groceries/en-GB/products/265913996,https://digitalcontent.api.tesco.com/v2/media/ghs/03d62d1d-fc0a-4a76-a2b1-120c4be19503/9bb054f3-d832-4190-848a-9c0c5bcb531e.jpeg?h=225&w=225,
311432042,Mr Kipling 30% Less Sugar 6 Bramley Apple Pies,https://www.tesco.com/groceries/en-GB/shop/bakery/all?department=Cakes%2C%20Cake%20Bars%2C%20Slices%20%26%20Pies&viewAll=department&page=,£2.50,£0.42/each,,,/groceries/en-GB/products/311432042,https://digitalcontent.api.tesco.com/v2/media/ghs/686e3427-4912-4c7c-86f7-e48e26648a46/37262385-4c7f-4241-ba77-7cd92342f267.jpeg?h=225&w=225,
254948307,Mr Kipling Fruit Pie Selection 6 Pack,https://www.tesco.com/groceries/en-GB/shop/bakery/all?department=Cakes%2C%20Cake%20Bars%2C%20Slices%20%26%20Pies&viewAll=department&page=,£2.35,£0.39/each,,,/groceries/en-GB/products/254948307,https://digitalcontent.api.tesco.com/v2/media/ghs/dae19ebc-0e5e-44cf-8478-468f6fae760d/4d4eab87-dfbe-4122-899b-560b61368f70.jpeg?h=225&w=225,
297571531,Galaxy Salted Caramel Cake Bars 5 Pack,https://www.tesco.com/groceries/en-GB/shop/bakery/all?department=Cakes%2C%20Cake%20Bars%2C%20Slices%20%26%20Pies&viewAll=department&page=,£1.25,£0.25/each,,,/groceries/en-GB/products/297571531,https://digitalcontent.api.tesco.com/v2/media/ghs/b5cea069-0fd7-46a5-b6f2-bceadb2ed2ee/ca60f216-4285-4610-8da1-0521ac315816_1111629083.jpeg?h=225&w=225,
256186519,Tesco Iced Madeira Cake Each,https://www.tesco.com/groceries/en-GB/shop/bakery/all?department=Cakes%2C%20Cake%20Bars%2C%20Slices%20%26%20Pies&viewAll=department&page=,£1.60,£1.60/each,,,/groceries/en-GB/products/256186519,https://digitalcontent.api.tesco.com/v2/media/ghs/65ab8cb1-b51f-4f45-9960-91f40b18b783/ab7a1993-9318-42e8-bed0-feab5b95bed4.jpeg?h=225&w=225,
299999713,Tesco Lemon Swiss Roll ..,https://www.tesco.com/groceries/en-GB/shop/bakery/all?department=Cakes%2C%20Cake%20Bars%2C%20Slices%20%26%20Pies&viewAll=department&page=,£1.45,£1.45/each,,,/groceries/en-GB/products/299999713,https://digitalcontent.api.tesco.com/v2/media/ghs/3f33d639-466b-4d64-8221-cb40a331a441/0af89fcd-b07b-4e2c-8d27-7910ac97f47c.jpeg?h=225&w=225,
301907723,Tesco Finest Spiced Rum Mince Pies 6 Pack,https://www.tesco.com/groceries/en-GB/shop/bakery/all?department=Cakes%2C%20Cake%20Bars%2C%20Slices%20%26%20Pies&viewAll=department&page=,£2.25,£0.38/each,,,/groceries/en-GB/products/301907723,https://digitalcontent.api.tesco.com/v2/media/ghs/84f305dc-96d3-4790-8155-024a812e89c8/86af3eae-68e8-4c50-b6a6-b2d068646754_1164260638.jpeg?h=225&w=225,
307741436,Maltesers Cake Bars 5 Pack,https://www.tesco.com/groceries/en-GB/shop/bakery/all?department=Cakes%2C%20Cake%20Bars%2C%20Slices%20%26%20Pies&viewAll=department&page=,£1.70,£0.34/each,,,/groceries/en-GB/products/307741436,https://digitalcontent.api.tesco.com/v2/media/ghs/c901d755-2395-4e36-95fa-e396b325e4a9/8e6da54e-2fec-4953-a019-2c146aefc705_409152178.jpeg?h=225&w=225,
267257949,Soreen Banana Loaf 260G,https://www.tesco.com/groceries/en-GB/shop/bakery/all?department=Cakes%2C%20Cake%20Bars%2C%20Slices%20%26%20Pies&viewAll=department&page=,£1.40,£0.54/100g,£1.00 Clubcard Price,,/groceries/en-GB/products/267257949,https://digitalcontent.api.tesco.com/v2/media/ghs/802d6003-1674-4ad7-97e7-0b948f42aa68/431bbb1d-f392-4f99-92e4-7b039f0e6e30.jpeg?h=225&w=225,
311269120,Mr Kipling Deliciously Good Chocolate Cake Slices X6,https://www.tesco.com/groceries/en-GB/shop/bakery/all?department=Cakes%2C%20Cake%20Bars%2C%20Slices%20%26%20Pies&viewAll=department&page=,£2.00,£0.33/each,,,/groceries/en-GB/products/311269120,https://digitalcontent.api.tesco.com/v2/media/ghs/f457f586-3045-455b-9b20-f7d513b83558/ca128529-4c39-4ffb-b4ce-928b63c4c1ba.jpeg?h=225&w=225,
295848876,Mr Kipling Lemon Slices 8 Pack,https://www.tesco.com/groceries/en-GB/shop/bakery/all?department=Cakes%2C%20Cake%20Bars%2C%20Slices%20%26%20Pies&viewAll=department&page=,£3.45,£0.43/each,£2.00 Clubcard Price,,/groceries/en-GB/products/295848876,https://digitalcontent.api.tesco.com/v2/media/ghs/4ae391f6-06b0-4e3c-a8e0-ac53f330b255/3c73a20e-4035-412e-b442-0d79d47e2abe.jpeg?h=225&w=225,
295848899,Mr Kipling Chocolate Slices 8 Pack,https://www.tesco.com/groceries/en-GB/shop/bakery/all?department=Cakes%2C%20Cake%20Bars%2C%20Slices%20%26%20Pies&viewAll=department&page=,£3.45,£0.43/each,£2.00 Clubcard Price,,/groceries/en-GB/products/295848899,https://digitalcontent.api.tesco.com/v2/media/ghs/61895f38-f607-41ae-a3c2-50ec489e7119/92145235-64be-4703-a492-85ae3b653390.jpeg?h=225&w=225,
254947251,Tesco Coconut Macaroons 6 Pack,https://www.tesco.com/groceries/en-GB/shop/bakery/all?department=Cakes%2C%20Cake%20Bars%2C%20Slices%20%26%20Pies&viewAll=department&page=,£1.15,£0.19/each,,,/groceries/en-GB/products/254947251,https://digitalcontent.api.tesco.com/v2/media/ghs/dc840fb1-023e-477b-98a7-206a4ebaffc1/bc28893f-abae-4012-ad22-536a42adc06e.jpeg?h=225&w=225,
299999615,Ms Mollys Raspberry Swiss Roll,https://www.tesco.com/groceries/en-GB/shop/bakery/all?department=Cakes%2C%20Cake%20Bars%2C%20Slices%20%26%20Pies&viewAll=department&page=,£0.85,£0.85/each,,,/groceries/en-GB/products/299999615,https://digitalcontent.api.tesco.com/v2/media/ghs/d8094482-8e09-4e92-a171-073eda54c6e4/3a0d9953-8c58-4708-9df6-88ed93fbc4f4_95665637.jpeg?h=225&w=225,
278130529,Tesco 10 Mini Gingerbread Men,https://www.tesco.com/groceries/en-GB/shop/bakery/all?department=Cakes%2C%20Cake%20Bars%2C%20Slices%20%26%20Pies&viewAll=department&page=,£1.00,£0.10/each,,,/groceries/en-GB/products/278130529,https://digitalcontent.api.tesco.com/v2/media/ghs/12096bda-a7f1-452a-b69a-b2d07a72b4be/d11a3bfe-69b7-45ba-be47-757c17925fab.jpeg?h=225&w=225,
297297412,Tesco Fresh Cream Strawberry Victoria Sponge 360G,https://www.tesco.com/groceries/en-GB/shop/bakery/all?department=Cakes%2C%20Cake%20Bars%2C%20Slices%20%26%20Pies&viewAll=department&page=,£2.95,£0.82/100g,,,/groceries/en-GB/products/297297412,https://digitalcontent.api.tesco.com/v2/media/ghs/ea92cb7b-0463-471e-9997-3c6e9f69d9d3/759fc3e2-5455-400a-86a1-a2623fe49a9b.jpeg?h=225&w=225,
297632137,Mr Kipling 6 Christmas Slice,https://www.tesco.com/groceries/en-GB/shop/bakery/all?department=Cakes%2C%20Cake%20Bars%2C%20Slices%20%26%20Pies&viewAll=department&page=,£1.75,£0.29/each,£1.50 Clubcard Price,,/groceries/en-GB/products/297632137,https://digitalcontent.api.tesco.com/v2/media/ghs/3dd32b53-1c9f-4cd5-8d70-6e404918e175/20efaa6d-3980-43f1-87c8-aa6e59d02ffc_1798174949.jpeg?h=225&w=225,
258871840,Mcvities Jaffa Cakes Cake Bars 5 Pack,https://www.tesco.com/groceries/en-GB/shop/bakery/all?department=Cakes%2C%20Cake%20Bars%2C%20Slices%20%26%20Pies&viewAll=department&page=,£1.80,£0.36/each,£1.00 Clubcard Price,,/groceries/en-GB/products/258871840,https://digitalcontent.api.tesco.com/v2/media/ghs/0ee61b6e-b231-44dc-8f9e-68f91f81c3fc/831e2a36-f1f3-4fbf-b5c2-dade8e79d2ba.jpeg?h=225&w=225,
300716052,Ms Molly's Lightly Fruited Cake,https://www.tesco.com/groceries/en-GB/shop/bakery/all?department=Cakes%2C%20Cake%20Bars%2C%20Slices%20%26%20Pies&viewAll=department&page=,£0.99,£0.99/each,,,/groceries/en-GB/products/300716052,https://digitalcontent.api.tesco.com/v2/media/ghs/983a69b3-9370-4a36-8a20-430bdc5d244c/8c5ef3c5-beeb-4c3d-ad04-58649ac68aa8_1555967029.jpeg?h=225&w=225,
293609944,Tesco Blackcurrant Sundae Tarts 4 Pack,https://www.tesco.com/groceries/en-GB/shop/bakery/all?department=Cakes%2C%20Cake%20Bars%2C%20Slices%20%26%20Pies&viewAll=department&page=,£1.20,£0.30/each,,,/groceries/en-GB/products/293609944,https://digitalcontent.api.tesco.com/v2/media/ghs/bc220600-0b4d-43c3-897c-6912b828d617/09531aa5-7bd5-49a2-9349-9ba90f48d568.jpeg?h=225&w=225,
301811588,Tesco Finest Christmas Pudding 800G,https://www.tesco.com/groceries/en-GB/shop/bakery/all?department=Cakes%2C%20Cake%20Bars%2C%20Slices%20%26%20Pies&viewAll=department&page=,£8.50,£1.07/100g,£6.00 Clubcard Price,,/groceries/en-GB/products/301811588,https://digitalcontent.api.tesco.com/v2/media/ghs/29cffbea-e872-4564-9c8d-505f969bbbb1/ae49f3e3-f427-4658-bf6d-9a0f2fd67ea4_521493555.jpeg?h=225&w=225,
258105366,Tesco Finest Iced Rich Fruit Cake 400G,https://www.tesco.com/groceries/en-GB/shop/bakery/all?department=Cakes%2C%20Cake%20Bars%2C%20Slices%20%26%20Pies&viewAll=department&page=,£4.50,£1.13/100g,,,/groceries/en-GB/products/258105366,https://digitalcontent.api.tesco.com/v2/media/ghs/e46da5d3-168e-4572-a63e-b56fa3b289c9/8b3c1ac2-6a08-4631-85f4-49075fe40b22.jpeg?h=225&w=225,
303037551,Tesco Christmas Pudding 800G,https://www.tesco.com/groceries/en-GB/shop/bakery/all?department=Cakes%2C%20Cake%20Bars%2C%20Slices%20%26%20Pies&viewAll=department&page=,£4.50,£0.56/100g,,,/groceries/en-GB/products/303037551,https://digitalcontent.api.tesco.com/v2/media/ghs/9d13d3bc-7931-4747-82c7-fdd998749f66/6f64d154-b639-47d4-93f7-ca96ffbf9b7e_2087631748.jpeg?h=225&w=225,
258106221,Tesco Finest Stollen Slices 6 Pack,https://www.tesco.com/groceries/en-GB/shop/bakery/all?department=Cakes%2C%20Cake%20Bars%2C%20Slices%20%26%20Pies&viewAll=department&page=,£3.50,£0.58/each,,,/groceries/en-GB/products/258106221,https://digitalcontent.api.tesco.com/v2/media/ghs/f9b3db43-31ab-4722-af34-75d21e77717d/140396ec-c5b1-43bb-b7cf-2457e0679d90_1725303454.jpeg?h=225&w=225,
305967495,Tesco Chocolate Brownie 240G,https://www.tesco.com/groceries/en-GB/shop/bakery/all?department=Cakes%2C%20Cake%20Bars%2C%20Slices%20%26%20Pies&viewAll=department&page=,£1.85,£0.77/100g,,,/groceries/en-GB/products/305967495,https://digitalcontent.api.tesco.com/v2/media/ghs/16ac119a-78ff-40c1-8b97-0204ae16bc89/c64713a0-e4b5-4d7f-aac3-41135a4caf14.jpeg?h=225&w=225,
303127531,Tesco Free From 5 Angel Slices,https://www.tesco.com/groceries/en-GB/shop/bakery/all?department=Cakes%2C%20Cake%20Bars%2C%20Slices%20%26%20Pies&viewAll=department&page=,£2.30,£0.46/each,,,/groceries/en-GB/products/303127531,https://digitalcontent.api.tesco.com/v2/media/ghs/2fb497f1-a070-4211-b3b4-8d41ee3d7fd6/ef379045-d2b4-4e78-95f2-a6a34293df30.jpeg?h=225&w=225,
282979274,Tesco Madeleines 400G,https://www.tesco.com/groceries/en-GB/shop/bakery/all?department=Cakes%2C%20Cake%20Bars%2C%20Slices%20%26%20Pies&viewAll=department&page=,£2.85,£0.71/100g,,,/groceries/en-GB/products/282979274,https://digitalcontent.api.tesco.com/v2/media/ghs/2af6f3ca-6f38-41f3-afa1-0d3fe613525f/af91b189-c74c-421d-8be2-7dfd8ed0165b_1667935235.jpeg?h=225&w=225,
254947867,Mr Kipling Jam Tarts 6 Pack,https://www.tesco.com/groceries/en-GB/shop/bakery/all?department=Cakes%2C%20Cake%20Bars%2C%20Slices%20%26%20Pies&viewAll=department&page=,£2.35,£0.39/each,,,/groceries/en-GB/products/254947867,https://digitalcontent.api.tesco.com/v2/media/ghs/c8d2158b-889c-4975-ac69-ce67166b9430/be5f9b0d-b2c4-4af2-9f76-a9d7adef3fc1.jpeg?h=225&w=225,
282979202,Tesco Chocolate Chip Madeleines 400G,https://www.tesco.com/groceries/en-GB/shop/bakery/all?department=Cakes%2C%20Cake%20Bars%2C%20Slices%20%26%20Pies&viewAll=department&page=,£2.85,£0.71/100g,,,/groceries/en-GB/products/282979202,https://digitalcontent.api.tesco.com/v2/media/ghs/e0661a4b-718b-4183-be4b-a805ec7050f8/44d1aca0-f5ea-4009-a560-6b4f843f189f_497733430.jpeg?h=225&w=225,
309177640,Tesco Brookie Bites 20 Pack,https://www.tesco.com/groceries/en-GB/shop/bakery/all?department=Cakes%2C%20Cake%20Bars%2C%20Slices%20%26%20Pies&viewAll=department&page=,£2.25,£0.11/each,£2.00 Clubcard Price,,/groceries/en-GB/products/309177640,https://digitalcontent.api.tesco.com/v2/media/ghs/b4724c76-9bb8-47db-9f69-a4cb8b30f4c3/4dbf42a6-f96a-493b-b13f-32b0de63ba6d.jpeg?h=225&w=225,
293612012,Genius Gluten Free 2 Double Chocolate Muffins,https://www.tesco.com/groceries/en-GB/shop/bakery/all?department=Cakes%2C%20Cake%20Bars%2C%20Slices%20%26%20Pies&viewAll=department&page=,£2.00,£1.00/each,£1.75 Clubcard Price,,/groceries/en-GB/products/293612012,https://digitalcontent.api.tesco.com/v2/media/ghs/888931e1-7eee-45c1-8fec-b0fa815a90ad/4b7abc24-b2ba-43c3-8214-08e6abb9aec4.jpeg?h=225&w=225,
312222364,Tesco Finest Red Velvet Cake,https://www.tesco.com/groceries/en-GB/shop/bakery/all?department=Cakes%2C%20Cake%20Bars%2C%20Slices%20%26%20Pies&viewAll=department&page=,£3.00,£3.00/each,,,/groceries/en-GB/products/312222364,https://digitalcontent.api.tesco.com/v2/media/ghs/ae87f2c0-d45c-42fa-a2a0-a160163af220/2881f954-cdb3-4981-8278-f62c11722dfd.jpeg?h=225&w=225,
302959089,Cadbury Dairy Milk Caramel 16 Flapjack Bites,https://www.tesco.com/groceries/en-GB/shop/bakery/all?department=Cakes%2C%20Cake%20Bars%2C%20Slices%20%26%20Pies&viewAll=department&page=,£2.25,£0.14/each,,,/groceries/en-GB/products/302959089,https://digitalcontent.api.tesco.com/v2/media/ghs/b5a57b81-72fa-43d2-9fa3-02d3fd14070e/63332bf3-4532-409a-b574-5a3025e9b39b_999283659.jpeg?h=225&w=225,
297385659,Mr Kipling Treacle Tart,https://www.tesco.com/groceries/en-GB/shop/bakery/all?department=Cakes%2C%20Cake%20Bars%2C%20Slices%20%26%20Pies&viewAll=department&page=,£2.80,£0.76/100g,,,/groceries/en-GB/products/297385659,https://digitalcontent.api.tesco.com/v2/media/ghs/485ee0ee-858a-4327-99ab-01b558af41e5/2645e01a-b820-4e05-98a1-95a3dd639c39.jpeg?h=225&w=225,
264982901,Tesco Finest White Chocolate & Strawberry Cake,https://www.tesco.com/groceries/en-GB/shop/bakery/all?department=Cakes%2C%20Cake%20Bars%2C%20Slices%20%26%20Pies&viewAll=department&page=,£2.90,£2.90/each,,,/groceries/en-GB/products/264982901,https://digitalcontent.api.tesco.com/v2/media/ghs/4252b032-d4de-4ab3-ac66-e92687adc5fd/7f449116-ec0f-4fa9-946c-9c8fe4c238fc.jpeg?h=225&w=225,
272574416,Daelmans 10 Caramel Stroopwafel 290G,https://www.tesco.com/groceries/en-GB/shop/bakery/all?department=Cakes%2C%20Cake%20Bars%2C%20Slices%20%26%20Pies&viewAll=department&page=,£1.60,£0.55/100g,,,/groceries/en-GB/products/272574416,https://digitalcontent.api.tesco.com/v2/media/ghs/67298460-8ec2-4a0b-9486-a0bb66bd0e37/e87df799-407a-436e-85cc-b83648dbc376_1995498413.jpeg?h=225&w=225,
293459844,Tesco Coconut & Raspberry Loaf Cake,https://www.tesco.com/groceries/en-GB/shop/bakery/all?department=Cakes%2C%20Cake%20Bars%2C%20Slices%20%26%20Pies&viewAll=department&page=,£1.90,£1.90/each,,,/groceries/en-GB/products/293459844,https://digitalcontent.api.tesco.com/v2/media/ghs/40b72b37-0c27-4ec2-8865-03f14d5983be/39307c59-60a3-4e92-b103-ea45d22ce919.jpeg?h=225&w=225,
309177980,Tesco Rocky Road Bites 195G,https://www.tesco.com/groceries/en-GB/shop/bakery/all?department=Cakes%2C%20Cake%20Bars%2C%20Slices%20%26%20Pies&viewAll=department&page=,£2.25,£1.16/100g,£2.00 Clubcard Price,,/groceries/en-GB/products/309177980,https://digitalcontent.api.tesco.com/v2/media/ghs/ebaf35ff-ce9f-4070-823d-8bfe3f80c53b/604a0012-e671-43de-a4eb-338d9a188db1_1294736973.jpeg?h=225&w=225,
307340507,Tesco Plant Chef 6 Mince Pies,https://www.tesco.com/groceries/en-GB/shop/bakery/all?department=Cakes%2C%20Cake%20Bars%2C%20Slices%20%26%20Pies&viewAll=department&page=,£1.50,£0.25/each,,,/groceries/en-GB/products/307340507,https://digitalcontent.api.tesco.com/v2/media/ghs/2b5ee303-af78-404b-a212-deae70a6384a/7c174d89-42a7-43b9-bc2a-73e560721dba_2124173273.jpeg?h=225&w=225,
302959106,Cadbury Dairy Milk 16 Flapjack Bites,https://www.tesco.com/groceries/en-GB/shop/bakery/all?department=Cakes%2C%20Cake%20Bars%2C%20Slices%20%26%20Pies&viewAll=department&page=,£2.25,£0.14/each,,,/groceries/en-GB/products/302959106,https://digitalcontent.api.tesco.com/v2/media/ghs/909aa1cb-7d80-4e9c-9522-dbc468b48403/fd6132d4-72ec-470d-9fcb-072ed9edff41_1048297511.jpeg?h=225&w=225,
266712608,Tesco Free From Cherry Bakewell Tarts 4 Pack,https://www.tesco.com/groceries/en-GB/shop/bakery/all?department=Cakes%2C%20Cake%20Bars%2C%20Slices%20%26%20Pies&viewAll=department&page=,£2.00,£0.50/each,,,/groceries/en-GB/products/266712608,https://digitalcontent.api.tesco.com/v2/media/ghs/6d79710e-cb5e-43c9-8959-7498e041ee9d/d04b5674-3b8e-48ad-a7a9-9a8252c17d8c.jpeg?h=225&w=225,
255538198,Tesco Coconut Sponge Cake Each,https://www.tesco.com/groceries/en-GB/shop/bakery/all?department=Cakes%2C%20Cake%20Bars%2C%20Slices%20%26%20Pies&viewAll=department&page=,£1.35,£1.35/each,,,/groceries/en-GB/products/255538198,https://digitalcontent.api.tesco.com/v2/media/ghs/aecc417f-7ed0-47a3-90c6-63a96d775a29/ea1fab6c-a34d-4f0e-b694-eefcc3a6555a.jpeg?h=225&w=225,
265914056,Tesco Iced Coffee Cake,https://www.tesco.com/groceries/en-GB/shop/bakery/all?department=Cakes%2C%20Cake%20Bars%2C%20Slices%20%26%20Pies&viewAll=department&page=,£1.60,£1.60/each,,,/groceries/en-GB/products/265914056,https://digitalcontent.api.tesco.com/v2/media/ghs/38b94bea-c919-4178-91b2-29384a0d5390/1fde118f-d1e5-426d-b4d6-7c414b79f38e.jpeg?h=225&w=225,
313182299,Bakery Delights Crisp Bakes 125G,https://www.tesco.com/groceries/en-GB/shop/bakery/all?department=Cakes%2C%20Cake%20Bars%2C%20Slices%20%26%20Pies&viewAll=department&page=,£1.10,£0.88/100g,,,/groceries/en-GB/products/313182299,https://digitalcontent.api.tesco.com/v2/media/ghs/c7f1b153-77b9-4446-925f-faf2691a8f78/1fed8257-921a-482a-87bf-6ab278417f89_768261013.jpeg?h=225&w=225,
256180635,Tesco Lemon Iced Madeira Cake Each,https://www.tesco.com/groceries/en-GB/shop/bakery/all?department=Cakes%2C%20Cake%20Bars%2C%20Slices%20%26%20Pies&viewAll=department&page=,£1.60,£1.60/each,,,/groceries/en-GB/products/256180635,https://digitalcontent.api.tesco.com/v2/media/ghs/9c60acbe-33ae-4470-8c17-982908b591af/62f0ca88-b4cd-4cd9-bba7-f65977e3668e.jpeg?h=225&w=225,
297571554,Galaxy Chocolate Orange Cake Bars 5 Pack,https://www.tesco.com/groceries/en-GB/shop/bakery/all?department=Cakes%2C%20Cake%20Bars%2C%20Slices%20%26%20Pies&viewAll=department&page=,£1.25,£0.25/each,,,/groceries/en-GB/products/297571554,https://digitalcontent.api.tesco.com/v2/media/ghs/1af72397-a159-4d2b-84d9-d16267153811/e6fbd2be-290a-4f04-bd19-aee2e4803bb4_895202907.jpeg?h=225&w=225,
312573368,Tesco 2 Chocolate Fudge Cupcakes,https://www.tesco.com/groceries/en-GB/shop/bakery/all?department=Cakes%2C%20Cake%20Bars%2C%20Slices%20%26%20Pies&viewAll=department&page=,£1.40,£0.70/each,,,/groceries/en-GB/products/312573368,https://digitalcontent.api.tesco.com/v2/media/ghs/620b20db-4150-483a-8de4-37d1816acb15/7fa67bae-8f7e-4aad-835d-62f94a28ff6c_2041396231.jpeg?h=225&w=225,
284508478,Mcvities Jaffa Cake Bars 10 Pack,https://www.tesco.com/groceries/en-GB/shop/bakery/all?department=Cakes%2C%20Cake%20Bars%2C%20Slices%20%26%20Pies&viewAll=department&page=,£2.50,£0.25/each,,,/groceries/en-GB/products/284508478,https://digitalcontent.api.tesco.com/v2/media/ghs/0851aa99-008c-4014-9567-7171f332f99d/ba975ea3-3d98-41b8-a9e0-fa8333dfd228_336450126.jpeg?h=225&w=225,
309777293,Tesco Free From 4 Mince Pies 220G,https://www.tesco.com/groceries/en-GB/shop/bakery/all?department=Cakes%2C%20Cake%20Bars%2C%20Slices%20%26%20Pies&viewAll=department&page=,£1.70,£0.77/100g,,,/groceries/en-GB/products/309777293,https://digitalcontent.api.tesco.com/v2/media/ghs/e21892ba-85ab-4102-aaee-8b871d4eac6e/98ced2e0-7054-4e36-9c25-dda5eed5b3b4_21017687.jpeg?h=225&w=225,
267207059,Tesco Party Cake Selection 12 Pack,https://www.tesco.com/groceries/en-GB/shop/bakery/all?department=Cakes%2C%20Cake%20Bars%2C%20Slices%20%26%20Pies&viewAll=department&page=,£2.25,£0.19/each,,,/groceries/en-GB/products/267207059,https://digitalcontent.api.tesco.com/v2/media/ghs/b9407b3e-a6ed-4326-a75e-4db3edb8d971/17f02323-ab69-4231-b880-bd577cf3739d.jpeg?h=225&w=225,
312361509,Soreen Malt Loaf 390G,https://www.tesco.com/groceries/en-GB/shop/bakery/all?department=Cakes%2C%20Cake%20Bars%2C%20Slices%20%26%20Pies&viewAll=department&page=,£1.75,£0.45/100g,,,/groceries/en-GB/products/312361509,https://digitalcontent.api.tesco.com/v2/media/ghs/885e8045-643a-40c6-a929-1a436ab2e2b6/0462f37f-f13f-404c-9e14-09f1634aabff.jpeg?h=225&w=225,
310182125,Mr Kipling Chocolate & Orange Tarts 6 Pack,https://www.tesco.com/groceries/en-GB/shop/bakery/all?department=Cakes%2C%20Cake%20Bars%2C%20Slices%20%26%20Pies&viewAll=department&page=,£1.75,£0.29/each,,,/groceries/en-GB/products/310182125,https://digitalcontent.api.tesco.com/v2/media/ghs/b57c106a-7bc5-42a5-b51a-f35dca325eab/40a8b7e8-3643-4afc-bd94-f6ba30e2cb92.jpeg?h=225&w=225,
302528818,Mr Kipling 6 Snowflake Mince Pies,https://www.tesco.com/groceries/en-GB/shop/bakery/all?department=Cakes%2C%20Cake%20Bars%2C%20Slices%20%26%20Pies&viewAll=department&page=,£1.85,£0.31/each,£1.50 Clubcard Price,,/groceries/en-GB/products/302528818,https://digitalcontent.api.tesco.com/v2/media/ghs/60ee1449-4036-4959-bf53-96a37c0864ca/a24a05e5-1aa0-4fd6-9113-3e6b529ed8c4.jpeg?h=225&w=225,
254946816,Mcvitie's Original Lyle's Golden Syrup Cake,https://www.tesco.com/groceries/en-GB/shop/bakery/all?department=Cakes%2C%20Cake%20Bars%2C%20Slices%20%26%20Pies&viewAll=department&page=,£1.50,£1.50/each,£1.00 Clubcard Price,,/groceries/en-GB/products/254946816,https://digitalcontent.api.tesco.com/v2/media/ghs/f133c7dc-7bda-494a-8250-594b87ac6116/46ed5dba-bec8-4419-976f-f5bb13bd00f3.jpeg?h=225&w=225,
306928539,Cadbury Crunchie Cake Bars 5 Pack,https://www.tesco.com/groceries/en-GB/shop/bakery/all?department=Cakes%2C%20Cake%20Bars%2C%20Slices%20%26%20Pies&viewAll=department&page=,£2.00,£0.40/each,,,/groceries/en-GB/products/306928539,https://digitalcontent.api.tesco.com/v2/media/ghs/191001dc-4107-44d0-9102-b7884edea876/a6b7a494-707a-4b0c-8411-fa34b6591def_1693587428.jpeg?h=225&w=225,
307155888,Tesco Finest Apple Flapjack Crumble 250G,https://www.tesco.com/groceries/en-GB/shop/bakery/all?department=Cakes%2C%20Cake%20Bars%2C%20Slices%20%26%20Pies&viewAll=department&page=,£3.00,£1.20/100g,"Tesco Finest* Meal Deal for £12 Clubcard Price - Buy 1 Main, 1 Side, 1 Dessert & A Drink",,/groceries/en-GB/products/307155888,https://digitalcontent.api.tesco.com/v2/media/ghs/7340dbec-f604-437c-a483-4db456359144/bbb64509-c715-4d94-85fd-3a1dbcbfc79a.jpeg?h=225&w=225,
309769936,Mcvities Digestives 5 Milk Chocolate Slices 114.1G,https://www.tesco.com/groceries/en-GB/shop/bakery/all?department=Cakes%2C%20Cake%20Bars%2C%20Slices%20%26%20Pies&viewAll=department&page=,£1.00,£0.88/100g,,,/groceries/en-GB/products/309769936,https://digitalcontent.api.tesco.com/v2/media/ghs/e6ea36bc-5dc1-4b94-98ce-ab177d265bb5/7e75b03c-d94d-4075-aa15-39319e314257_494431975.jpeg?h=225&w=225,
268776886,Tesco Finest Rich Fruit Cake 907G,https://www.tesco.com/groceries/en-GB/shop/bakery/all?department=Cakes%2C%20Cake%20Bars%2C%20Slices%20%26%20Pies&viewAll=department&page=,£10.00,£1.11/100g,£7.50 Clubcard Price,,/groceries/en-GB/products/268776886,https://digitalcontent.api.tesco.com/v2/media/ghs/9f2c92e8-a99c-4192-8667-2b3d86d0dae5/7486a45a-b3f2-4487-aec6-4e21cec5015d.jpeg?h=225&w=225,
258300895,Tesco Large Chocolate Celeb Cake Each,https://www.tesco.com/groceries/en-GB/shop/bakery/all?department=Cakes%2C%20Cake%20Bars%2C%20Slices%20%26%20Pies&viewAll=department&page=,£10.00,£10.00/each,,,/groceries/en-GB/products/258300895,https://digitalcontent.api.tesco.com/v2/media/ghs/f801a2c8-6e6a-40c9-89c3-8550c6a94437/48e083ca-59db-48f7-b3f7-a92d5c37fd34.jpeg?h=225&w=225,
259405113,Tesco Curly The Caterpillar Cake Each,https://www.tesco.com/groceries/en-GB/shop/bakery/all?department=Cakes%2C%20Cake%20Bars%2C%20Slices%20%26%20Pies&viewAll=department&page=,£6.50,£6.50/each,,,/groceries/en-GB/products/259405113,https://digitalcontent.api.tesco.com/v2/media/ghs/e084e4bf-003b-41be-a3f4-2addac694245/9097a07e-a7ce-4b71-b1bb-1ce9f6f70266.jpeg?h=225&w=225,
312560965,Tesco 12 Party Cupcakes,https://www.tesco.com/groceries/en-GB/shop/bakery/all?department=Cakes%2C%20Cake%20Bars%2C%20Slices%20%26%20Pies&viewAll=department&page=,£7.00,£0.58/each,£6.30 Clubcard Price,,/groceries/en-GB/products/312560965,https://digitalcontent.api.tesco.com/v2/media/ghs/d8939f21-f42f-4294-83f5-cfb2876dc7fe/087ee028-560e-4200-8d9d-e12c9ef68a6b_214850760.jpeg?h=225&w=225,
312359692,Tesco 6 Celebration Cupcakes,https://www.tesco.com/groceries/en-GB/shop/bakery/all?department=Cakes%2C%20Cake%20Bars%2C%20Slices%20%26%20Pies&viewAll=department&page=,£4.00,£0.67/each,,,/groceries/en-GB/products/312359692,https://digitalcontent.api.tesco.com/v2/media/ghs/8a8b7f23-d18c-4a0f-88b5-1e8b3da6bce0/85ad05d1-b19b-4c06-acd5-9f235f216ad7_1071708091.jpeg?h=225&w=225,
268776892,Tesco Top Iced Fruit Cake 907G,https://www.tesco.com/groceries/en-GB/shop/bakery/all?department=Cakes%2C%20Cake%20Bars%2C%20Slices%20%26%20Pies&viewAll=department&page=,£5.50,£0.61/100g,,,/groceries/en-GB/products/268776892,https://digitalcontent.api.tesco.com/v2/media/ghs/0054178c-4156-48f9-8de5-a218869329f1/696a938b-a272-4ec4-a1e6-c699acd31d71.jpeg?h=225&w=225,
260645645,Tesco Finest Belgian Chocolate Bombe 227G,https://www.tesco.com/groceries/en-GB/shop/bakery/all?department=Cakes%2C%20Cake%20Bars%2C%20Slices%20%26%20Pies&viewAll=department&page=,£3.00,£1.33/100g,,,/groceries/en-GB/products/260645645,https://digitalcontent.api.tesco.com/v2/media/ghs/072d903c-4969-4825-a76e-0327c4d78ec8/da897be3-66b9-4786-b101-af38e556e235.jpeg?h=225&w=225,
264938333,Tesco Rich Fruit Cake 800G,https://www.tesco.com/groceries/en-GB/shop/bakery/all?department=Cakes%2C%20Cake%20Bars%2C%20Slices%20%26%20Pies&viewAll=department&page=,£4.50,£0.56/100g,,,/groceries/en-GB/products/264938333,https://digitalcontent.api.tesco.com/v2/media/ghs/596b2dce-df23-4ddc-80c2-f27ee696af71/13ccae5d-3ece-47b8-8998-3b919397bf4a.jpeg?h=225&w=225,
297385734,Tesco Finest Gingerbread & Butterscotch Melt Pudding 227G,https://www.tesco.com/groceries/en-GB/shop/bakery/all?department=Cakes%2C%20Cake%20Bars%2C%20Slices%20%26%20Pies&viewAll=department&page=,£3.00,£1.33/100g,,,/groceries/en-GB/products/297385734,https://digitalcontent.api.tesco.com/v2/media/ghs/37226afe-87bf-4372-8121-10aea2f9893d/9b80d68c-74bb-4bf1-90ae-be07f62d9e78_1815945766.jpeg?h=225&w=225,
293478717,Tesco Finest Mini Iced Fruit Cake 150G,https://www.tesco.com/groceries/en-GB/shop/bakery/all?department=Cakes%2C%20Cake%20Bars%2C%20Slices%20%26%20Pies&viewAll=department&page=,£2.75,£1.84/100g,,,/groceries/en-GB/products/293478717,https://digitalcontent.api.tesco.com/v2/media/ghs/2a74712b-e79f-43ef-a53a-05d3be71f2ef/82923927-5976-42c7-971c-8fc3ef9c512b_785597261.jpeg?h=225&w=225,
303730444,Bonne Maman Lemon Madeleines 175G,https://www.tesco.com/groceries/en-GB/shop/bakery/all?department=Cakes%2C%20Cake%20Bars%2C%20Slices%20%26%20Pies&viewAll=department&page=,£2.50,£1.43/100g,,,/groceries/en-GB/products/303730444,https://digitalcontent.api.tesco.com/v2/media/ghs/2b63ad46-16af-40b6-baee-0ff1689ca677/97eb8102-ef56-4146-8661-6585c23ad377_673964250.jpeg?h=225&w=225,
305968062,Tesco Flapjack 240G,https://www.tesco.com/groceries/en-GB/shop/bakery/all?department=Cakes%2C%20Cake%20Bars%2C%20Slices%20%26%20Pies&viewAll=department&page=,£1.85,£0.77/100g,,,/groceries/en-GB/products/305968062,https://digitalcontent.api.tesco.com/v2/media/ghs/bba00c75-e789-4036-92f5-3e92dfb4595c/75f7d3c8-5394-47b2-b2ff-0a93825f7179_796058275.jpeg?h=225&w=225,
297571116,Cadbury Reindeer Cakes 4 Pack,https://www.tesco.com/groceries/en-GB/shop/bakery/all?department=Cakes%2C%20Cake%20Bars%2C%20Slices%20%26%20Pies&viewAll=department&page=,£2.50,£0.62/each,,,/groceries/en-GB/products/297571116,https://digitalcontent.api.tesco.com/v2/media/ghs/d0d32b10-8236-40b0-9a8f-452cbc99af47/6a5c1418-22d5-42d3-9a69-77672364628f_1432731196.jpeg?h=225&w=225,
287437919,Bonne Maman Mini Fruit Cakes 210G,https://www.tesco.com/groceries/en-GB/shop/bakery/all?department=Cakes%2C%20Cake%20Bars%2C%20Slices%20%26%20Pies&viewAll=department&page=,£2.50,£1.20/100g,,,/groceries/en-GB/products/287437919,https://digitalcontent.api.tesco.com/v2/media/ghs/b6f5971d-9577-4184-a92f-5735c77b47a6/60ac4220-0c19-436d-ae57-2d598584f07d_1235966861.jpeg?h=225&w=225,
256299864,Tesco Syrup Sponge 300G,https://www.tesco.com/groceries/en-GB/shop/bakery/all?department=Cakes%2C%20Cake%20Bars%2C%20Slices%20%26%20Pies&viewAll=department&page=,£2.50,£0.83/100g,£2.00 Clubcard Price,,/groceries/en-GB/products/256299864,https://digitalcontent.api.tesco.com/v2/media/ghs/6361db90-ac8b-4199-a8b0-e9f435152487/91bebff2-6d48-4b53-9a57-70f910240a50.jpeg?h=225&w=225,
303617280,Tesco Free From Lemon Loaf Cake,https://www.tesco.com/groceries/en-GB/shop/bakery/all?department=Cakes%2C%20Cake%20Bars%2C%20Slices%20%26%20Pies&viewAll=department&page=,£2.50,£2.50/each,,,/groceries/en-GB/products/303617280,https://digitalcontent.api.tesco.com/v2/media/ghs/40d28536-5619-4fff-83a4-9b45afb6b6ac/d7625de8-65ef-4536-8c6e-29cb914a87f0.jpeg?h=225&w=225,
300644089,Tesco Free From Double Chocolate Mini Muffin 12 Pack,https://www.tesco.com/groceries/en-GB/shop/bakery/all?department=Cakes%2C%20Cake%20Bars%2C%20Slices%20%26%20Pies&viewAll=department&page=,£2.10,£0.18/each,,,/groceries/en-GB/products/300644089,https://digitalcontent.api.tesco.com/v2/media/ghs/61d8e942-b628-4f6e-b15c-6b8c06f1f97f/4d8c1c52-059d-46d3-8e15-7f4e1c39d8c2.jpeg?h=225&w=225,
286069135,Genius Blueberry Muffin 2 Pack,https://www.tesco.com/groceries/en-GB/shop/bakery/all?department=Cakes%2C%20Cake%20Bars%2C%20Slices%20%26%20Pies&viewAll=department&page=,£2.00,£1.00/each,£1.75 Clubcard Price,,/groceries/en-GB/products/286069135,https://digitalcontent.api.tesco.com/v2/media/ghs/0694eb5c-3762-49f4-9fa2-82c917544908/23b1046f-6256-4656-a1dc-e224e5583d08.jpeg?h=225&w=225,
293459809,Tesco Banana Loaf Cake,https://www.tesco.com/groceries/en-GB/shop/bakery/all?department=Cakes%2C%20Cake%20Bars%2C%20Slices%20%26%20Pies&viewAll=department&page=,£1.90,£1.90/each,,,/groceries/en-GB/products/293459809,https://digitalcontent.api.tesco.com/v2/media/ghs/f457a995-b777-46e8-bed8-58c40ef8ef2c/1ee6669a-525d-43f4-9b1b-75c41cea4576.jpeg?h=225&w=225,
304380821,Mr Kipling 6Pack Apple Pear& Custard Crumble Tarts,https://www.tesco.com/groceries/en-GB/shop/bakery/all?department=Cakes%2C%20Cake%20Bars%2C%20Slices%20%26%20Pies&viewAll=department&page=,£2.65,£0.44/each,£2.00 Clubcard Price,,/groceries/en-GB/products/304380821,https://digitalcontent.api.tesco.com/v2/media/ghs/81477127-7ca1-4196-91d7-d4c580084cad/513065aa-b3d3-4eac-9ffc-86f2a042da3d_1875844654.jpeg?h=225&w=225,
293460058,Tesco Marble Loaf Cake,https://www.tesco.com/groceries/en-GB/shop/bakery/all?department=Cakes%2C%20Cake%20Bars%2C%20Slices%20%26%20Pies&viewAll=department&page=,£1.90,£1.90/each,,,/groceries/en-GB/products/293460058,https://digitalcontent.api.tesco.com/v2/media/ghs/701248c1-1ad3-48e8-b379-a48b225ef5d4/bf24eb5f-d203-4152-a9c6-63c696f3d494.jpeg?h=225&w=225,
268770593,Tesco Crispy Caramel Bites 20 Pack,https://www.tesco.com/groceries/en-GB/shop/bakery/all?department=Cakes%2C%20Cake%20Bars%2C%20Slices%20%26%20Pies&viewAll=department&page=,£2.25,£0.11/each,£2.00 Clubcard Price,,/groceries/en-GB/products/268770593,https://digitalcontent.api.tesco.com/v2/media/ghs/2e32e55c-b1a8-4b2e-9e10-b95a2c13b5df/ca0221ec-75a7-432e-9419-0142270f1321.jpeg?h=225&w=225,
285385424,Tesco Jam Roly Poly 460G,https://www.tesco.com/groceries/en-GB/shop/bakery/all?department=Cakes%2C%20Cake%20Bars%2C%20Slices%20%26%20Pies&viewAll=department&page=,£3.15,£0.68/100g,,,/groceries/en-GB/products/285385424,https://digitalcontent.api.tesco.com/v2/media/ghs/3a68b5a7-0152-45ca-a90b-af80aa122e9c/b8a387fa-da02-49bd-bb8a-dbdba0864398.jpeg?h=225&w=225,
308453279,Soreen Fruit &Vegm Orange & Rainbow Carrot Bakes 5 Pack 150G,https://www.tesco.com/groceries/en-GB/shop/bakery/all?department=Cakes%2C%20Cake%20Bars%2C%20Slices%20%26%20Pies&viewAll=department&page=,£1.75,£1.17/100g,,,/groceries/en-GB/products/308453279,https://digitalcontent.api.tesco.com/v2/media/ghs/14701425-8b97-405e-a8e2-3847ddd82c9f/a0adb3de-a1ff-45c3-baac-944b600727f2.jpeg?h=225&w=225,
266712960,Tesco Free From Jam Tarts 6 Pack,https://www.tesco.com/groceries/en-GB/shop/bakery/all?department=Cakes%2C%20Cake%20Bars%2C%20Slices%20%26%20Pies&viewAll=department&page=,£2.00,£0.33/each,,,/groceries/en-GB/products/266712960,https://digitalcontent.api.tesco.com/v2/media/ghs/7ae68210-4f82-46cc-8824-e3ff62c7e0f3/13ea9c8f-1b12-4a84-b1ae-d530e3e3f88b.jpeg?h=225&w=225,
308449983,Soreen 5 Fruit & Vegmms Blackberry & Beetroot Bake 150G,https://www.tesco.com/groceries/en-GB/shop/bakery/all?department=Cakes%2C%20Cake%20Bars%2C%20Slices%20%26%20Pies&viewAll=department&page=,£1.75,£1.17/100g,,,/groceries/en-GB/products/308449983,https://digitalcontent.api.tesco.com/v2/media/ghs/e9fd033c-2a9b-454d-bc89-37219c604a54/7aa25ea9-eaff-46a6-8b6f-551d75d58cbf.jpeg?h=225&w=225,
305957806,Tesco Chocolate Brownie Bar Cake,https://www.tesco.com/groceries/en-GB/shop/bakery/all?department=Cakes%2C%20Cake%20Bars%2C%20Slices%20%26%20Pies&viewAll=department&page=,£2.10,£2.10/each,,,/groceries/en-GB/products/305957806,https://digitalcontent.api.tesco.com/v2/media/ghs/95290889-472a-4a0f-a88d-2270b391b291/58c6fd46-4243-490a-8b03-0b497647d627.jpeg?h=225&w=225,
305988320,Tesco Chocolate Mega Loaf,https://www.tesco.com/groceries/en-GB/shop/bakery/all?department=Cakes%2C%20Cake%20Bars%2C%20Slices%20%26%20Pies&viewAll=department&page=,£2.00,£2.00/each,,,/groceries/en-GB/products/305988320,https://digitalcontent.api.tesco.com/v2/media/ghs/c72cf3f3-1297-4aa9-a862-815a81ed6174/908aa946-e1af-4866-9cd1-c2cbef41be73.jpeg?h=225&w=225,
256682675,Tesco Free From Bramley Apple Pies 4 Pack,https://www.tesco.com/groceries/en-GB/shop/bakery/all?department=Cakes%2C%20Cake%20Bars%2C%20Slices%20%26%20Pies&viewAll=department&page=,£2.00,£0.50/each,,,/groceries/en-GB/products/256682675,https://digitalcontent.api.tesco.com/v2/media/ghs/ff48e2fc-f240-43a8-bba7-e788255bad0f/2f613ef4-6f38-4985-88c6-a8acf9058018.jpeg?h=225&w=225,
310120997,Tesco Free From 4 Iced Topped Mince Pies 225G,https://www.tesco.com/groceries/en-GB/shop/bakery/all?department=Cakes%2C%20Cake%20Bars%2C%20Slices%20%26%20Pies&viewAll=department&page=,£1.85,£0.82/100g,,,/groceries/en-GB/products/310120997,https://digitalcontent.api.tesco.com/v2/media/ghs/4c1ca8da-2582-4df5-9073-05432a1cf0dc/6ce66bdc-63a3-4598-80eb-08d5682c004d_1508490913.jpeg?h=225&w=225,
309461902,Thorntons Bites Caramel Shortcakes Milk Chocolate 10Pack,https://www.tesco.com/groceries/en-GB/shop/bakery/all?department=Cakes%2C%20Cake%20Bars%2C%20Slices%20%26%20Pies&viewAll=department&page=,£1.60,£0.16/each,,,/groceries/en-GB/products/309461902,https://digitalcontent.api.tesco.com/v2/media/ghs/e96fa2b8-0e81-4867-a68a-6ca6e8138d9e/efebfc7f-0b3f-4ba7-8589-9eb579127d66_1378265344.jpeg?h=225&w=225,
284905092,Tesco Chocolate Swirl Bites 8 Pack,https://www.tesco.com/groceries/en-GB/shop/bakery/all?department=Cakes%2C%20Cake%20Bars%2C%20Slices%20%26%20Pies&viewAll=department&page=,£1.25,£0.16/each,,,/groceries/en-GB/products/284905092,https://digitalcontent.api.tesco.com/v2/media/ghs/53aaa92f-4ba8-4456-9d12-01cc47478716/af6a8d5d-c928-49a8-91be-09247fc09157_1927349864.jpeg?h=225&w=225,
304371475,Tesco Free From 4 Caramelised Apple Crumble Pies,https://www.tesco.com/groceries/en-GB/shop/bakery/all?department=Cakes%2C%20Cake%20Bars%2C%20Slices%20%26%20Pies&viewAll=department&page=,£1.85,£0.46/each,,,/groceries/en-GB/products/304371475,https://digitalcontent.api.tesco.com/v2/media/ghs/5c00ed76-f6b5-425c-80e7-9ca02a79de83/361c215a-1295-4140-86cb-2b7c7577555d_1272803896.jpeg?h=225&w=225,
255503493,Tesco Lemon Curd Tarts 6 Pack,https://www.tesco.com/groceries/en-GB/shop/bakery/all?department=Cakes%2C%20Cake%20Bars%2C%20Slices%20%26%20Pies&viewAll=department&page=,£1.05,£0.18/each,,,/groceries/en-GB/products/255503493,https://digitalcontent.api.tesco.com/v2/media/ghs/ba84f187-3d12-4d0b-a867-3f7f02bfb07e/9c5bfce0-1d91-4f3c-b480-90e82e731df9.jpeg?h=225&w=225,
278298031,Tesco 9 Chocolate Brownie Bites,https://www.tesco.com/groceries/en-GB/shop/bakery/all?department=Cakes%2C%20Cake%20Bars%2C%20Slices%20%26%20Pies&viewAll=department&page=,£1.00,£0.11/each,,,/groceries/en-GB/products/278298031,https://digitalcontent.api.tesco.com/v2/media/ghs/60f9c689-dd9b-4eff-a349-51dc54915f83/8de3bd2a-806a-405d-b9fb-736fe26dd171.jpeg?h=225&w=225,
288389939,Norfolk Cake Co Honey Flapjack,https://www.tesco.com/groceries/en-GB/shop/bakery/all?department=Cakes%2C%20Cake%20Bars%2C%20Slices%20%26%20Pies&viewAll=department&page=,£0.90,£0.90/each,"£3.40 Meal Deal Clubcard Price £3.90 Meal Deal Regular Price - Selected Drink, Snack, Wrap, Sandwich, Roll, Pasty Or Salad",,/groceries/en-GB/products/288389939,https://digitalcontent.api.tesco.com/v2/media/ghs/4e340880-0abc-4c62-88c6-89d41f845957/snapshotimagehandler_1959916757.jpeg?h=225&w=225,
308109689,Tesco Free From 4 Chocolate Cupcakes,https://www.tesco.com/groceries/en-GB/shop/bakery/all?department=Cakes%2C%20Cake%20Bars%2C%20Slices%20%26%20Pies&viewAll=department&page=,£2.30,£0.58/each,,,/groceries/en-GB/products/308109689,https://digitalcontent.api.tesco.com/v2/media/ghs/0346d224-1b8b-418e-9cf8-3d24ba4edb21/71289b12-a72e-45d0-99ed-56b5d10e3e28.jpeg?h=225&w=225,
258388082,Tesco Chocolate Party Cake,https://www.tesco.com/groceries/en-GB/shop/bakery/all?department=Cakes%2C%20Cake%20Bars%2C%20Slices%20%26%20Pies&viewAll=department&page=,£8.00,£8.00/each,,,/groceries/en-GB/products/258388082,https://digitalcontent.api.tesco.com/v2/media/ghs/18240a7e-a16e-4d6c-b279-96d430dbc52a/c683b3df-7d93-47dc-899f-1e6ea6acf913.jpeg?h=225&w=225,
308493802,Tesco Calli The Caterpillar Cake,https://www.tesco.com/groceries/en-GB/shop/bakery/all?department=Cakes%2C%20Cake%20Bars%2C%20Slices%20%26%20Pies&viewAll=department&page=,£6.50,£6.50/each,,,/groceries/en-GB/products/308493802,https://digitalcontent.api.tesco.com/v2/media/ghs/ecb384d7-ca09-4b65-bb56-d741534cc207/e1780526-0347-4544-a7d5-7488a6f2c1c2.jpeg?h=225&w=225,
274192778,Tesco Finest Rich Fruit Cake 800G,https://www.tesco.com/groceries/en-GB/shop/bakery/all?department=Cakes%2C%20Cake%20Bars%2C%20Slices%20%26%20Pies&viewAll=department&page=,£6.50,£0.81/100g,,,/groceries/en-GB/products/274192778,https://digitalcontent.api.tesco.com/v2/media/ghs/317e29de-57e4-4f0b-b890-683c8a1473cd/46b89931-e9c9-4168-8a1b-d06f6c7d4e14.jpeg?h=225&w=225,
264938346,Tesco Cherry Genoa Cake 800G,https://www.tesco.com/groceries/en-GB/shop/bakery/all?department=Cakes%2C%20Cake%20Bars%2C%20Slices%20%26%20Pies&viewAll=department&page=,£6.50,£0.81/100g,,,/groceries/en-GB/products/264938346,https://digitalcontent.api.tesco.com/v2/media/ghs/3386992e-359d-4945-99da-846f5cd6fe4f/9e05cc22-849a-4033-afb3-a92d92dd46ea.jpeg?h=225&w=225,
299999638,Ms Mollys Madeira Cake ..,https://www.tesco.com/groceries/en-GB/shop/bakery/all?department=Cakes%2C%20Cake%20Bars%2C%20Slices%20%26%20Pies&viewAll=department&page=,£4.49,£4.49/each,Aldi Price Match,,/groceries/en-GB/products/299999638,https://digitalcontent.api.tesco.com/v2/media/ghs/8ffc58f0-521b-4e6f-8765-1f189ffd5eba/36e41c2d-8cde-4db1-8929-6b83e0fd6bc8.jpeg?h=225&w=225,
303629755,Tesco Finest Free From Millionaire Slices 4 Pack,https://www.tesco.com/groceries/en-GB/shop/bakery/all?department=Cakes%2C%20Cake%20Bars%2C%20Slices%20%26%20Pies&viewAll=department&page=,£3.00,£0.75/each,,,/groceries/en-GB/products/303629755,https://digitalcontent.api.tesco.com/v2/media/ghs/c4f7bc58-5642-4ae3-9e0f-8d46c0bba69c/f453f8a6-3951-45cb-a94d-b4ad39836440_1424757526.jpeg?h=225&w=225,
309163799,Wicked Kitchen 4 Lemon Cupcakes,https://www.tesco.com/groceries/en-GB/shop/bakery/all?department=Cakes%2C%20Cake%20Bars%2C%20Slices%20%26%20Pies&viewAll=department&page=,£4.00,£1.00/each,,,/groceries/en-GB/products/309163799,https://digitalcontent.api.tesco.com/v2/media/ghs/46482885-5aea-4e8e-9ca8-9fa67e689674/b82f59ed-ce71-4e12-b28f-1689b81ccb25.jpeg?h=225&w=225,
311213941,Oggs Vegan Mini Vanilla Cupcakes 9 Pack 180G,https://www.tesco.com/groceries/en-GB/shop/bakery/all?department=Cakes%2C%20Cake%20Bars%2C%20Slices%20%26%20Pies&viewAll=department&page=,£3.95,£2.20/100g,,,/groceries/en-GB/products/311213941,https://digitalcontent.api.tesco.com/v2/media/ghs/9d92f2f5-dc9b-48b9-995e-19e1f80f2787/9f730def-4482-437d-ac84-e6ea05706c48_1439772053.jpeg?h=225&w=225,
312580198,Tesco 6 Half & Half Cupcakes,https://www.tesco.com/groceries/en-GB/shop/bakery/all?department=Cakes%2C%20Cake%20Bars%2C%20Slices%20%26%20Pies&viewAll=department&page=,£4.00,£0.67/each,,,/groceries/en-GB/products/312580198,https://digitalcontent.api.tesco.com/v2/media/ghs/bbd49a22-03ba-497c-becd-5149c6bdcf6d/bef236bc-0752-4a16-918d-c5ec4097dea7_1600027500.jpeg?h=225&w=225,
309170987,Wicked Kitchen 4 4 Chocolate Cupcakes,https://www.tesco.com/groceries/en-GB/shop/bakery/all?department=Cakes%2C%20Cake%20Bars%2C%20Slices%20%26%20Pies&viewAll=department&page=,£4.00,£1.00/each,,,/groceries/en-GB/products/309170987,https://digitalcontent.api.tesco.com/v2/media/ghs/a2125dc3-e9a5-49cb-9254-84d73b493dca/d54fdb4b-fca5-42d9-a857-a6ceb852d2d3.jpeg?h=225&w=225,
293789263,Tesco Raspberry Bakewell Tart 380G,https://www.tesco.com/groceries/en-GB/shop/bakery/all?department=Cakes%2C%20Cake%20Bars%2C%20Slices%20%26%20Pies&viewAll=department&page=,£3.55,£0.94/100g,,,/groceries/en-GB/products/293789263,https://digitalcontent.api.tesco.com/v2/media/ghs/9ccfc289-5d64-4434-93f9-9a82ee58973f/bf67f191-b6b8-4aa7-9397-7d8ab54844c8.jpeg?h=225&w=225,
287938338,Tesco Finest Free From Carrot Cake,https://www.tesco.com/groceries/en-GB/shop/bakery/all?department=Cakes%2C%20Cake%20Bars%2C%20Slices%20%26%20Pies&viewAll=department&page=,£3.50,£3.50/each,,,/groceries/en-GB/products/287938338,https://digitalcontent.api.tesco.com/v2/media/ghs/05c4f0fa-6d02-4624-addb-ea71b2f1e354/8ba3858d-a340-4d96-8543-942dddcedb92.jpeg?h=225&w=225,
303127554,Tesco Free From Lemon Slices X5,https://www.tesco.com/groceries/en-GB/shop/bakery/all?department=Cakes%2C%20Cake%20Bars%2C%20Slices%20%26%20Pies&viewAll=department&page=,£2.30,£0.46/each,,,/groceries/en-GB/products/303127554,https://digitalcontent.api.tesco.com/v2/media/ghs/b0e22c40-be5b-438a-8011-cb4adb0a0e95/996b6adc-c728-4ec4-803c-5149f8a2ddc2.jpeg?h=225&w=225,
292832035,Mrs Crimble's Classic Madeleine 180G,https://www.tesco.com/groceries/en-GB/shop/bakery/all?department=Cakes%2C%20Cake%20Bars%2C%20Slices%20%26%20Pies&viewAll=department&page=,£2.30,£1.28/100g,£2.00 Clubcard Price,,/groceries/en-GB/products/292832035,https://digitalcontent.api.tesco.com/v2/media/ghs/739d053a-be33-4a77-b23d-6d21eaa2207f/561d898c-8283-4dda-becb-612b76ef9208_1393532911.jpeg?h=225&w=225,
305834981,Tesco Finest 4 Millionaire Shortbread Slices,https://www.tesco.com/groceries/en-GB/shop/bakery/all?department=Cakes%2C%20Cake%20Bars%2C%20Slices%20%26%20Pies&viewAll=department&page=,£2.70,£2.70/each,,,/groceries/en-GB/products/305834981,https://digitalcontent.api.tesco.com/v2/media/ghs/23762785-2be4-4026-b4ec-e490365735cc/95201bcb-064e-45a2-adee-e6a9e90ef89e_1737137343.jpeg?h=225&w=225,
308495472,Tesco Free From 5 Oaty Bakes 150G,https://www.tesco.com/groceries/en-GB/shop/bakery/all?department=Cakes%2C%20Cake%20Bars%2C%20Slices%20%26%20Pies&viewAll=department&page=,£2.00,£1.34/100g,,,/groceries/en-GB/products/308495472,https://digitalcontent.api.tesco.com/v2/media/ghs/bb32ef2d-dcc7-44ea-ac97-99820230361f/a50a0c7e-1e62-4547-a3e8-2b1b79221932.jpeg?h=225&w=225,
305943500,Tesco Madeira Mega Loaf,https://www.tesco.com/groceries/en-GB/shop/bakery/all?department=Cakes%2C%20Cake%20Bars%2C%20Slices%20%26%20Pies&viewAll=department&page=,£2.00,£2.00/each,,,/groceries/en-GB/products/305943500,https://digitalcontent.api.tesco.com/v2/media/ghs/7d5876f9-4ca3-45fa-941f-adbe9cf6d99e/38a0c202-94de-407e-994f-b8205bc93929.jpeg?h=225&w=225,
311230197,Mr Kipling Deliciously Good Angel Cake Slices X5,https://www.tesco.com/groceries/en-GB/shop/bakery/all?department=Cakes%2C%20Cake%20Bars%2C%20Slices%20%26%20Pies&viewAll=department&page=,£2.50,£0.50/each,£1.25 Clubcard Price,,/groceries/en-GB/products/311230197,https://digitalcontent.api.tesco.com/v2/media/ghs/b4a5f548-33d8-4cb3-a8e9-d8f60b351146/c5bea3bb-6ba4-468e-8a39-ddff3d6b84cc.jpeg?h=225&w=225,
312232507,The Cake Crew Rainbow Cupcakes 4 Pack,https://www.tesco.com/groceries/en-GB/shop/bakery/all?department=Cakes%2C%20Cake%20Bars%2C%20Slices%20%26%20Pies&viewAll=department&page=,£2.50,£0.62/each,,,/groceries/en-GB/products/312232507,https://digitalcontent.api.tesco.com/v2/media/ghs/e4effbb4-07d0-44a7-a5c9-702ed73ee9f1/f38f914d-abce-4e5b-bb8b-3c72a5623136_1647015107.jpeg?h=225&w=225,
310187713,Thorntons Chocolate Fudge Brownie Bites 10 Pack,https://www.tesco.com/groceries/en-GB/shop/bakery/all?department=Cakes%2C%20Cake%20Bars%2C%20Slices%20%26%20Pies&viewAll=department&page=,£1.60,£0.16/each,,,/groceries/en-GB/products/310187713,https://digitalcontent.api.tesco.com/v2/media/ghs/0cb7dc86-3a39-43ae-a88f-5dc20dc58c91/fa9527d4-7bfe-49a2-b750-3adbda27d793_43048592.jpeg?h=225&w=225,
310116620,Plantastic Sweet Apricot & Ginger With Almond Flapjack X5,https://www.tesco.com/groceries/en-GB/shop/bakery/all?department=Cakes%2C%20Cake%20Bars%2C%20Slices%20%26%20Pies&viewAll=department&page=,£2.25,£0.45/each,£1.15 Clubcard Price,,/groceries/en-GB/products/310116620,https://digitalcontent.api.tesco.com/v2/media/ghs/de6c25ae-5242-4c12-a8ea-8a55713c9e70/79224294-0e1c-4fee-bb88-6b294bc4ee22_169376754.jpeg?h=225&w=225,
309205458,Dina Handmade Classic Baklawa Selection 200G,https://www.tesco.com/groceries/en-GB/shop/bakery/all?department=Cakes%2C%20Cake%20Bars%2C%20Slices%20%26%20Pies&viewAll=department&page=,£2.25,£1.13/100g,,,/groceries/en-GB/products/309205458,https://digitalcontent.api.tesco.com/v2/media/ghs/78cf7247-6ab0-455d-90f7-ad61a59fe744/0410f72a-63f6-4063-be22-ff5113aff494_414731007.jpeg?h=225&w=225,
306949999,Mr Kipling Deluxe Millionaire Whirls 6 Pack,https://www.tesco.com/groceries/en-GB/shop/bakery/all?department=Cakes%2C%20Cake%20Bars%2C%20Slices%20%26%20Pies&viewAll=department&page=,£2.65,£0.44/each,£2.00 Clubcard Price,,/groceries/en-GB/products/306949999,https://digitalcontent.api.tesco.com/v2/media/ghs/b42d7814-083f-4704-b8dc-0e5101a0ebcf/4bdae2d9-e1eb-4dda-8af1-a4874523a6d1.jpeg?h=225&w=225,
312558243,Tesco 9 Classic Biscuit Mini Cupcakes,https://www.tesco.com/groceries/en-GB/shop/bakery/all?department=Cakes%2C%20Cake%20Bars%2C%20Slices%20%26%20Pies&viewAll=department&page=,£2.25,£0.25/each,,,/groceries/en-GB/products/312558243,https://digitalcontent.api.tesco.com/v2/media/ghs/30d3981e-c88c-45bc-b5f3-df5e76e6c52b/29f1c115-d257-4447-ac9d-8a09918558d1_1384117152.jpeg?h=225&w=225,
308456634,Tesco Free From Flapjack Bites 20 Pack,https://www.tesco.com/groceries/en-GB/shop/bakery/all?department=Cakes%2C%20Cake%20Bars%2C%20Slices%20%26%20Pies&viewAll=department&page=,£2.10,£0.10/each,,,/groceries/en-GB/products/308456634,https://digitalcontent.api.tesco.com/v2/media/ghs-mktg/b0b04216-fa73-466d-a9d7-c9fcfa1ce9b3/no-image.jpeg,
278129584,Tesco 8 Cornflake Clusters,https://www.tesco.com/groceries/en-GB/shop/bakery/all?department=Cakes%2C%20Cake%20Bars%2C%20Slices%20%26%20Pies&viewAll=department&page=,£1.00,£0.12/each,,,/groceries/en-GB/products/278129584,https://digitalcontent.api.tesco.com/v2/media/ghs/bfac8136-a262-408c-8d84-433137a01f62/fa346b75-21c7-4507-8c26-c1080130c7c9.jpeg?h=225&w=225,
290819809,Schar Wholesome White Loaf 300G,https://www.tesco.com/groceries/en-GB/shop/bakery/all?department=Free%20From%20Bakery&viewAll=department&page=,£2.75,£0.92/100g,,,/groceries/en-GB/products/290819809,https://digitalcontent.api.tesco.com/v2/media/ghs/4ab8713c-2602-4ff1-a845-dfd3f8879f16/932fa3cb-06f7-4c95-a6f2-39087154f7c9_263765913.jpeg?h=225&w=225,
308478994,Bfree High Protein Wraps 4X42g,https://www.tesco.com/groceries/en-GB/shop/bakery/all?department=Free%20From%20Bakery&viewAll=department&page=,£3.80,£2.27/100g,,,/groceries/en-GB/products/308478994,https://digitalcontent.api.tesco.com/v2/media/ghs/5afa8268-03f7-4f83-a188-d9a3f7d5687b/c5e50c4e-e642-4869-aa2e-5dfe215fbc0b_1306400329.jpeg?h=225&w=225,
290819746,Schar Wholesome Seeded Loaf 300G,https://www.tesco.com/groceries/en-GB/shop/bakery/all?department=Free%20From%20Bakery&viewAll=department&page=,£2.75,£0.92/100g,,,/groceries/en-GB/products/290819746,https://digitalcontent.api.tesco.com/v2/media/ghs/b2e37935-fc2a-4d10-88dd-acde82728b39/5b810de3-5abf-4083-8555-42be8cfe30f9_1751684323.jpeg?h=225&w=225,
302385928,Warburtons White Gluten Free Bread Sourdough 400G,https://www.tesco.com/groceries/en-GB/shop/bakery/all?department=Free%20From%20Bakery&viewAll=department&page=,£3.40,£0.85/100g,,,/groceries/en-GB/products/302385928,https://digitalcontent.api.tesco.com/v2/media/ghs/7cde6565-c823-4ae3-9d99-7859be839cd7/96131077-327b-4406-a05f-5add78bc4752.jpeg?h=225&w=225,
299384611,Warburtons Artisan Tiger Gluten Free 400G,https://www.tesco.com/groceries/en-GB/shop/bakery/all?department=Free%20From%20Bakery&viewAll=department&page=,£3.40,£0.85/100g,,,/groceries/en-GB/products/299384611,https://digitalcontent.api.tesco.com/v2/media/ghs/6f1b5329-b006-479b-a8d4-7316820a4383/6126f077-94e9-4410-b3fa-521590f34491.jpeg?h=225&w=225,
298115300,Bfree Pizza Bases 360G,https://www.tesco.com/groceries/en-GB/shop/bakery/all?department=Free%20From%20Bakery&viewAll=department&page=,£3.60,£1.00/100g,,,/groceries/en-GB/products/298115300,https://digitalcontent.api.tesco.com/v2/media/ghs/24dc3e07-9067-421f-94d3-c8a1c5a863a7/cb888055-bd9b-4bdb-bb8d-2add6b7bc15f_682237169.jpeg?h=225&w=225,
273949444,Genius Gluten Free Soft White Farmhouse 535G,https://www.tesco.com/groceries/en-GB/shop/bakery/all?department=Free%20From%20Bakery&viewAll=department&page=,£3.00,£0.56/100g,,,/groceries/en-GB/products/273949444,https://digitalcontent.api.tesco.com/v2/media/ghs/9e0e487e-7483-4ff8-b384-549418f0fe10/6ee5bac3-e57e-4f21-9a1b-54811a176f77.jpeg?h=225&w=225,
308495760,Genius Gut Lovin Tiger Bloomer Loaf 400G,https://www.tesco.com/groceries/en-GB/shop/bakery/all?department=Free%20From%20Bakery&viewAll=department&page=,£3.30,£0.82/100g,,,/groceries/en-GB/products/308495760,https://digitalcontent.api.tesco.com/v2/media/ghs/82f7b6c4-5eb9-418c-92e2-1badf3358726/3b96918f-19b7-4931-88aa-d4b5ca17c972.jpeg?h=225&w=225,
273942054,Genius Gluten Free Soft Brown Farmhouse 535G,https://www.tesco.com/groceries/en-GB/shop/bakery/all?department=Free%20From%20Bakery&viewAll=department&page=,£3.00,£0.56/100g,,,/groceries/en-GB/products/273942054,https://digitalcontent.api.tesco.com/v2/media/ghs/9e0d7daf-d37e-4abe-ae6a-be77530744d9/70c86fef-5d99-4a6b-a99e-5e326df06e50.jpeg?h=225&w=225,
304785924,Tesco Free From 5 Chocolate Cake Slices,https://www.tesco.com/groceries/en-GB/shop/bakery/all?department=Free%20From%20Bakery&viewAll=department&page=,£2.30,£2.30/each,,,/groceries/en-GB/products/304785924,https://digitalcontent.api.tesco.com/v2/media/ghs/c7b89305-8690-40e4-90a2-5ccf3a11cf5e/44f02196-cee3-46f2-b926-4c42f4ab24a2.jpeg?h=225&w=225,
291066839,Genius Gluten Free Triple Seeded Farmhouse Loaf 535G,https://www.tesco.com/groceries/en-GB/shop/bakery/all?department=Free%20From%20Bakery&viewAll=department&page=,£3.00,£0.56/100g,,,/groceries/en-GB/products/291066839,https://digitalcontent.api.tesco.com/v2/media/ghs/7cf9bbb2-e460-45ba-9bad-784baf3adf9b/bed251b2-4ddb-4d8a-b2eb-1c750c266a2b.jpeg?h=225&w=225,
293673002,Schar Wholesome Vitality Loaf Gluten Free 350G,https://www.tesco.com/groceries/en-GB/shop/bakery/all?department=Free%20From%20Bakery&viewAll=department&page=,£3.00,£0.86/100g,,,/groceries/en-GB/products/293673002,https://digitalcontent.api.tesco.com/v2/media/ghs/478dffb4-af18-4536-b83c-c9fceae8f315/33a622bd-536e-42f6-b2a6-fc7fbdf2d415_1232911738.jpeg?h=225&w=225,
304074752,Promise Gluten Free Multigrain Loaf 480G,https://www.tesco.com/groceries/en-GB/shop/bakery/all?department=Free%20From%20Bakery&viewAll=department&page=,£3.25,£0.68/100g,£2.75 Clubcard Price,,/groceries/en-GB/products/304074752,https://digitalcontent.api.tesco.com/v2/media/ghs/407aa1ed-2665-4b97-9786-df6badea401e/d4cfd641-0ed9-4bbb-8f9e-dd87ab7ba82c.jpeg?h=225&w=225,
282073090,Genius Gluten Free Spicy Fruit Loaf 400G,https://www.tesco.com/groceries/en-GB/shop/bakery/all?department=Free%20From%20Bakery&viewAll=department&page=,£2.70,£0.68/100g,£2.40 Clubcard Price,,/groceries/en-GB/products/282073090,https://digitalcontent.api.tesco.com/v2/media/ghs/3e0198d0-e801-43a2-9c33-61318626badf/1dc37272-216c-4e18-a41d-7777bca93e7f.jpeg?h=225&w=225,
291228310,Schar White Ciabatta Rolls Gluten Free 200G,https://www.tesco.com/groceries/en-GB/shop/bakery/all?department=Free%20From%20Bakery&viewAll=department&page=,£2.40,£1.20/100g,£2.00 Clubcard Price,,/groceries/en-GB/products/291228310,https://digitalcontent.api.tesco.com/v2/media/ghs/cc36369d-7a0f-49ec-8a8c-6e2fe0832b56/c11c9add-77c2-4ecc-9490-9da7ce1ef44b_1642856083.jpeg?h=225&w=225,
297373973,Bfree Stone Bake Gluten Free Pitta Bread 6X32g,https://www.tesco.com/groceries/en-GB/shop/bakery/all?department=Free%20From%20Bakery&viewAll=department&page=,£2.75,£1.44/100g,,,/groceries/en-GB/products/297373973,https://digitalcontent.api.tesco.com/v2/media/ghs/a17e6e83-b2cf-4b0b-9c7b-31b135272f2a/9a1672a3-f07f-4308-82ca-1ec620986c80_1755855549.jpeg?h=225&w=225,
308494277,Warburtons Gluten Free 4 Super Soft Sliced Square Rolls,https://www.tesco.com/groceries/en-GB/shop/bakery/all?department=Free%20From%20Bakery&viewAll=department&page=,£2.70,£0.68/each,,,/groceries/en-GB/products/308494277,https://digitalcontent.api.tesco.com/v2/media/ghs/3f66506c-dcef-4818-bc1e-a9259ae9ff04/bdee191b-c24d-415d-8574-bbbb4b7b8f90.jpeg?h=225&w=225,
301767513,Warburtons Gluten Free White Wraps 4 Pack,https://www.tesco.com/groceries/en-GB/shop/bakery/all?department=Free%20From%20Bakery&viewAll=department&page=,£2.70,£0.68/each,,,/groceries/en-GB/products/301767513,https://digitalcontent.api.tesco.com/v2/media/ghs/a7f3db35-30a2-4cd0-91ba-236e7f6715a1/949360de-3b07-4d19-823b-66c535c3d0b2.jpeg?h=225&w=225,
303127531,Tesco Free From 5 Angel Slices,https://www.tesco.com/groceries/en-GB/shop/bakery/all?department=Free%20From%20Bakery&viewAll=department&page=,£2.30,£0.46/each,,,/groceries/en-GB/products/303127531,https://digitalcontent.api.tesco.com/v2/media/ghs/2fb497f1-a070-4211-b3b4-8d41ee3d7fd6/ef379045-d2b4-4e78-95f2-a6a34293df30.jpeg?h=225&w=225,
303617798,Bfree Wholegrain Gluten Free Pitta Bread 4X55g,https://www.tesco.com/groceries/en-GB/shop/bakery/all?department=Free%20From%20Bakery&viewAll=department&page=,£2.75,£1.25/100g,,,/groceries/en-GB/products/303617798,https://digitalcontent.api.tesco.com/v2/media/ghs/3b881ade-28de-4b42-b1e7-7a8f63441ec9/b89ff1fe-77ea-45f4-9ed6-adff2a4e0265_1675532797.jpeg?h=225&w=225,
291228401,Schar Brown Ciabatta Rolls 200G,https://www.tesco.com/groceries/en-GB/shop/bakery/all?department=Free%20From%20Bakery&viewAll=department&page=,£2.40,£1.20/100g,£2.00 Clubcard Price,,/groceries/en-GB/products/291228401,https://digitalcontent.api.tesco.com/v2/media/ghs/f095851a-2aef-42e9-815a-febc543a6ff9/8eb37392-d134-4e90-a8b6-8c28e157e38d_301924508.jpeg?h=225&w=225,
291773130,Genius Gluten Free Toastie 500G,https://www.tesco.com/groceries/en-GB/shop/bakery/all?department=Free%20From%20Bakery&viewAll=department&page=,£2.95,£0.59/100g,,,/groceries/en-GB/products/291773130,https://digitalcontent.api.tesco.com/v2/media/ghs/0b3711b1-6066-48d8-bdaf-041f9ea78c93/b1dbd0d6-eb3d-41ec-b0ea-220e1ce573d9.jpeg?h=225&w=225,
304795958,New York Bakery Gluten Free Plain Bagels 4 Pack,https://www.tesco.com/groceries/en-GB/shop/bakery/all?department=Free%20From%20Bakery&viewAll=department&page=,£2.70,£0.68/each,,,/groceries/en-GB/products/304795958,https://digitalcontent.api.tesco.com/v2/media/ghs/c5d5ef3a-dc46-4461-9aab-582d10661a51/956dfa42-94bc-4e6e-835e-2be2534a0cbb.jpeg?h=225&w=225,
297673670,Schar Gluten Free Waffles 100G,https://www.tesco.com/groceries/en-GB/shop/bakery/all?department=Free%20From%20Bakery&viewAll=department&page=,£2.40,£2.40/100g,£2.00 Clubcard Price,,/groceries/en-GB/products/297673670,https://digitalcontent.api.tesco.com/v2/media/ghs/a624e166-108e-45c9-8868-359814848c47/cbf8f6b8-7da7-4012-ab2c-e0cd1b090a74_800191518.jpeg?h=225&w=225,
291243774,Bfree Stone Baked Pitta Bread 220G,https://www.tesco.com/groceries/en-GB/shop/bakery/all?department=Free%20From%20Bakery&viewAll=department&page=,£2.75,£1.25/100g,£2.30 Clubcard Price,,/groceries/en-GB/products/291243774,https://digitalcontent.api.tesco.com/v2/media/ghs/602b65e1-5fd9-4b8f-960d-ebdda6e0c954/fc49c522-6728-484a-a8f0-3679e9f766e5_407055653.jpeg?h=225&w=225,
310144528,Warburtons Gluten Free 4 Soft Brioche Rolls,https://www.tesco.com/groceries/en-GB/shop/bakery/all?department=Free%20From%20Bakery&viewAll=department&page=,£2.70,£0.68/each,,,/groceries/en-GB/products/310144528,https://digitalcontent.api.tesco.com/v2/media/ghs/ab4a8aa7-cef4-4351-9cf0-0fada04ed9d9/98c4e0a9-b67d-4623-82d5-d15bfc42dad5.jpeg?h=225&w=225,
300644089,Tesco Free From Double Chocolate Mini Muffin 12 Pack,https://www.tesco.com/groceries/en-GB/shop/bakery/all?department=Free%20From%20Bakery&viewAll=department&page=,£2.10,£0.18/each,,,/groceries/en-GB/products/300644089,https://digitalcontent.api.tesco.com/v2/media/ghs/61d8e942-b628-4f6e-b15c-6b8c06f1f97f/4d8c1c52-059d-46d3-8e15-7f4e1c39d8c2.jpeg?h=225&w=225,
293612012,Genius Gluten Free 2 Double Chocolate Muffins,https://www.tesco.com/groceries/en-GB/shop/bakery/all?department=Free%20From%20Bakery&viewAll=department&page=,£2.00,£1.00/each,£1.75 Clubcard Price,,/groceries/en-GB/products/293612012,https://digitalcontent.api.tesco.com/v2/media/ghs/888931e1-7eee-45c1-8fec-b0fa815a90ad/4b7abc24-b2ba-43c3-8214-08e6abb9aec4.jpeg?h=225&w=225,
291443226,Genius Gluten Free 6 Pancakes,https://www.tesco.com/groceries/en-GB/shop/bakery/all?department=Free%20From%20Bakery&viewAll=department&page=,£2.10,£0.35/each,,,/groceries/en-GB/products/291443226,https://digitalcontent.api.tesco.com/v2/media/ghs/c9984c8f-396c-4d83-ba20-14f4bed4b701/0ab961a9-0b9f-46e4-805f-acc4a0e92f66.jpeg?h=225&w=225,
268870215,Schar Sweet Brioche Rolls 200G,https://www.tesco.com/groceries/en-GB/shop/bakery/all?department=Free%20From%20Bakery&viewAll=department&page=,£2.40,£1.20/100g,£2.00 Clubcard Price,,/groceries/en-GB/products/268870215,https://digitalcontent.api.tesco.com/v2/media/ghs/c23f195f-521c-459e-9353-a6aa8328e586/315b985d-003c-4a1e-8759-fc80a6955bb0_2040826911.jpeg?h=225&w=225,
284275907,Genius Gluten Free 4 Crumpets,https://www.tesco.com/groceries/en-GB/shop/bakery/all?department=Free%20From%20Bakery&viewAll=department&page=,£2.10,£0.52/each,,,/groceries/en-GB/products/284275907,https://digitalcontent.api.tesco.com/v2/media/ghs/8584d9a9-2b89-427a-921f-b034c53c634a/7a020b60-8cf9-496b-a1e2-5e76de4ea965.jpeg?h=225&w=225,
268530152,Genius Multiseed Rolls 4 Pack,https://www.tesco.com/groceries/en-GB/shop/bakery/all?department=Free%20From%20Bakery&viewAll=department&page=,£2.20,£0.55/each,,,/groceries/en-GB/products/268530152,https://digitalcontent.api.tesco.com/v2/media/ghs/093c0b2f-e2de-41aa-91d6-b6ca1e439d83/616912e8-af7c-4dd0-b392-febe81e07750.jpeg?h=225&w=225,
294006930,Tesco Free From White Rolls 4 Pack,https://www.tesco.com/groceries/en-GB/shop/bakery/all?department=Free%20From%20Bakery&viewAll=department&page=,£1.75,£0.44/each,,,/groceries/en-GB/products/294006930,https://digitalcontent.api.tesco.com/v2/media/ghs/d6d86888-3f99-4402-8123-608c192289b9/351bebd9-5f16-401c-b7a7-9698cc9097ee.jpeg?h=225&w=225,
301810819,Warburtons Gluten Free Protein Super Seeds 4 Wraps,https://www.tesco.com/groceries/en-GB/shop/bakery/all?department=Free%20From%20Bakery&viewAll=department&page=,£2.80,£0.70/each,,,/groceries/en-GB/products/301810819,https://digitalcontent.api.tesco.com/v2/media/ghs/5c6273ba-934a-4c5e-9bbd-6469264bfc35/7765f9bb-ee2a-4523-9525-916ce8a4038d.jpeg?h=225&w=225,
291879298,Dr Schar Panini Rolls 225G,https://www.tesco.com/groceries/en-GB/shop/bakery/all?department=Free%20From%20Bakery&viewAll=department&page=,£2.40,£1.07/100g,£2.00 Clubcard Price,,/groceries/en-GB/products/291879298,https://digitalcontent.api.tesco.com/v2/media/ghs/21492cd5-7b7d-4d62-9da0-807bea908a27/9ea518a7-804d-491e-9f1c-4358b5bd27db_865214511.jpeg?h=225&w=225,
266712608,Tesco Free From Cherry Bakewell Tarts 4 Pack,https://www.tesco.com/groceries/en-GB/shop/bakery/all?department=Free%20From%20Bakery&viewAll=department&page=,£2.00,£0.50/each,,,/groceries/en-GB/products/266712608,https://digitalcontent.api.tesco.com/v2/media/ghs/6d79710e-cb5e-43c9-8959-7498e041ee9d/d04b5674-3b8e-48ad-a7a9-9a8252c17d8c.jpeg?h=225&w=225,
281823783,Tesco Fresh Free From Hot Cross Buns 4 Pack,https://www.tesco.com/groceries/en-GB/shop/bakery/all?department=Free%20From%20Bakery&viewAll=department&page=,£2.00,£0.50/each,,,/groceries/en-GB/products/281823783,https://digitalcontent.api.tesco.com/v2/media/ghs/8d3a37b0-ed1a-4eda-aba5-74229bcd393a/188938e4-cca4-4deb-b6f5-a2d916718645.jpeg?h=225&w=225,
276605133,Tesco Free From Sliced White Bread 550G,https://www.tesco.com/groceries/en-GB/shop/bakery/all?department=Free%20From%20Bakery&viewAll=department&page=,£1.95,£0.36/100g,,,/groceries/en-GB/products/276605133,https://digitalcontent.api.tesco.com/v2/media/ghs/69c63093-d7fd-4b2f-919e-2b6601ea8190/b30a6869-a260-4b9a-bac5-3d344ddc2e6f.jpeg?h=225&w=225,
299384732,Warburtons White Loaf Gluten Free 300G,https://www.tesco.com/groceries/en-GB/shop/bakery/all?department=Free%20From%20Bakery&viewAll=department&page=,£2.00,£0.67/100g,,,/groceries/en-GB/products/299384732,https://digitalcontent.api.tesco.com/v2/media/ghs/ebbe60d7-1e84-4c29-b561-84e1a418d760/87b3e1e0-47f3-4358-9b47-974bfb6e60b8.jpeg?h=225&w=225,
276606161,Tesco Free From Sliced Seeded Bread 550G,https://www.tesco.com/groceries/en-GB/shop/bakery/all?department=Free%20From%20Bakery&viewAll=department&page=,£1.95,£0.36/100g,,,/groceries/en-GB/products/276606161,https://digitalcontent.api.tesco.com/v2/media/ghs/1fefe805-fb47-4ffb-9bc0-8e7152d06e9c/2cc62bdb-aa43-4168-b786-67de0f3763b2.jpeg?h=225&w=225,
281509384,Tesco Free From Brown Bread 550G,https://www.tesco.com/groceries/en-GB/shop/bakery/all?department=Free%20From%20Bakery&viewAll=department&page=,£1.95,£0.36/100g,,,/groceries/en-GB/products/281509384,https://digitalcontent.api.tesco.com/v2/media/ghs/08dab3c0-a6e0-4b5b-a94e-a945194a12fe/c51a1ce1-6391-4360-9bd3-08af4dcaa8a0.jpeg?h=225&w=225,
301810791,Genius Gluten Free Brioche Burger Buns 2 Pack,https://www.tesco.com/groceries/en-GB/shop/bakery/all?department=Free%20From%20Bakery&viewAll=department&page=,£1.85,£0.62/each,£1.20 Clubcard Price,,/groceries/en-GB/products/301810791,https://digitalcontent.api.tesco.com/v2/media/ghs/2cab071c-5c36-4f2e-9ab1-dee00a8c53aa/10a425ea-7747-4d8e-83c8-b6ed46aa60ca_91433647.jpeg?h=225&w=225,
299384571,Warburtons Multiseed Loaf Gluten Free 300G,https://www.tesco.com/groceries/en-GB/shop/bakery/all?department=Free%20From%20Bakery&viewAll=department&page=,£2.00,£0.67/100g,,,/groceries/en-GB/products/299384571,https://digitalcontent.api.tesco.com/v2/media/ghs/853678b8-503a-416f-815d-786bd4105ff5/ff8b6d45-e120-4808-b796-7aa6d7c90783.jpeg?h=225&w=225,
266712960,Tesco Free From Jam Tarts 6 Pack,https://www.tesco.com/groceries/en-GB/shop/bakery/all?department=Free%20From%20Bakery&viewAll=department&page=,£2.00,£0.33/each,,,/groceries/en-GB/products/266712960,https://digitalcontent.api.tesco.com/v2/media/ghs/7ae68210-4f82-46cc-8824-e3ff62c7e0f3/13ea9c8f-1b12-4a84-b1ae-d530e3e3f88b.jpeg?h=225&w=225,
303579681,Tesco Free From 4 White Tortilla Wraps,https://www.tesco.com/groceries/en-GB/shop/bakery/all?department=Free%20From%20Bakery&viewAll=department&page=,£2.00,£0.50/each,,,/groceries/en-GB/products/303579681,https://digitalcontent.api.tesco.com/v2/media/ghs/1bca9796-def2-408d-ad49-987b940ebc7f/d7486708-09a2-4364-a038-ff5ba22f9fb0.jpeg?h=225&w=225,
309777293,Tesco Free From 4 Mince Pies 220G,https://www.tesco.com/groceries/en-GB/shop/bakery/all?department=Free%20From%20Bakery&viewAll=department&page=,£1.70,£0.77/100g,,,/groceries/en-GB/products/309777293,https://digitalcontent.api.tesco.com/v2/media/ghs/e21892ba-85ab-4102-aaee-8b871d4eac6e/98ced2e0-7054-4e36-9c25-dda5eed5b3b4_21017687.jpeg?h=225&w=225,
304371475,Tesco Free From 4 Caramelised Apple Crumble Pies,https://www.tesco.com/groceries/en-GB/shop/bakery/all?department=Free%20From%20Bakery&viewAll=department&page=,£1.85,£0.46/each,,,/groceries/en-GB/products/304371475,https://digitalcontent.api.tesco.com/v2/media/ghs/5c00ed76-f6b5-425c-80e7-9ca02a79de83/361c215a-1295-4140-86cb-2b7c7577555d_1272803896.jpeg?h=225&w=225,
304377434,Mrs Crimbles 6 Gluten Free Vegan Chocolate Macaroon 195G,https://www.tesco.com/groceries/en-GB/shop/bakery/all?department=Free%20From%20Bakery&viewAll=department&page=,£1.40,£0.72/100g,,,/groceries/en-GB/products/304377434,https://digitalcontent.api.tesco.com/v2/media/ghs/fb54a44a-a9a5-44e8-bb1a-0bfc49d751ff/c9e2ad66-9010-44c3-b714-b9c935054e10_1270116340.jpeg?h=225&w=225,
304379680,Tesco Free From Vanilla Tray Bake,https://www.tesco.com/groceries/en-GB/shop/bakery/all?department=Free%20From%20Bakery&viewAll=department&page=,£4.00,£4.00/each,,,/groceries/en-GB/products/304379680,https://digitalcontent.api.tesco.com/v2/media/ghs/917d0771-28e3-4993-be59-2fa55c8324dd/94c33010-1d39-449e-aa61-664524646baa.jpeg?h=225&w=225,
299445102,Bfree Demi Baguette 2 Pack 220G,https://www.tesco.com/groceries/en-GB/shop/bakery/all?department=Free%20From%20Bakery&viewAll=department&page=,£3.10,£1.41/100g,,,/groceries/en-GB/products/299445102,https://digitalcontent.api.tesco.com/v2/media/ghs/731cbf99-8933-4437-b630-bfb0ce64f32e/8eac5170-9071-4ee7-a23c-a86dbc72a8ea_1502554198.jpeg?h=225&w=225,
309754699,Tesco Finest Free From 12 Tiffin Selection Box,https://www.tesco.com/groceries/en-GB/shop/bakery/all?department=Free%20From%20Bakery&viewAll=department&page=,£4.50,£0.38/each,,,/groceries/en-GB/products/309754699,https://digitalcontent.api.tesco.com/v2/media/ghs/d6a69970-346e-41fb-928a-830d42a51878/e4b226b4-2c58-40b2-9b7a-64b23cc6230b_195027497.jpeg?h=225&w=225,
303629755,Tesco Finest Free From Millionaire Slices 4 Pack,https://www.tesco.com/groceries/en-GB/shop/bakery/all?department=Free%20From%20Bakery&viewAll=department&page=,£3.00,£0.75/each,,,/groceries/en-GB/products/303629755,https://digitalcontent.api.tesco.com/v2/media/ghs/c4f7bc58-5642-4ae3-9e0f-8d46c0bba69c/f453f8a6-3951-45cb-a94d-b4ad39836440_1424757526.jpeg?h=225&w=225,
307152724,Tesco Finest Free From Tiger Bread 400G,https://www.tesco.com/groceries/en-GB/shop/bakery/all?department=Free%20From%20Bakery&viewAll=department&page=,£2.90,£0.72/100g,,,/groceries/en-GB/products/307152724,https://digitalcontent.api.tesco.com/v2/media/ghs/a686c0f9-3002-4d26-b1ec-ac514d86e959/3ab6af92-182c-409d-9218-d1a605bd8ac1.jpeg?h=225&w=225,
287938223,Tesco Finest Free From Chocolate Cake,https://www.tesco.com/groceries/en-GB/shop/bakery/all?department=Free%20From%20Bakery&viewAll=department&page=,£3.50,£3.50/each,,,/groceries/en-GB/products/287938223,https://digitalcontent.api.tesco.com/v2/media/ghs/3b9fb82c-4f62-4803-a6a1-ef942978d588/bbf74bfa-8761-4b97-b487-a0936f0590ef.jpeg?h=225&w=225,
274049483,Bfree Brown Seeded Bloomer High Fibre 400G,https://www.tesco.com/groceries/en-GB/shop/bakery/all?department=Free%20From%20Bakery&viewAll=department&page=,£3.15,£0.79/100g,,,/groceries/en-GB/products/274049483,https://digitalcontent.api.tesco.com/v2/media/ghs/159aae68-20f7-4083-8742-351c91d87e59/eb47fd95-6bd9-4f07-b7fb-35727847738c.jpeg?h=225&w=225,
299384657,Warburtons White Thins Gluten Free 4 Pack 200G,https://www.tesco.com/groceries/en-GB/shop/bakery/all?department=Free%20From%20Bakery&viewAll=department&page=,£2.70,£1.35/100g,,,/groceries/en-GB/products/299384657,https://digitalcontent.api.tesco.com/v2/media/ghs/6e850a9e-eac7-4272-9bb3-d1d1f5e2f1b1/cdb617a7-532a-4658-b778-727229f1fa29.jpeg?h=225&w=225,
311272720,Tesco Free From 5 Chocolate Brownie Slices 145G,https://www.tesco.com/groceries/en-GB/shop/bakery/all?department=Free%20From%20Bakery&viewAll=department&page=,£2.30,£1.59/100g,,,/groceries/en-GB/products/311272720,https://digitalcontent.api.tesco.com/v2/media/ghs/34332f02-3ed4-4b02-b6cb-d9155e14cc75/7a7aa758-408e-48d5-b620-1dca797ade7a_1847969105.jpeg?h=225&w=225,
293672920,Bfree Sweet Potato Gluten Free Wrap 6X42g,https://www.tesco.com/groceries/en-GB/shop/bakery/all?department=Free%20From%20Bakery&viewAll=department&page=,£3.50,£1.39/100g,,,/groceries/en-GB/products/293672920,https://digitalcontent.api.tesco.com/v2/media/ghs/df975413-41b6-4901-b5a4-fc277669c481/5894de60-c52d-4bb0-8ecb-eeedf32ea596_924829095.jpeg?h=225&w=225,
311225685,Tesco Free From 5 Chocolate Coated Cake Slices,https://www.tesco.com/groceries/en-GB/shop/bakery/all?department=Free%20From%20Bakery&viewAll=department&page=,£2.30,£0.46/each,,,/groceries/en-GB/products/311225685,https://digitalcontent.api.tesco.com/v2/media/ghs/0611f96a-946b-4d74-9617-3d1551026c1d/6613d58c-1985-45f7-bfec-9bef4ddfeadc_198585366.jpeg?h=225&w=225,
297747347,Juvela Gluten Free Fresh White Loaf 400G,https://www.tesco.com/groceries/en-GB/shop/bakery/all?department=Free%20From%20Bakery&viewAll=department&page=,£2.95,£0.74/100g,,,/groceries/en-GB/products/297747347,https://digitalcontent.api.tesco.com/v2/media/ghs/5c780882-62fd-414e-89af-e732e0de72da/2c8e691b-533a-46d0-a7b7-826a8d9a8ff0.jpeg?h=225&w=225,
287938338,Tesco Finest Free From Carrot Cake,https://www.tesco.com/groceries/en-GB/shop/bakery/all?department=Free%20From%20Bakery&viewAll=department&page=,£3.50,£3.50/each,,,/groceries/en-GB/products/287938338,https://digitalcontent.api.tesco.com/v2/media/ghs/05c4f0fa-6d02-4624-addb-ea71b2f1e354/8ba3858d-a340-4d96-8543-942dddcedb92.jpeg?h=225&w=225,
303127554,Tesco Free From Lemon Slices X5,https://www.tesco.com/groceries/en-GB/shop/bakery/all?department=Free%20From%20Bakery&viewAll=department&page=,£2.30,£0.46/each,,,/groceries/en-GB/products/303127554,https://digitalcontent.api.tesco.com/v2/media/ghs/b0e22c40-be5b-438a-8011-cb4adb0a0e95/996b6adc-c728-4ec4-803c-5149f8a2ddc2.jpeg?h=225&w=225,
311431999,Bfree Naan Bread 2Pack 240G,https://www.tesco.com/groceries/en-GB/shop/bakery/all?department=Free%20From%20Bakery&viewAll=department&page=,£3.25,£1.36/100g,,,/groceries/en-GB/products/311431999,https://digitalcontent.api.tesco.com/v2/media/ghs/4d09bb34-c2e8-4fc7-80cc-ee0764fd2181/e8635093-0cb4-4035-8351-22710c8a2700.jpeg?h=225&w=225,
303617280,Tesco Free From Lemon Loaf Cake,https://www.tesco.com/groceries/en-GB/shop/bakery/all?department=Free%20From%20Bakery&viewAll=department&page=,£2.50,£2.50/each,,,/groceries/en-GB/products/303617280,https://digitalcontent.api.tesco.com/v2/media/ghs/40d28536-5619-4fff-83a4-9b45afb6b6ac/d7625de8-65ef-4536-8c6e-29cb914a87f0.jpeg?h=225&w=225,
292832035,Mrs Crimble's Classic Madeleine 180G,https://www.tesco.com/groceries/en-GB/shop/bakery/all?department=Free%20From%20Bakery&viewAll=department&page=,£2.30,£1.28/100g,£2.00 Clubcard Price,,/groceries/en-GB/products/292832035,https://digitalcontent.api.tesco.com/v2/media/ghs/739d053a-be33-4a77-b23d-6d21eaa2207f/561d898c-8283-4dda-becb-612b76ef9208_1393532911.jpeg?h=225&w=225,
286069135,Genius Blueberry Muffin 2 Pack,https://www.tesco.com/groceries/en-GB/shop/bakery/all?department=Free%20From%20Bakery&viewAll=department&page=,£2.00,£1.00/each,£1.75 Clubcard Price,,/groceries/en-GB/products/286069135,https://digitalcontent.api.tesco.com/v2/media/ghs/0694eb5c-3762-49f4-9fa2-82c917544908/23b1046f-6256-4656-a1dc-e224e5583d08.jpeg?h=225&w=225,
308109849,Tesco Free From 2 Cheese Twists,https://www.tesco.com/groceries/en-GB/shop/bakery/all?department=Free%20From%20Bakery&viewAll=department&page=,£2.60,£1.30/each,,,/groceries/en-GB/products/308109849,https://digitalcontent.api.tesco.com/v2/media/ghs/6926afcb-6716-4add-a83b-78dc3ba838ef/eea34eed-2e44-44d9-9665-62be39dacbaa.jpeg?h=225&w=225,
308838131,Tesco Free From 14 Brownie Mini Bites,https://www.tesco.com/groceries/en-GB/shop/bakery/all?department=Free%20From%20Bakery&viewAll=department&page=,£2.60,£0.19/each,,,/groceries/en-GB/products/308838131,https://digitalcontent.api.tesco.com/v2/media/ghs/0ce83e50-54cc-4f4c-ad7c-8eadf021a0f9/20fe2d3f-f132-4236-bafe-0f0d8a36c7ad.jpeg?h=225&w=225,
308495472,Tesco Free From 5 Oaty Bakes 150G,https://www.tesco.com/groceries/en-GB/shop/bakery/all?department=Free%20From%20Bakery&viewAll=department&page=,£2.00,£1.34/100g,,,/groceries/en-GB/products/308495472,https://digitalcontent.api.tesco.com/v2/media/ghs/bb32ef2d-dcc7-44ea-ac97-99820230361f/a50a0c7e-1e62-4547-a3e8-2b1b79221932.jpeg?h=225&w=225,
306497571,Tesco Free From 6 Scotch Pancakes,https://www.tesco.com/groceries/en-GB/shop/bakery/all?department=Free%20From%20Bakery&viewAll=department&page=,£2.20,£0.37/each,,,/groceries/en-GB/products/306497571,https://digitalcontent.api.tesco.com/v2/media/ghs/51f78c7f-cc85-4192-a81a-b7254d9b04f7/ccc379ea-e1c5-44b9-a981-50d987a28cc7.jpeg?h=225&w=225,
305949534,Tesco Free From 2 Sultana Scones,https://www.tesco.com/groceries/en-GB/shop/bakery/all?department=Free%20From%20Bakery&viewAll=department&page=,£2.20,£1.10/each,,,/groceries/en-GB/products/305949534,https://digitalcontent.api.tesco.com/v2/media/ghs/ba4449c4-eac8-468e-855c-3f7ad662d5db/dc9b6151-db69-46c3-b099-fa941cee4d54.jpeg?h=225&w=225,
304783575,Tesco Free From 4 Hot Dog Rolls,https://www.tesco.com/groceries/en-GB/shop/bakery/all?department=Free%20From%20Bakery&viewAll=department&page=,£2.25,£0.56/each,,,/groceries/en-GB/products/304783575,https://digitalcontent.api.tesco.com/v2/media/ghs/1475aced-949e-4ae3-a2f9-a53878b7768b/db8f65c3-1826-4226-8b87-16238e2b8a44.jpeg?h=225&w=225,
278437236,Tesco Finest Free From Dark Chocolate Ginger Cookies 150G,https://www.tesco.com/groceries/en-GB/shop/bakery/all?department=Free%20From%20Bakery&viewAll=department&page=,£2.00,£1.34/100g,,,/groceries/en-GB/products/278437236,https://digitalcontent.api.tesco.com/v2/media/ghs/8dd93fa0-7ba1-4b78-a3b8-0d500ebcab1a/0f282c41-a900-4fc1-84a8-37554c67f385.jpeg?h=225&w=225,
311433974,We Love Cake Free From Raspberry Ripple 4 Pack 150G,https://www.tesco.com/groceries/en-GB/shop/bakery/all?department=Free%20From%20Bakery&viewAll=department&page=,£2.00,£1.34/100g,,,/groceries/en-GB/products/311433974,https://digitalcontent.api.tesco.com/v2/media/ghs/5db3e700-bec2-4f8c-9251-73fb924ad061/snapshotimagehandler_1939689778.jpeg?h=225&w=225,
307146640,Tesco Free From 2 Chocolate Twists,https://www.tesco.com/groceries/en-GB/shop/bakery/all?department=Free%20From%20Bakery&viewAll=department&page=,£2.60,£1.30/each,,,/groceries/en-GB/products/307146640,https://digitalcontent.api.tesco.com/v2/media/ghs/cced3099-a51e-4f2b-9440-e78d7abaf6db/03b70299-fb24-49a3-8ff1-16390c70033c.jpeg?h=225&w=225,
310686128,Warburtons Gluten Free 4 Soft Seeded Sliced Rolls,https://www.tesco.com/groceries/en-GB/shop/bakery/all?department=Free%20From%20Bakery&viewAll=department&page=,£2.70,£0.68/each,,,/groceries/en-GB/products/310686128,https://digitalcontent.api.tesco.com/v2/media/ghs/71fc2e18-b314-4c07-b4b7-43fd8bc59834/8f31cf01-0335-4615-80fb-ccd27a5afca5.jpeg?h=225&w=225,
304781433,Tesco Free From 2 Croissants,https://www.tesco.com/groceries/en-GB/shop/bakery/all?department=Free%20From%20Bakery&viewAll=department&page=,£2.20,£1.10/each,,,/groceries/en-GB/products/304781433,https://digitalcontent.api.tesco.com/v2/media/ghs/c8892580-ca44-4f70-836c-8fc2c5d02d4a/fbeea199-585a-4949-a66f-f51b33da5b7c.jpeg?h=225&w=225,
313170457,Warburtons Gluten Free Crumpets 4 Pack,https://www.tesco.com/groceries/en-GB/shop/bakery/all?department=Free%20From%20Bakery&viewAll=department&page=,£2.10,£0.52/each,£1.85 Clubcard Price,,/groceries/en-GB/products/313170457,https://digitalcontent.api.tesco.com/v2/media/ghs/7f0023ce-c4c6-445d-af12-647225c286cf/e68d5c41-086a-437c-9512-91a8a7d68e25.jpeg?h=225&w=225,
308456634,Tesco Free From Flapjack Bites 20 Pack,https://www.tesco.com/groceries/en-GB/shop/bakery/all?department=Free%20From%20Bakery&viewAll=department&page=,£2.10,£0.10/each,,,/groceries/en-GB/products/308456634,https://digitalcontent.api.tesco.com/v2/media/ghs-mktg/b0b04216-fa73-466d-a9d7-c9fcfa1ce9b3/no-image.jpeg,
256682675,Tesco Free From Bramley Apple Pies 4 Pack,https://www.tesco.com/groceries/en-GB/shop/bakery/all?department=Free%20From%20Bakery&viewAll=department&page=,£2.00,£0.50/each,,,/groceries/en-GB/products/256682675,https://digitalcontent.api.tesco.com/v2/media/ghs/ff48e2fc-f240-43a8-bba7-e788255bad0f/2f613ef4-6f38-4985-88c6-a8acf9058018.jpeg?h=225&w=225,
310120997,Tesco Free From 4 Iced Topped Mince Pies 225G,https://www.tesco.com/groceries/en-GB/shop/bakery/all?department=Free%20From%20Bakery&viewAll=department&page=,£1.85,£0.82/100g,,,/groceries/en-GB/products/310120997,https://digitalcontent.api.tesco.com/v2/media/ghs/4c1ca8da-2582-4df5-9073-05432a1cf0dc/6ce66bdc-63a3-4598-80eb-08d5682c004d_1508490913.jpeg?h=225&w=225,
294006918,Tesco Free From Brown Seeded Rolls 4 Pack,https://www.tesco.com/groceries/en-GB/shop/bakery/all?department=Free%20From%20Bakery&viewAll=department&page=,£1.75,£0.44/each,,,/groceries/en-GB/products/294006918,https://digitalcontent.api.tesco.com/v2/media/ghs/0519eaf9-47b0-4517-98e9-e1ed1ce0c159/fcecf8fa-12ab-4698-96de-0be0def7365e.jpeg?h=225&w=225,
308485311,Tesco Free From Gingerbread Kit 134G,https://www.tesco.com/groceries/en-GB/shop/bakery/all?department=Free%20From%20Bakery&viewAll=department&page=,£2.05,£1.53/100g,,,/groceries/en-GB/products/308485311,https://digitalcontent.api.tesco.com/v2/media/ghs/15c9948e-03db-467c-9823-4d6bf1be8456/b71122bc-d58d-495c-8c71-313ea44bb75e_1583835532.jpeg?h=225&w=225,
309203224,Tesco Finest Free From Mince Pies 4 Pack 200G,https://www.tesco.com/groceries/en-GB/shop/bakery/all?department=Free%20From%20Bakery&viewAll=department&page=,£2.75,£1.38/100g,,,/groceries/en-GB/products/309203224,https://digitalcontent.api.tesco.com/v2/media/ghs/609dbcd3-1855-4b56-8dee-446c33ffd2c0/94e33af2-cd5f-4b2d-baca-950e54d51085.jpeg?h=225&w=225,
264155470,Mrs Crimble's Bakewell Slices 4 Pack,https://www.tesco.com/groceries/en-GB/shop/bakery/all?department=Free%20From%20Bakery&viewAll=department&page=,£1.50,£0.38/each,,,/groceries/en-GB/products/264155470,https://digitalcontent.api.tesco.com/v2/media/ghs/7ac041ad-027a-4e6b-9ca1-412425f465fe/32defde8-3792-4688-b9f0-c149899ff199_1457435322.jpeg?h=225&w=225,
307357010,Mrs Crimble's 6 Gluten Free Coconut Macaroons 180G,https://www.tesco.com/groceries/en-GB/shop/bakery/all?department=Free%20From%20Bakery&viewAll=department&page=,£1.40,£0.78/100g,,,/groceries/en-GB/products/307357010,https://digitalcontent.api.tesco.com/v2/media/ghs/c60d746a-ac7d-4fd7-abb0-6ca7d4a3b9f9/2466f047-1e87-43fc-8c19-963afbc08dfb_1969830633.jpeg?h=225&w=225,
308109689,Tesco Free From 4 Chocolate Cupcakes,https://www.tesco.com/groceries/en-GB/shop/bakery/all?department=Free%20From%20Bakery&viewAll=department&page=,£2.30,£0.58/each,,,/groceries/en-GB/products/308109689,https://digitalcontent.api.tesco.com/v2/media/ghs/0346d224-1b8b-418e-9cf8-3d24ba4edb21/71289b12-a72e-45d0-99ed-56b5d10e3e28.jpeg?h=225&w=225,
309744292,Schar Gluten Free Panettone With Raisins 420G,https://www.tesco.com/groceries/en-GB/shop/bakery/all?department=Free%20From%20Bakery&viewAll=department&page=,£7.00,£1.67/100g,,,/groceries/en-GB/products/309744292,https://digitalcontent.api.tesco.com/v2/media/ghs/188ad232-8efd-4ea8-944d-1ce9dc956dea/231320fe-8a72-4b63-92d1-df3ffd0e65b9_393456735.jpeg?h=225&w=225,
291548490,Tesco Free From Carl The Caterpillar Cake,https://www.tesco.com/groceries/en-GB/shop/bakery/all?department=Free%20From%20Bakery&viewAll=department&page=,£6.50,£6.50/each,,,/groceries/en-GB/products/291548490,https://digitalcontent.api.tesco.com/v2/media/ghs/f70372c4-b5b4-440f-b947-bf2b73d418d4/634c3871-72a5-4663-90c5-309d391fb87b.jpeg?h=225&w=225,
309467838,Tesco Finest Free From Honeycomb Christmas Dome 460G,https://www.tesco.com/groceries/en-GB/shop/bakery/all?department=Free%20From%20Bakery&viewAll=department&page=,£6.00,£1.31/100g,,,/groceries/en-GB/products/309467838,https://digitalcontent.api.tesco.com/v2/media/ghs/0996503f-9b00-4ba0-8dce-aa178bd0c757/d5bc68e0-535a-4d67-814d-19cfd3907a22_1307711964.jpeg?h=225&w=225,
281684186,"Tesco Cranberry, Cashew & Raisin Bloomer",https://www.tesco.com/groceries/en-GB/shop/bakery/all?department=From%20Our%20Bakery&viewAll=department&page=,£1.95,£1.95/each,,,/groceries/en-GB/products/281684186,https://digitalcontent.api.tesco.com/v2/media/ghs/956880e1-fa72-4984-b9cf-b77fc79304d7/snapshotimagehandler_589368522.jpeg?h=225&w=225,
272914228,Tesco Sourdough Bloomer,https://www.tesco.com/groceries/en-GB/shop/bakery/all?department=From%20Our%20Bakery&viewAll=department&page=,£1.80,£1.80/each,,,/groceries/en-GB/products/272914228,https://digitalcontent.api.tesco.com/v2/media/ghs/ee0ae25c-edbf-43d4-ac6d-5c9d98472b11/6e55f4ec-cd92-4b5a-9ee1-a489a6f1d0b2.jpeg?h=225&w=225,
268563873,Chocolate Muffins 4 Pack,https://www.tesco.com/groceries/en-GB/shop/bakery/all?department=From%20Our%20Bakery&viewAll=department&page=,£1.60,£0.40/each,,,/groceries/en-GB/products/268563873,https://digitalcontent.api.tesco.com/v2/media/ghs/85410ddc-95e9-4f4d-b297-98170da3244d/92515f99-2bd6-44f4-b45c-26a174fa6853.jpeg?h=225&w=225,
263905005,Belgian Chocolate Muffins 4 Pack,https://www.tesco.com/groceries/en-GB/shop/bakery/all?department=From%20Our%20Bakery&viewAll=department&page=,£1.60,£0.40/each,,,/groceries/en-GB/products/263905005,https://digitalcontent.api.tesco.com/v2/media/ghs/c9ee0638-869a-4c17-acb5-f6ec471cb10d/644b51db-cba0-4dc2-a94d-c6680624ff7e.jpeg?h=225&w=225,
286865327,Blueberry Muffins 4 Pack,https://www.tesco.com/groceries/en-GB/shop/bakery/all?department=From%20Our%20Bakery&viewAll=department&page=,£1.60,£0.40/each,,,/groceries/en-GB/products/286865327,https://digitalcontent.api.tesco.com/v2/media/ghs/ae042741-573f-46a9-80c8-6867df89a6bf/20b8a78c-5fbb-4559-a946-f0d5dca3c743.jpeg?h=225&w=225,
256943275,Maple And Pecan Plait 2 Pack,https://www.tesco.com/groceries/en-GB/shop/bakery/all?department=From%20Our%20Bakery&viewAll=department&page=,£1.45,£0.72/each,,,/groceries/en-GB/products/256943275,https://digitalcontent.api.tesco.com/v2/media/ghs/c413bd8b-bc05-4be9-ab30-d33d9606cfbd/9fe0a4a1-7933-4f41-a55e-d0e1a3b4e4a3.jpeg?h=225&w=225,
256943223,Cinnamon Swirl 2 Pack,https://www.tesco.com/groceries/en-GB/shop/bakery/all?department=From%20Our%20Bakery&viewAll=department&page=,£1.45,£0.72/each,,,/groceries/en-GB/products/256943223,https://digitalcontent.api.tesco.com/v2/media/ghs/9c5ede18-b690-4db3-8719-db153fd72d59/d5c02ae2-fa50-4ec2-8fb9-f36580108bb3.jpeg?h=225&w=225,
253432971,Vanilla Creme Crown 2 Pack,https://www.tesco.com/groceries/en-GB/shop/bakery/all?department=From%20Our%20Bakery&viewAll=department&page=,£1.45,£0.72/each,,,/groceries/en-GB/products/253432971,https://digitalcontent.api.tesco.com/v2/media/ghs/ee631c6c-d105-470c-8aa2-49469111b06f/d75da730-182b-4d1e-b313-1ce0a2598420.jpeg?h=225&w=225,
256859922,Bramley Apple Pie Each,https://www.tesco.com/groceries/en-GB/shop/bakery/all?department=From%20Our%20Bakery&viewAll=department&page=,£1.50,£1.50/each,,,/groceries/en-GB/products/256859922,https://digitalcontent.api.tesco.com/v2/media/ghs/7acb88b6-45c3-43bf-9cb2-9f1bfc53260a/b48c2b24-8389-4479-bcd7-c2dfbfbc16e7.jpeg?h=225&w=225,
257800909,Finest Triple Chocolate Shortbread 4 Pack,https://www.tesco.com/groceries/en-GB/shop/bakery/all?department=From%20Our%20Bakery&viewAll=department&page=,£1.65,£0.41/each,£1.25 Clubcard Price,,/groceries/en-GB/products/257800909,https://digitalcontent.api.tesco.com/v2/media/ghs/ff96044d-7c50-4691-a12a-47475a0a5b53/b69c9c3e-7f8b-4d28-869b-8606c249dfca.jpeg?h=225&w=225,
256943373,Tesco All Butter Chocolate Croissant 2 Pack,https://www.tesco.com/groceries/en-GB/shop/bakery/all?department=From%20Our%20Bakery&viewAll=department&page=,£1.45,£0.72/each,,,/groceries/en-GB/products/256943373,https://digitalcontent.api.tesco.com/v2/media/ghs/9eb99a89-2e04-427e-a78a-594bfbd57a5d/e7ec73ee-cf2f-40f5-861a-41f85da57701.jpeg?h=225&w=225,
256334800,Tiger Loaf Sliced 800G,https://www.tesco.com/groceries/en-GB/shop/bakery/all?department=From%20Our%20Bakery&viewAll=department&page=,£1.25,£0.16/100g,,,/groceries/en-GB/products/256334800,https://digitalcontent.api.tesco.com/v2/media/ghs/16534097-2a2d-449f-9990-51cc99a5eaa5/d5b0bdea-a1a9-4b32-b03b-66bc4b1ac38d.jpeg?h=225&w=225,
255874565,Tesco Pink Ring Doughnuts 4 Pack,https://www.tesco.com/groceries/en-GB/shop/bakery/all?department=From%20Our%20Bakery&viewAll=department&page=,£1.25,£0.31/each,,,/groceries/en-GB/products/255874565,https://digitalcontent.api.tesco.com/v2/media/ghs/b094fe3c-0e1e-4411-81ac-d340d7bf9ae7/e8c7eed4-a45e-4208-90a4-1f70b5e3de67.jpeg?h=225&w=225,
283283133,Finest* Triple Chocolate Cookie 4 Pack,https://www.tesco.com/groceries/en-GB/shop/bakery/all?department=From%20Our%20Bakery&viewAll=department&page=,£1.65,£0.41/each,£1.25 Clubcard Price,,/groceries/en-GB/products/283283133,https://digitalcontent.api.tesco.com/v2/media/ghs/c7d8569a-5bd9-4bb9-8cd7-e9df09ec02a4/14f51e87-313d-4e22-a3d6-06cabaff0f79.jpeg?h=225&w=225,
276131923,Milk Chocolate Cookie 5 Pack,https://www.tesco.com/groceries/en-GB/shop/bakery/all?department=From%20Our%20Bakery&viewAll=department&page=,£1.20,£0.24/each,,,/groceries/en-GB/products/276131923,https://digitalcontent.api.tesco.com/v2/media/ghs/bd880bcc-8af6-427c-a0f4-4ec1e510729b/d6ba723e-5eb5-441e-b073-3b95b08bf1e5.jpeg?h=225&w=225,
276132127,Tesco White Chocolate Cookies 5 Pack,https://www.tesco.com/groceries/en-GB/shop/bakery/all?department=From%20Our%20Bakery&viewAll=department&page=,£1.20,£0.24/each,,,/groceries/en-GB/products/276132127,https://digitalcontent.api.tesco.com/v2/media/ghs/e67daa2f-2351-4b68-93cd-9f8e8dbcc0ae/29bc8c22-2618-4a56-8413-b9b3feb9b554.jpeg?h=225&w=225,
257586908,Tesco Puff Pastry Mince Pie 4 Pack,https://www.tesco.com/groceries/en-GB/shop/bakery/all?department=From%20Our%20Bakery&viewAll=department&page=,£1.25,£0.31/each,,,/groceries/en-GB/products/257586908,https://digitalcontent.api.tesco.com/v2/media/ghs/7b5cb84e-50c7-4447-9df8-613b2ae719b6/ffdc4ade-c1a2-415b-bab5-826e248bcfff.jpeg?h=225&w=225,
275156325,Double Chocolate Cookie 5 Pack,https://www.tesco.com/groceries/en-GB/shop/bakery/all?department=From%20Our%20Bakery&viewAll=department&page=,£1.20,£0.24/each,,,/groceries/en-GB/products/275156325,https://digitalcontent.api.tesco.com/v2/media/ghs/c2322413-73e8-4f7a-96a4-572572abb97c/9503adff-0226-4bcb-bb4b-66203c05ec32.jpeg?h=225&w=225,
309461614,Heat & Eat White Baguette 3 Pack,https://www.tesco.com/groceries/en-GB/shop/bakery/all?department=From%20Our%20Bakery&viewAll=department&page=,£1.20,£0.40/each,,,/groceries/en-GB/products/309461614,https://digitalcontent.api.tesco.com/v2/media/ghs/45bb0fbd-cfcf-49f4-a018-30d17e8c2cd1/1424c588-d181-4996-a64a-9d56b909d826.jpeg?h=225&w=225,
256943177,Tesco All Butter Almond Croissant 2 Pack,https://www.tesco.com/groceries/en-GB/shop/bakery/all?department=From%20Our%20Bakery&viewAll=department&page=,£1.45,£0.72/each,,,/groceries/en-GB/products/256943177,https://digitalcontent.api.tesco.com/v2/media/ghs/ee10657f-3b6c-4a72-adde-d569efd3b0a9/71aaea8f-2b89-4dfd-ac80-e676037e2dba.jpeg?h=225&w=225,
296902776,Tesco White Iced Ring Doughnuts 4 Pack,https://www.tesco.com/groceries/en-GB/shop/bakery/all?department=From%20Our%20Bakery&viewAll=department&page=,£1.25,£0.31/each,,,/groceries/en-GB/products/296902776,https://digitalcontent.api.tesco.com/v2/media/ghs/293e0f55-3083-4218-920e-0127fc3ec447/6a78e9ca-12a0-467a-b1e8-6297b89e519f.jpeg?h=225&w=225,
250759508,Tesco Crusty White Farmhouse Loaf Sliced 800G,https://www.tesco.com/groceries/en-GB/shop/bakery/all?department=From%20Our%20Bakery&viewAll=department&page=,£1.20,£0.15/100g,,,/groceries/en-GB/products/250759508,https://digitalcontent.api.tesco.com/v2/media/ghs/84cc2b2c-c503-4ba5-8ec9-9e103302535a/182b9656-a7ee-456d-b408-bbba907cf7a0.jpeg?h=225&w=225,
268579198,Panini 4 Pack,https://www.tesco.com/groceries/en-GB/shop/bakery/all?department=From%20Our%20Bakery&viewAll=department&page=,£1.10,£0.28/each,,,/groceries/en-GB/products/268579198,https://digitalcontent.api.tesco.com/v2/media/ghs/80f099e4-436a-4b5a-82c8-0cb053a01153/13affb7e-bd7a-41ad-96ac-f760afd7e3ee.jpeg?h=225&w=225,
255119821,Ciabatta Roll 4 Pack,https://www.tesco.com/groceries/en-GB/shop/bakery/all?department=From%20Our%20Bakery&viewAll=department&page=,£1.10,£0.28/each,,,/groceries/en-GB/products/255119821,https://digitalcontent.api.tesco.com/v2/media/ghs/162c0201-7281-4436-b44d-f78ab18d35fd/1bb0ec7c-f3aa-4a8b-a746-bf7d4e0d852c.jpeg?h=225&w=225,
258081507,Crusty White Sandwich Loaf Sliced 800G,https://www.tesco.com/groceries/en-GB/shop/bakery/all?department=From%20Our%20Bakery&viewAll=department&page=,£1.20,£0.15/100g,,,/groceries/en-GB/products/258081507,https://digitalcontent.api.tesco.com/v2/media/ghs/12dbd405-5137-4ce6-8351-595859ba697f/2f7d5741-ad88-4121-b017-fa8202e83099.jpeg?h=225&w=225,
251940303,Tesco Large White Hot Dog Rolls 6 Pack,https://www.tesco.com/groceries/en-GB/shop/bakery/all?department=From%20Our%20Bakery&viewAll=department&page=,£1.00,£0.17/each,,,/groceries/en-GB/products/251940303,https://digitalcontent.api.tesco.com/v2/media/ghs/16e7bf7b-14f7-406f-bc56-b508e7b94ff8/3c3d9853-c2a1-451e-848b-177227fdafe8.jpeg?h=225&w=225,
281935558,Big Bite Soft White Roll 6Pack,https://www.tesco.com/groceries/en-GB/shop/bakery/all?department=From%20Our%20Bakery&viewAll=department&page=,£1.00,£0.17/each,,,/groceries/en-GB/products/281935558,https://digitalcontent.api.tesco.com/v2/media/ghs/ab018682-98b2-4852-ba14-6738b7d8234e/c5c9f58f-f30b-47d4-b690-40d922c3c20d.jpeg?h=225&w=225,
263240693,Tiger Loaf Sliced 400G,https://www.tesco.com/groceries/en-GB/shop/bakery/all?department=From%20Our%20Bakery&viewAll=department&page=,£0.95,£0.24/100g,,,/groceries/en-GB/products/263240693,https://digitalcontent.api.tesco.com/v2/media/ghs/15ac7612-c59d-4b1b-9b41-1106b195ffc0/c7579782-a186-4b8b-a795-b5addaae62ec.jpeg?h=225&w=225,
306661492,Tesco Chunky Cheese Rolls 4 Pack,https://www.tesco.com/groceries/en-GB/shop/bakery/all?department=From%20Our%20Bakery&viewAll=department&page=,£1.10,£0.28/each,,,/groceries/en-GB/products/306661492,https://digitalcontent.api.tesco.com/v2/media/ghs/fa495964-eeaa-43f2-8c7c-8648732fe998/4a0f7d61-f569-4c64-a449-f84cbfeadc93.jpeg?h=225&w=225,
258081588,Crusty White Farmhouse Loaf Sliced 400G,https://www.tesco.com/groceries/en-GB/shop/bakery/all?department=From%20Our%20Bakery&viewAll=department&page=,£0.90,£0.22/100g,,,/groceries/en-GB/products/258081588,https://digitalcontent.api.tesco.com/v2/media/ghs/2685cbb4-586b-43cb-9ebf-d22f2d58d9ad/f10fa673-5c95-4f75-ae0a-3e25a35c0544.jpeg?h=225&w=225,
255810019,6 Pack Soft White Rolls,https://www.tesco.com/groceries/en-GB/shop/bakery/all?department=From%20Our%20Bakery&viewAll=department&page=,£0.80,£0.13/each,,,/groceries/en-GB/products/255810019,https://digitalcontent.api.tesco.com/v2/media/ghs/1c6f80ab-481b-4753-b3da-92b2a874d9d3/5e5aa85e-546e-4a75-a91c-0f08ad7c9632.jpeg?h=225&w=225,
255810169,6 Pack Scotch Morning Rolls,https://www.tesco.com/groceries/en-GB/shop/bakery/all?department=From%20Our%20Bakery&viewAll=department&page=,£0.80,£0.13/each,,,/groceries/en-GB/products/255810169,https://digitalcontent.api.tesco.com/v2/media/ghs/c7c1ae48-db04-45fa-9514-69efb66919e8/3384cf01-6ba9-4327-b1fc-2d84910f5bb0.jpeg?h=225&w=225,
255810060,6 Pack White Finger Rolls,https://www.tesco.com/groceries/en-GB/shop/bakery/all?department=From%20Our%20Bakery&viewAll=department&page=,£0.80,£0.13/each,,,/groceries/en-GB/products/255810060,https://digitalcontent.api.tesco.com/v2/media/ghs/524ab42c-d1fd-4834-b684-ea2e7cddd2e9/41bf58cb-5bcc-4398-af2a-3fe0e2e1792f.jpeg?h=225&w=225,
252193004,Large White Bap 4 Pack,https://www.tesco.com/groceries/en-GB/shop/bakery/all?department=From%20Our%20Bakery&viewAll=department&page=,£0.80,£0.20/each,,,/groceries/en-GB/products/252193004,https://digitalcontent.api.tesco.com/v2/media/ghs/03aacdf0-1648-4b7a-96df-bcaf15da6a8d/28152f79-d9b7-455a-adf1-cdc20ffa678b.jpeg?h=225&w=225,
256122878,White Baton,https://www.tesco.com/groceries/en-GB/shop/bakery/all?department=From%20Our%20Bakery&viewAll=department&page=,£0.65,£0.32/100g,,,/groceries/en-GB/products/256122878,https://digitalcontent.api.tesco.com/v2/media/ghs/8fc9cd8e-af7b-4778-9e75-7fba7d0ac464/a3961e9a-957f-4595-900c-c3478e728f14.jpeg?h=225&w=225,
261326837,Tiger Baton,https://www.tesco.com/groceries/en-GB/shop/bakery/all?department=From%20Our%20Bakery&viewAll=department&page=,£0.70,£0.70/each,,,/groceries/en-GB/products/261326837,https://digitalcontent.api.tesco.com/v2/media/ghs/218f9358-ac5b-4cc2-9737-84db14104c2f/afa524bd-bc73-46ca-b90a-4d85eb4871a6.jpeg?h=225&w=225,
307758273,Tesco Gingerbread Biscuit,https://www.tesco.com/groceries/en-GB/shop/bakery/all?department=From%20Our%20Bakery&viewAll=department&page=,£0.75,£0.75/each,,,/groceries/en-GB/products/307758273,https://digitalcontent.api.tesco.com/v2/media/ghs/d7dc1a98-898d-4cbd-9857-eab67a96069c/a830719c-e59a-43eb-adb4-85bd5e4d7844.jpeg?h=225&w=225,
276132657,Cinnamon Tear & Share Bun,https://www.tesco.com/groceries/en-GB/shop/bakery/all?department=From%20Our%20Bakery&viewAll=department&page=,£3.50,£3.50/each,,,/groceries/en-GB/products/276132657,https://digitalcontent.api.tesco.com/v2/media/ghs/eba4a078-b945-499c-8a48-9deb15c8c1cc/573f92c4-96b4-4807-82f1-aeee5f86fc75.jpeg?h=225&w=225,
295684815,Tesco Ring Doughnuts 12 Pack,https://www.tesco.com/groceries/en-GB/shop/bakery/all?department=From%20Our%20Bakery&viewAll=department&page=,£3.00,£0.25/each,,,/groceries/en-GB/products/295684815,https://digitalcontent.api.tesco.com/v2/media/ghs/578486c4-33f9-427e-9b67-1ded07a38722/c30401ef-5fb2-4930-8922-4904a972c64b.jpeg?h=225&w=225,
309764855,Tesco Pastel De Nata 4 Pack,https://www.tesco.com/groceries/en-GB/shop/bakery/all?department=From%20Our%20Bakery&viewAll=department&page=,£2.25,£0.56/each,,,/groceries/en-GB/products/309764855,https://digitalcontent.api.tesco.com/v2/media/ghs/213acd45-8127-4a6c-97ae-7773951f9081/e453134f-2396-4691-a9ee-e2aa181083f6.jpeg?h=225&w=225,
305836633,Tesco White Stone Baked Boule,https://www.tesco.com/groceries/en-GB/shop/bakery/all?department=From%20Our%20Bakery&viewAll=department&page=,£1.80,£1.80/each,,,/groceries/en-GB/products/305836633,https://digitalcontent.api.tesco.com/v2/media/ghs/6f8cb525-396d-43ba-a23f-1da02eeda373/dd769455-a454-4101-9c40-b02c393552de.jpeg?h=225&w=225,
272960719,Three Cheese Bread,https://www.tesco.com/groceries/en-GB/shop/bakery/all?department=From%20Our%20Bakery&viewAll=department&page=,£1.80,£1.80/each,,,/groceries/en-GB/products/272960719,https://digitalcontent.api.tesco.com/v2/media/ghs/c70124ce-923a-4928-b44c-0320e43d58c3/5099a60a-a9f4-49fc-bef3-b767a48ccf08.jpeg?h=225&w=225,
272913990,Tesco Trio Of Olive Bloomer,https://www.tesco.com/groceries/en-GB/shop/bakery/all?department=From%20Our%20Bakery&viewAll=department&page=,£1.80,£1.80/each,,,/groceries/en-GB/products/272913990,https://digitalcontent.api.tesco.com/v2/media/ghs/ba6b4e19-6d15-4765-a466-6f6bf2c1ffdb/5436d66e-966f-4890-8571-72ef1528df1e.jpeg?h=225&w=225,
254468973,Tesco Ciabatta,https://www.tesco.com/groceries/en-GB/shop/bakery/all?department=From%20Our%20Bakery&viewAll=department&page=,£1.80,£1.80/each,,,/groceries/en-GB/products/254468973,https://digitalcontent.api.tesco.com/v2/media/ghs/335758d4-54b2-4ae4-8684-8adee7270101/bf232e39-aa3b-4599-a485-0a51a3d1ac5f.jpeg?h=225&w=225,
305837632,Tesco Brown Sourdough Bloomer,https://www.tesco.com/groceries/en-GB/shop/bakery/all?department=From%20Our%20Bakery&viewAll=department&page=,£1.80,£1.80/each,,,/groceries/en-GB/products/305837632,https://digitalcontent.api.tesco.com/v2/media/ghs/53391676-1ccc-4ada-8768-fd1c714ed605/789ecb9b-e1be-4ada-9f6d-c0b04cefdfa2.jpeg?h=225&w=225,
304406390,Tesco Finest Chocolate Orange Cookies 4 Pack,https://www.tesco.com/groceries/en-GB/shop/bakery/all?department=From%20Our%20Bakery&viewAll=department&page=,£1.65,£0.41/each,£1.25 Clubcard Price,,/groceries/en-GB/products/304406390,https://digitalcontent.api.tesco.com/v2/media/ghs/f59c8aa4-fa61-4dd9-8fb8-ded76bd7c9b0/fb1b0397-9b70-4024-ad45-b19a14c13d88.jpeg?h=225&w=225,
255874939,Chocolate Iced Ring Doughnut 4 Pack,https://www.tesco.com/groceries/en-GB/shop/bakery/all?department=From%20Our%20Bakery&viewAll=department&page=,£1.25,£0.31/each,,,/groceries/en-GB/products/255874939,https://digitalcontent.api.tesco.com/v2/media/ghs/40e2ebdb-522d-4982-8e70-70e67e091265/962681c6-1946-49b2-8fe2-66112058a365.jpeg?h=225&w=225,
305041542,Tesco Finest Raspberry & White Chocolate Cookies 4 Pack,https://www.tesco.com/groceries/en-GB/shop/bakery/all?department=From%20Our%20Bakery&viewAll=department&page=,£1.65,£0.41/each,£1.25 Clubcard Price,,/groceries/en-GB/products/305041542,https://digitalcontent.api.tesco.com/v2/media/ghs/9094ac80-8d40-4899-b603-e8c53e6d9cf9/fec2159f-0c5b-4807-a944-345a16e16dda_531185431.jpeg?h=225&w=225,
285498319,Finest White Chocolate & Honeycomb Cookie 4 Pack,https://www.tesco.com/groceries/en-GB/shop/bakery/all?department=From%20Our%20Bakery&viewAll=department&page=,£1.65,£0.41/each,£1.25 Clubcard Price,,/groceries/en-GB/products/285498319,https://digitalcontent.api.tesco.com/v2/media/ghs/c14f248e-94bb-4db5-b4f9-1a425a9b4db7/b8f8608b-b9ca-411b-906c-0e3b0e783f51.jpeg?h=225&w=225,
253078439,Tiger Bloomer 800G,https://www.tesco.com/groceries/en-GB/shop/bakery/all?department=From%20Our%20Bakery&viewAll=department&page=,£1.25,£0.16/100g,,,/groceries/en-GB/products/253078439,https://digitalcontent.api.tesco.com/v2/media/ghs/d193c380-9ff3-4f38-b5e8-75763c5803db/6d048c1f-8ac7-43e7-8d22-3324b0fd8f57.jpeg?h=225&w=225,
255779661,Tesco All Butter Pain Au Chocolat 2 Pack,https://www.tesco.com/groceries/en-GB/shop/bakery/all?department=From%20Our%20Bakery&viewAll=department&page=,£1.45,£0.72/each,,,/groceries/en-GB/products/255779661,https://digitalcontent.api.tesco.com/v2/media/ghs/545493bd-0dc4-4de6-afb8-39c620a534f3/8c1402fe-b703-4a04-8e02-c7aba8acee66.jpeg?h=225&w=225,
309454139,Heat & Eat Seeded Baguette 3 Pack,https://www.tesco.com/groceries/en-GB/shop/bakery/all?department=From%20Our%20Bakery&viewAll=department&page=,£1.20,£0.40/each,,,/groceries/en-GB/products/309454139,https://digitalcontent.api.tesco.com/v2/media/ghs/65325882-4b60-48c3-a205-80fa83052d61/f5cabdb7-cb8a-4cb7-816c-3844545dc9b6_1727106419.jpeg?h=225&w=225,
283669933,Finest Granola 4 Pack,https://www.tesco.com/groceries/en-GB/shop/bakery/all?department=From%20Our%20Bakery&viewAll=department&page=,£1.65,£0.41/each,£1.25 Clubcard Price,,/groceries/en-GB/products/283669933,https://digitalcontent.api.tesco.com/v2/media/ghs/94858b08-3b0a-4145-91e8-a48bc6438583/c0920bcc-fe48-48e4-812f-e8d93529d443.jpeg?h=225&w=225,
257800633,Tesco All Butter Pain Au Raisin 2 Pack,https://www.tesco.com/groceries/en-GB/shop/bakery/all?department=From%20Our%20Bakery&viewAll=department&page=,£1.45,£0.72/each,,,/groceries/en-GB/products/257800633,https://digitalcontent.api.tesco.com/v2/media/ghs/00f09302-ce53-4e19-809d-0be2a631d483/6bdf34fc-31ef-4405-999c-e16532a4cc60.jpeg?h=225&w=225,
308495944,Tesco White Stone Baked Baguette,https://www.tesco.com/groceries/en-GB/shop/bakery/all?department=From%20Our%20Bakery&viewAll=department&page=,£1.00,£1.00/each,,,/groceries/en-GB/products/308495944,https://digitalcontent.api.tesco.com/v2/media/ghs/937243a9-e37c-44a1-9e3d-1a5759269b93/ef36b460-0d3c-4919-9a26-52dc10166415.jpeg?h=225&w=225,
297937670,Tesco 4 Lattice Top Puff Pastry Mince Pies,https://www.tesco.com/groceries/en-GB/shop/bakery/all?department=From%20Our%20Bakery&viewAll=department&page=,£1.25,£0.31/each,,,/groceries/en-GB/products/297937670,https://digitalcontent.api.tesco.com/v2/media/ghs/583d5453-20f4-473d-b6fe-333c34187dce/99a69f0c-9a10-4a7d-af74-5a3e2caf2199.jpeg?h=225&w=225,
254735283,Tesco Rhubarb Pie Each,https://www.tesco.com/groceries/en-GB/shop/bakery/all?department=From%20Our%20Bakery&viewAll=department&page=,£1.50,£1.50/each,,,/groceries/en-GB/products/254735283,https://digitalcontent.api.tesco.com/v2/media/ghs/401b0e98-2f81-4057-989c-3d27772a281d/5a63bf0e-0144-4c36-87d5-01513ad7ec35.jpeg?h=225&w=225,
309459514,Tesco Finest Bakewell Tarts 2 Pack,https://www.tesco.com/groceries/en-GB/shop/bakery/all?department=From%20Our%20Bakery&viewAll=department&page=,£1.90,£0.95/each,,,/groceries/en-GB/products/309459514,https://digitalcontent.api.tesco.com/v2/media/ghs/3c118a95-b884-4061-b61f-349765eb0941/6ef464a7-d654-4a13-9f5a-090f6f489865_1347292209.jpeg?h=225&w=225,
283292715,Oat & Raisin Cookies 5Pack,https://www.tesco.com/groceries/en-GB/shop/bakery/all?department=From%20Our%20Bakery&viewAll=department&page=,£1.20,£0.24/each,,,/groceries/en-GB/products/283292715,https://digitalcontent.api.tesco.com/v2/media/ghs/2d1dd4d7-28c4-46f8-a463-cfef863acbe5/967633d1-b3ef-436c-bd57-41907a9a009c.jpeg?h=225&w=225,
286519456,Tesco All Butter Croissant 2 Pack,https://www.tesco.com/groceries/en-GB/shop/bakery/all?department=From%20Our%20Bakery&viewAll=department&page=,£1.45,£0.72/each,,,/groceries/en-GB/products/286519456,https://digitalcontent.api.tesco.com/v2/media/ghs/a04ffd5f-1c03-41b8-b05d-a3b4f71d52d5/babe0397-6fa7-4375-9f1a-be58dad60e9c.jpeg?h=225&w=225,
307755570,Wicked Kitchen Jazzy Jam Doughnuts 5 Pack,https://www.tesco.com/groceries/en-GB/shop/bakery/all?department=From%20Our%20Bakery&viewAll=department&page=,£1.10,£0.22/each,,,/groceries/en-GB/products/307755570,https://digitalcontent.api.tesco.com/v2/media/ghs/e861aee1-5547-414a-8006-f4ff838f9e47/f3da901d-2e78-4b03-a77d-0111dd2f4e7d.jpeg?h=225&w=225,
300547129,Tesco Sourdough Rye Bloomer,https://www.tesco.com/groceries/en-GB/shop/bakery/all?department=From%20Our%20Bakery&viewAll=department&page=,£1.80,£1.80/each,,,/groceries/en-GB/products/300547129,https://digitalcontent.api.tesco.com/v2/media/ghs/0ebfd6c3-0f47-466e-980e-c89a2c9d356e/09dfc8ea-a353-47d6-a9a6-c75b0f9f9d13.jpeg?h=225&w=225,
288355179,Petit Pain 4 Pack,https://www.tesco.com/groceries/en-GB/shop/bakery/all?department=From%20Our%20Bakery&viewAll=department&page=,£1.00,£0.25/each,,,/groceries/en-GB/products/288355179,https://digitalcontent.api.tesco.com/v2/media/ghs/04847455-c541-486f-a974-9230a6235775/5f7740a4-fb81-4f24-8bf5-e6a5a8bc2b86.jpeg?h=225&w=225,
258081283,Crusty White Bloomer Sliced 800G,https://www.tesco.com/groceries/en-GB/shop/bakery/all?department=From%20Our%20Bakery&viewAll=department&page=,£1.20,£0.15/100g,,,/groceries/en-GB/products/258081283,https://digitalcontent.api.tesco.com/v2/media/ghs/ce9ba39f-db0f-4d4d-8dcf-b7022b1120ac/e087c1ef-d068-42d5-a2d6-7de0239dad2f.jpeg?h=225&w=225,
255809172,Crusty White Sandwich Loaf 800G,https://www.tesco.com/groceries/en-GB/shop/bakery/all?department=From%20Our%20Bakery&viewAll=department&page=,£1.20,£0.15/100g,,,/groceries/en-GB/products/255809172,https://digitalcontent.api.tesco.com/v2/media/ghs/5cd30044-9be2-40d6-b016-29cd382b4b9e/43b328d9-9fe4-4b24-a319-b69403ab752c.jpeg?h=225&w=225,
255809189,White Farmhouse 800G,https://www.tesco.com/groceries/en-GB/shop/bakery/all?department=From%20Our%20Bakery&viewAll=department&page=,£1.20,£0.15/100g,,,/groceries/en-GB/products/255809189,https://digitalcontent.api.tesco.com/v2/media/ghs/27b161cc-95d3-4abe-9594-bace8994f85e/65f9efd7-90be-4ce9-bf65-de996a47fa16.jpeg?h=225&w=225,
258397693,Crusty White Bloomer Sliced 400G,https://www.tesco.com/groceries/en-GB/shop/bakery/all?department=From%20Our%20Bakery&viewAll=department&page=,£0.90,£0.22/100g,,,/groceries/en-GB/products/258397693,https://digitalcontent.api.tesco.com/v2/media/ghs/aad9f879-09d1-4cdb-b76c-982f3513df48/0aca3f98-620e-44c1-8457-7638deb685e3.jpeg?h=225&w=225,
309477705,Tesco Hi Fibre Malted Loaf 800G Sliced,https://www.tesco.com/groceries/en-GB/shop/bakery/all?department=From%20Our%20Bakery&viewAll=department&page=,£1.20,£1.20/each,,,/groceries/en-GB/products/309477705,https://digitalcontent.api.tesco.com/v2/media/ghs/9e74669f-b89a-469d-b8cb-55934cda58c8/2647c77f-240c-4247-b522-c82463901d08.jpeg?h=225&w=225,
309452769,Tesco Hi Fibre Wholemeal Loaf 800G Sliced,https://www.tesco.com/groceries/en-GB/shop/bakery/all?department=From%20Our%20Bakery&viewAll=department&page=,£1.20,£1.20/each,,,/groceries/en-GB/products/309452769,https://digitalcontent.api.tesco.com/v2/media/ghs/2595102f-8f44-4089-98ad-228a0c3d956e/f64b9bd9-b80f-4567-aef5-cc9be4fd1c49.jpeg?h=225&w=225,
253078451,Tiger Bloomer 400G,https://www.tesco.com/groceries/en-GB/shop/bakery/all?department=From%20Our%20Bakery&viewAll=department&page=,£0.95,£0.24/100g,,,/groceries/en-GB/products/253078451,https://digitalcontent.api.tesco.com/v2/media/ghs/5e4d1b21-7bea-40ab-98c2-0f9ca4b29c77/1a48482f-f666-46d5-84cf-b39eeea6c5f3.jpeg?h=225&w=225,
306661336,Tesco Ancient Grain Rolls 4 Pack,https://www.tesco.com/groceries/en-GB/shop/bakery/all?department=From%20Our%20Bakery&viewAll=department&page=,£1.10,£0.28/each,,,/groceries/en-GB/products/306661336,https://digitalcontent.api.tesco.com/v2/media/ghs/79754b38-4e20-49b6-8afa-5778425e08c5/2080df06-746a-4782-b51e-a9a74b61a4ea.jpeg?h=225&w=225,
252488704,Crusty White Farmhouse Loaf 400G,https://www.tesco.com/groceries/en-GB/shop/bakery/all?department=From%20Our%20Bakery&viewAll=department&page=,£0.90,£0.22/100g,,,/groceries/en-GB/products/252488704,https://digitalcontent.api.tesco.com/v2/media/ghs/356432ab-d4e0-4fe1-9fcd-6cc5b7c49b44/4014f6f4-532f-45d5-9ef0-204dd333a3f1.jpeg?h=225&w=225,
305946059,Tesco White Crusty Cob Sliced,https://www.tesco.com/groceries/en-GB/shop/bakery/all?department=From%20Our%20Bakery&viewAll=department&page=,£0.90,£0.90/each,,,/groceries/en-GB/products/305946059,https://digitalcontent.api.tesco.com/v2/media/ghs/01f6cfe6-7ce2-4643-9130-ed496363c411/c028416c-0a8d-4e7e-8435-bd8462785f8f.jpeg?h=225&w=225,
268512387,6 Pack Tiger Rolls,https://www.tesco.com/groceries/en-GB/shop/bakery/all?department=From%20Our%20Bakery&viewAll=department&page=,£0.80,£0.13/each,,,/groceries/en-GB/products/268512387,https://digitalcontent.api.tesco.com/v2/media/ghs/175d9981-1328-4a12-8919-26555382b4f5/cd59d859-0de0-47ad-aeed-eb19f9cc025f.jpeg?h=225&w=225,
268512370,6 Pack Crusty White Rolls,https://www.tesco.com/groceries/en-GB/shop/bakery/all?department=From%20Our%20Bakery&viewAll=department&page=,£0.80,£0.13/each,,,/groceries/en-GB/products/268512370,https://digitalcontent.api.tesco.com/v2/media/ghs/8063f2ab-f37f-41bf-9c96-e64caf304390/4271f904-d3c6-43b3-83ac-5b046e241985.jpeg?h=225&w=225,
309479398,Tesco Hi Fibre Wholemeal Loaf 400G Sliced,https://www.tesco.com/groceries/en-GB/shop/bakery/all?department=From%20Our%20Bakery&viewAll=department&page=,£0.90,£0.90/each,,,/groceries/en-GB/products/309479398,https://digitalcontent.api.tesco.com/v2/media/ghs/4ccc40d9-404d-49e4-be8c-ccfbbf2c3d90/8ac389a8-4a0b-47a5-94d9-26d9c9e0a5d0.jpeg?h=225&w=225,
307762519,Wicked Kitchen Super Cinnamon Scroll 2 Pack,https://www.tesco.com/groceries/en-GB/shop/bakery/all?department=From%20Our%20Bakery&viewAll=department&page=,£1.85,£0.92/each,,,/groceries/en-GB/products/307762519,https://digitalcontent.api.tesco.com/v2/media/ghs/d81d7810-62ff-40c8-ba00-da4468344d26/11a398c9-50a2-4ca8-acd3-4497d6cf65c0.jpeg?h=225&w=225,
281684128,Tesco Jalapeno Chilli & Three Cheese Bloomer,https://www.tesco.com/groceries/en-GB/shop/bakery/all?department=From%20Our%20Bakery&viewAll=department&page=,£1.80,£1.80/each,,,/groceries/en-GB/products/281684128,https://digitalcontent.api.tesco.com/v2/media/ghs/44700c22-58a7-4640-83b6-85e4c4e67f22/ac7358c1-9858-4a86-8ed1-4969e8fd01eb.jpeg?h=225&w=225,
309453578,Tesco Finest Apple & Blackberry Crumble Danish 2 Pack,https://www.tesco.com/groceries/en-GB/shop/bakery/all?department=From%20Our%20Bakery&viewAll=department&page=,£1.90,£0.95/each,,,/groceries/en-GB/products/309453578,https://digitalcontent.api.tesco.com/v2/media/ghs/3cc04ba7-be78-48d9-af6a-6e7ace6f6a01/e3bc3dc5-0aa4-4d64-b9f5-66155f7f9aec_1225735852.jpeg?h=225&w=225,
307750788,Wicked Kitchen 4 Double Trouble Chocolate Cookies,https://www.tesco.com/groceries/en-GB/shop/bakery/all?department=From%20Our%20Bakery&viewAll=department&page=,£1.75,£0.44/each,,,/groceries/en-GB/products/307750788,https://digitalcontent.api.tesco.com/v2/media/ghs/39d7248a-a9d3-426c-9c0c-0d522f756415/e660e3b2-8db7-403e-b33b-a5df4e290fa2.jpeg?h=225&w=225,
309488335,Tesco Finest 4 Salted Caramel & Pecan Cookies,https://www.tesco.com/groceries/en-GB/shop/bakery/all?department=From%20Our%20Bakery&viewAll=department&page=,£1.65,£0.41/each,£1.25 Clubcard Price,,/groceries/en-GB/products/309488335,https://digitalcontent.api.tesco.com/v2/media/ghs/82ce445e-304f-41a2-997b-93b7f590e89a/76b1fff4-f62e-4dd7-9e87-04251ea4e968_114422794.jpeg?h=225&w=225,
309474189,Tesco Seeded Multigrain Bloomer,https://www.tesco.com/groceries/en-GB/shop/bakery/all?department=From%20Our%20Bakery&viewAll=department&page=,£1.80,£1.80/each,,,/groceries/en-GB/products/309474189,https://digitalcontent.api.tesco.com/v2/media/ghs/41fcf8e5-e7bd-47d4-9906-5c6afa97d1f6/22b9a94b-9852-4fa5-af33-40dd76341106.jpeg?h=225&w=225,
308477851,Tesco Seeded Stone Baked Baguette,https://www.tesco.com/groceries/en-GB/shop/bakery/all?department=From%20Our%20Bakery&viewAll=department&page=,£1.00,£1.00/each,,,/groceries/en-GB/products/308477851,https://digitalcontent.api.tesco.com/v2/media/ghs/838a0879-ef9d-4967-b377-114f8d9af602/b6ff9d76-0f68-4fb3-9a41-53ff7b2b353d.jpeg?h=225&w=225,
276132945,Cinnamon Bun,https://www.tesco.com/groceries/en-GB/shop/bakery/all?department=From%20Our%20Bakery&viewAll=department&page=,£1.10,£1.10/each,,,/groceries/en-GB/products/276132945,https://digitalcontent.api.tesco.com/v2/media/ghs/031cc9e0-57d1-4c78-b847-2c37dffe3965/d30cfc25-297b-47fe-8cd1-1f2910174de4.jpeg?h=225&w=225,
255809143,Crusty White Split Tin 800G,https://www.tesco.com/groceries/en-GB/shop/bakery/all?department=From%20Our%20Bakery&viewAll=department&page=,£1.20,£0.15/100g,,,/groceries/en-GB/products/255809143,https://digitalcontent.api.tesco.com/v2/media/ghs/0bb8458d-a293-4b48-83b3-560fa7644f8b/493edea9-109b-4ceb-b4ad-41d72dfd884f.jpeg?h=225&w=225,
255809114,Crusty White Bloomer 800G,https://www.tesco.com/groceries/en-GB/shop/bakery/all?department=From%20Our%20Bakery&viewAll=department&page=,£1.20,£0.15/100g,,,/groceries/en-GB/products/255809114,https://digitalcontent.api.tesco.com/v2/media/ghs/dab4e37b-09b0-42d0-99e7-0c951164b70e/8001d8d3-6cec-435d-9e9c-cdc209e5047a.jpeg?h=225&w=225,
255809310,Crusty White Split Tin Sliced 800G,https://www.tesco.com/groceries/en-GB/shop/bakery/all?department=From%20Our%20Bakery&viewAll=department&page=,£1.20,£0.15/100g,,,/groceries/en-GB/products/255809310,https://digitalcontent.api.tesco.com/v2/media/ghs/9d07f2b4-c25c-4830-8e06-50a0d03faebf/08605ce6-365d-4fe4-8445-6172130a5ea2.jpeg?h=225&w=225,
297689029,Tesco All Butter Chocolate Twist,https://www.tesco.com/groceries/en-GB/shop/bakery/all?department=From%20Our%20Bakery&viewAll=department&page=,£1.00,£1.00/each,,,/groceries/en-GB/products/297689029,https://digitalcontent.api.tesco.com/v2/media/ghs/6a68a767-9a0e-4eb2-af7b-9ed82abf695a/e3af8309-1a59-4370-8146-77abedd95bfd.jpeg?h=225&w=225,
309779256,Tesco Hi Fibre Wholemeal Loaf 400G,https://www.tesco.com/groceries/en-GB/shop/bakery/all?department=From%20Our%20Bakery&viewAll=department&page=,£0.90,£0.90/each,,,/groceries/en-GB/products/309779256,https://digitalcontent.api.tesco.com/v2/media/ghs/9867399c-84fa-4622-b62e-2ee5dfeffd5c/abdb4b19-6bde-4778-879f-e524bb38259b.jpeg?h=225&w=225,
309209499,Tesco Hi Fibre Malted Loaf 800G,https://www.tesco.com/groceries/en-GB/shop/bakery/all?department=From%20Our%20Bakery&viewAll=department&page=,£1.20,£1.20/each,,,/groceries/en-GB/products/309209499,https://digitalcontent.api.tesco.com/v2/media/ghs/dddf0c33-71a3-444b-ad9e-847a0f6db152/0f38b05b-df48-4dd6-b3f4-0dadfd32a252.jpeg?h=225&w=225,
309449699,Tesco Hi Fibre Wholemeal Loaf 800G,https://www.tesco.com/groceries/en-GB/shop/bakery/all?department=From%20Our%20Bakery&viewAll=department&page=,£1.20,£1.20/each,,,/groceries/en-GB/products/309449699,https://digitalcontent.api.tesco.com/v2/media/ghs/3b04241a-2c63-41de-b91e-81874c14d0df/d6c2ab8c-e50e-4ce4-9871-9c5ab8c1e4c6.jpeg?h=225&w=225,
292891822,Tesco All Butter Croissant,https://www.tesco.com/groceries/en-GB/shop/bakery/all?department=From%20Our%20Bakery&viewAll=department&page=,£0.90,£0.90/each,,,/groceries/en-GB/products/292891822,https://digitalcontent.api.tesco.com/v2/media/ghs/f837576f-c69a-4b34-82e4-66d08ced3e72/14b5462c-c6e1-4da3-8bdb-6a1a2a48c961.jpeg?h=225&w=225,
305946468,Hovis Wholemeal Loaf,https://www.tesco.com/groceries/en-GB/shop/bakery/all?department=From%20Our%20Bakery&viewAll=department&page=,£1.10,£1.10/each,,,/groceries/en-GB/products/305946468,https://digitalcontent.api.tesco.com/v2/media/ghs/d57eaef7-e687-453b-af9f-ee249d2892f8/f04ba4c0-e748-4e36-9aee-80697d9e4253.jpeg?h=225&w=225,
309455645,Tesco Traditional Wheaten Bread 440G,https://www.tesco.com/groceries/en-GB/shop/bakery/all?department=From%20Our%20Bakery&viewAll=department&page=,£1.10,£1.10/each,,,/groceries/en-GB/products/309455645,https://digitalcontent.api.tesco.com/v2/media/ghs-mktg/b0b04216-fa73-466d-a9d7-c9fcfa1ce9b3/no-image.jpeg,
305961904,Tesco White Crusty Cob,https://www.tesco.com/groceries/en-GB/shop/bakery/all?department=From%20Our%20Bakery&viewAll=department&page=,£0.90,£0.90/each,,,/groceries/en-GB/products/305961904,https://digitalcontent.api.tesco.com/v2/media/ghs/4e7c3cf3-f92c-487d-99bf-0556e65d5130/86fef4da-def8-462e-9c0a-4c56c8d479c4.jpeg?h=225&w=225,
255809195,Crusty White Bloomer 400G,https://www.tesco.com/groceries/en-GB/shop/bakery/all?department=From%20Our%20Bakery&viewAll=department&page=,£0.90,£0.22/100g,,,/groceries/en-GB/products/255809195,https://digitalcontent.api.tesco.com/v2/media/ghs/cfeb9ab3-e2ae-4422-8b03-921992b905ca/e5ec0b78-aea1-4be9-a629-893e2f00294b.jpeg?h=225&w=225,
309477072,Tesco Hi Fibre Malted Loaf 400G,https://www.tesco.com/groceries/en-GB/shop/bakery/all?department=From%20Our%20Bakery&viewAll=department&page=,£0.90,£0.90/each,,,/groceries/en-GB/products/309477072,https://digitalcontent.api.tesco.com/v2/media/ghs/a88d222c-0204-48e4-b097-6a14f56c01c6/09950c0c-aaaa-4dcd-9897-5c4eb9f806a3.jpeg?h=225&w=225,
309454698,Tesco Hi Fibre Malted Loaf 400G Sliced,https://www.tesco.com/groceries/en-GB/shop/bakery/all?department=From%20Our%20Bakery&viewAll=department&page=,£0.90,£0.90/each,,,/groceries/en-GB/products/309454698,https://digitalcontent.api.tesco.com/v2/media/ghs/79ace2da-a098-40a5-9157-f94cd7187909/7455e483-ecb3-4014-aa11-5862cc04eec4.jpeg?h=225&w=225,
297571030,Tesco Cookies & Cream Cake,https://www.tesco.com/groceries/en-GB/shop/bakery/all?department=Finest%20Bakery&viewAll=department&page=,£14.00,£14.00/each,,,/groceries/en-GB/products/297571030,https://digitalcontent.api.tesco.com/v2/media/ghs/7a20ae2e-d6a5-4be1-aa14-63c3dcd45b04/f90fbadf-4152-4eb9-82b8-9b5ad9a66230.jpeg?h=225&w=225,
309759862,Tesco Finest Trillionaire Cake,https://www.tesco.com/groceries/en-GB/shop/bakery/all?department=Finest%20Bakery&viewAll=department&page=,£16.00,£16.00/each,,,/groceries/en-GB/products/309759862,https://digitalcontent.api.tesco.com/v2/media/ghs/f64aebef-b970-4181-8df8-1975a802b0d8/eea64901-a5d0-4f4b-ab35-e5b13292d65f.jpeg?h=225&w=225,
305977834,Tesco Finest Belgian Chocolate Cake,https://www.tesco.com/groceries/en-GB/shop/bakery/all?department=Finest%20Bakery&viewAll=department&page=,£15.00,£15.00/each,,,/groceries/en-GB/products/305977834,https://digitalcontent.api.tesco.com/v2/media/ghs/39e5b2f4-9f52-4f88-8ac8-7ba15dd227fc/a8589e77-863a-4699-8dba-04728a740f12.jpeg?h=225&w=225,
305945803,Tesco Finest Strawberries & Cream Cake,https://www.tesco.com/groceries/en-GB/shop/bakery/all?department=Finest%20Bakery&viewAll=department&page=,£15.00,£15.00/each,,,/groceries/en-GB/products/305945803,https://digitalcontent.api.tesco.com/v2/media/ghs/446797ee-3833-4e0c-964a-e9c1bab2dbd9/882b524b-7bcd-4b4f-9b18-ed518632b87b.jpeg?h=225&w=225,
308485189,Tesco Finest Lemon Curd Drip Cake,https://www.tesco.com/groceries/en-GB/shop/bakery/all?department=Finest%20Bakery&viewAll=department&page=,£15.00,£15.00/each,,,/groceries/en-GB/products/308485189,https://digitalcontent.api.tesco.com/v2/media/ghs/7d91fb98-3ac7-4fc8-bd40-33aaa7f441ed/7463fa3e-69ed-4403-ba41-f0bd8f1720b2.jpeg?h=225&w=225,
303629755,Tesco Finest Free From Millionaire Slices 4 Pack,https://www.tesco.com/groceries/en-GB/shop/bakery/all?department=Finest%20Bakery&viewAll=department&page=,£3.00,£0.75/each,,,/groceries/en-GB/products/303629755,https://digitalcontent.api.tesco.com/v2/media/ghs/c4f7bc58-5642-4ae3-9e0f-8d46c0bba69c/f453f8a6-3951-45cb-a94d-b4ad39836440_1424757526.jpeg?h=225&w=225,
287938223,Tesco Finest Free From Chocolate Cake,https://www.tesco.com/groceries/en-GB/shop/bakery/all?department=Finest%20Bakery&viewAll=department&page=,£3.50,£3.50/each,,,/groceries/en-GB/products/287938223,https://digitalcontent.api.tesco.com/v2/media/ghs/3b9fb82c-4f62-4803-a6a1-ef942978d588/bbf74bfa-8761-4b97-b487-a0936f0590ef.jpeg?h=225&w=225,
310115621,Tesco Free From White Cob With Sourdough 400G,https://www.tesco.com/groceries/en-GB/shop/bakery/all?department=Finest%20Bakery&viewAll=department&page=,£2.90,£0.72/100g,,,/groceries/en-GB/products/310115621,https://digitalcontent.api.tesco.com/v2/media/ghs/63f29c8b-833c-4cf1-947e-8f93f31f7d88/9e4c8c14-efc2-408e-955d-a8ff55dbc679.jpeg?h=225&w=225,
287938338,Tesco Finest Free From Carrot Cake,https://www.tesco.com/groceries/en-GB/shop/bakery/all?department=Finest%20Bakery&viewAll=department&page=,£3.50,£3.50/each,,,/groceries/en-GB/products/287938338,https://digitalcontent.api.tesco.com/v2/media/ghs/05c4f0fa-6d02-4624-addb-ea71b2f1e354/8ba3858d-a340-4d96-8543-942dddcedb92.jpeg?h=225&w=225,
271832044,Tesco Finest Brioche Loaf 400G,https://www.tesco.com/groceries/en-GB/shop/bakery/all?department=Finest%20Bakery&viewAll=department&page=,£2.25,£0.56/100g,,,/groceries/en-GB/products/271832044,https://digitalcontent.api.tesco.com/v2/media/ghs/c0134cc6-24e1-496a-964e-c3eec6edd00e/7d049523-8901-4aa5-8de9-7a7d79b5bc4e.jpeg?h=225&w=225,
305834981,Tesco Finest 4 Millionaire Shortbread Slices,https://www.tesco.com/groceries/en-GB/shop/bakery/all?department=Finest%20Bakery&viewAll=department&page=,£2.70,£2.70/each,,,/groceries/en-GB/products/305834981,https://digitalcontent.api.tesco.com/v2/media/ghs/23762785-2be4-4026-b4ec-e490365735cc/95201bcb-064e-45a2-adee-e6a9e90ef89e_1737137343.jpeg?h=225&w=225,
265322645,Tesco Finest All Butter Scones 4 Pack,https://www.tesco.com/groceries/en-GB/shop/bakery/all?department=Finest%20Bakery&viewAll=department&page=,£1.75,£0.44/each,,,/groceries/en-GB/products/265322645,https://digitalcontent.api.tesco.com/v2/media/ghs/2601c9f5-0ca5-45e3-98b6-6932cbbd2ce9/358ef1e5-7c45-4d07-8c1b-97ce5a2510d6.jpeg?h=225&w=225,
253140037,Tesco Finest Coffee & Walnut Cake Each,https://www.tesco.com/groceries/en-GB/shop/bakery/all?department=Finest%20Bakery&viewAll=department&page=,£2.90,£2.90/each,,,/groceries/en-GB/products/253140037,https://digitalcontent.api.tesco.com/v2/media/ghs/7fd29c42-bb26-453d-8e8c-e1020c1b1122/ba99532b-b280-42b7-98c8-9308842de467.jpeg?h=225&w=225,
264982901,Tesco Finest White Chocolate & Strawberry Cake,https://www.tesco.com/groceries/en-GB/shop/bakery/all?department=Finest%20Bakery&viewAll=department&page=,£2.90,£2.90/each,,,/groceries/en-GB/products/264982901,https://digitalcontent.api.tesco.com/v2/media/ghs/4252b032-d4de-4ab3-ac66-e92687adc5fd/7f449116-ec0f-4fa9-946c-9c8fe4c238fc.jpeg?h=225&w=225,
253846591,Tesco Finest 4 All Butter & Sultana Scones,https://www.tesco.com/groceries/en-GB/shop/bakery/all?department=Finest%20Bakery&viewAll=department&page=,£1.75,£0.44/each,,,/groceries/en-GB/products/253846591,https://digitalcontent.api.tesco.com/v2/media/ghs/0d3a3fae-9191-4251-b993-234594fb2726/e6a751d5-79d2-4e9c-862b-1fe85d40187a.jpeg?h=225&w=225,
257005808,Tesco Finest 4 All Butter Croissants,https://www.tesco.com/groceries/en-GB/shop/bakery/all?department=Finest%20Bakery&viewAll=department&page=,£2.10,£0.52/each,,,/groceries/en-GB/products/257005808,https://digitalcontent.api.tesco.com/v2/media/ghs/51191f60-7e8c-4a33-beaf-90feb1d07696/d1b5befa-0ad6-43e5-8c53-fdc3784fb621.jpeg?h=225&w=225,
305958108,Tesco Finest Olive Ciabatta 270G,https://www.tesco.com/groceries/en-GB/shop/bakery/all?department=Finest%20Bakery&viewAll=department&page=,£1.70,£0.63/100g,,,/groceries/en-GB/products/305958108,https://digitalcontent.api.tesco.com/v2/media/ghs/8cff52dc-0aab-4c1f-a433-d659b9bbc764/131aebe3-eaa4-4685-9a91-3f5c93ee391f.jpeg?h=225&w=225,
305838965,Tesco Finest 4 Brioche Hot Dog Rolls,https://www.tesco.com/groceries/en-GB/shop/bakery/all?department=Finest%20Bakery&viewAll=department&page=,£1.20,£0.30/each,,,/groceries/en-GB/products/305838965,https://digitalcontent.api.tesco.com/v2/media/ghs/0cb5a4f8-ab23-49f3-83e0-6863f39330b9/ab08c1b9-d28f-461f-bf2b-a3fe67c2fbbf.jpeg?h=225&w=225,
253846631,Tesco Finest 4 All Butter & Cheddar Scones,https://www.tesco.com/groceries/en-GB/shop/bakery/all?department=Finest%20Bakery&viewAll=department&page=,£1.75,£0.44/each,,,/groceries/en-GB/products/253846631,https://digitalcontent.api.tesco.com/v2/media/ghs/afd67f8e-e9d1-420c-b109-e69d5d0430d8/fa856732-d13d-4bfb-ac96-ee65ec6603f2.jpeg?h=225&w=225,
309757379,Tesco Finest 2 White Baguettes With Sourdough250g,https://www.tesco.com/groceries/en-GB/shop/bakery/all?department=Finest%20Bakery&viewAll=department&page=,£1.50,£0.60/100g,,,/groceries/en-GB/products/309757379,https://digitalcontent.api.tesco.com/v2/media/ghs/557f918d-4e18-41be-a26e-845c84344906/d55ec662-cd23-4b41-bbbe-18bd5d2ecda9.jpeg?h=225&w=225,
305955699,Tesco Finest 4 Honeycomb Tiffin Slices,https://www.tesco.com/groceries/en-GB/shop/bakery/all?department=Finest%20Bakery&viewAll=department&page=,£2.70,£0.68/each,,,/groceries/en-GB/products/305955699,https://digitalcontent.api.tesco.com/v2/media/ghs/6ac95de1-3a1e-49ac-acd6-76b15388005d/9c20aa4d-c659-4ed6-8cdc-5c7d17c74d65_1505050526.jpeg?h=225&w=225,
261331312,Tesco Finest 4 Extra Fruity Hot Cross Buns,https://www.tesco.com/groceries/en-GB/shop/bakery/all?department=Finest%20Bakery&viewAll=department&page=,£1.60,£0.40/each,,,/groceries/en-GB/products/261331312,https://digitalcontent.api.tesco.com/v2/media/ghs/98cdd9c1-6576-4c2d-8ee4-4ca2fa28735f/0c36bcfa-4d94-4070-a40f-b8c1442ebbc4.jpeg?h=225&w=225,
309767466,Tesco Finest Christmas Pudding Orange Liquor 100G,https://www.tesco.com/groceries/en-GB/shop/bakery/all?department=Finest%20Bakery&viewAll=department&page=,£1.50,£1.50/100g,,,/groceries/en-GB/products/309767466,https://digitalcontent.api.tesco.com/v2/media/ghs/351f77d6-7034-439c-a20c-092984d7e569/9f822be0-ae08-4adc-a171-24c6089a44bd_629516453.jpeg?h=225&w=225,
268064818,Tesco Finest Lemon Drizzle Cake Each,https://www.tesco.com/groceries/en-GB/shop/bakery/all?department=Finest%20Bakery&viewAll=department&page=,£2.90,£2.90/each,,,/groceries/en-GB/products/268064818,https://digitalcontent.api.tesco.com/v2/media/ghs/de627a4d-3704-4dce-8dd7-d8757b49eb71/dedc1ccf-00fa-4388-abda-a6c62a089e3e.jpeg?h=225&w=225,
299999517,Tesco Finest Wholemeal Rolls 4 Pack,https://www.tesco.com/groceries/en-GB/shop/bakery/all?department=Finest%20Bakery&viewAll=department&page=,£1.20,£0.30/each,,,/groceries/en-GB/products/299999517,https://digitalcontent.api.tesco.com/v2/media/ghs/28a49da6-ce1d-4c45-8a9d-38b4ce3b2cc9/3f2fff71-0d51-409b-9396-7c88ab4a3659.jpeg?h=225&w=225,
308457489,Tesco Finest 4 Large Teacakes,https://www.tesco.com/groceries/en-GB/shop/bakery/all?department=Finest%20Bakery&viewAll=department&page=,£1.60,£0.40/each,,,/groceries/en-GB/products/308457489,https://digitalcontent.api.tesco.com/v2/media/ghs/32f18967-f802-41e1-b27b-bfd953e623b7/983bfcf6-fa59-4107-bdb6-56d9832abc3c.jpeg?h=225&w=225,
303629473,Tesco Finest Rye & Mixed Seed Sourdough 400G,https://www.tesco.com/groceries/en-GB/shop/bakery/all?department=Finest%20Bakery&viewAll=department&page=,£1.70,£0.42/100g,,,/groceries/en-GB/products/303629473,https://digitalcontent.api.tesco.com/v2/media/ghs/5c36b981-b8ab-469f-88c4-914eea6a715c/f775b420-27db-4247-b307-8bce36243722.jpeg?h=225&w=225,
305036860,Tesco Finest 4 Brioche Burger Buns,https://www.tesco.com/groceries/en-GB/shop/bakery/all?department=Finest%20Bakery&viewAll=department&page=,£1.20,£0.30/each,,,/groceries/en-GB/products/305036860,https://digitalcontent.api.tesco.com/v2/media/ghs/86b7e60e-45b4-499b-b318-08b7e7615056/0384255a-7d6d-40c5-afc0-e1a24f6ca289.jpeg?h=225&w=225,
303629450,Tesco Finest White Sourdough Loaf 400G,https://www.tesco.com/groceries/en-GB/shop/bakery/all?department=Finest%20Bakery&viewAll=department&page=,£1.70,£0.42/100g,,,/groceries/en-GB/products/303629450,https://digitalcontent.api.tesco.com/v2/media/ghs/b34a3fd7-bf87-40c7-89e5-3dcc456e1c15/ed2eac7b-7912-4730-8403-18ac3b0480bc.jpeg?h=225&w=225,
305045169,Tesco Finest 6 Sourdough Crumpets,https://www.tesco.com/groceries/en-GB/shop/bakery/all?department=Finest%20Bakery&viewAll=department&page=,£1.15,£0.19/each,,,/groceries/en-GB/products/305045169,https://digitalcontent.api.tesco.com/v2/media/ghs/b8fd97d2-759d-47e7-bb8f-fa97a2f50f71/b180d1ed-927e-4df3-86e0-f37f83a82366.jpeg?h=225&w=225,
309770339,Tesco Finest 2 Multigrain Baguettes With Sourdough 250G,https://www.tesco.com/groceries/en-GB/shop/bakery/all?department=Finest%20Bakery&viewAll=department&page=,£1.50,£0.60/100g,,,/groceries/en-GB/products/309770339,https://digitalcontent.api.tesco.com/v2/media/ghs/5e41cddf-efec-4090-a603-8efd5f964098/bb2f1d78-9c70-48f0-8eb9-7a956d481c79.jpeg?h=225&w=225,
300134399,Tesco Finest White Loaf With Sourdough 800G,https://www.tesco.com/groceries/en-GB/shop/bakery/all?department=Finest%20Bakery&viewAll=department&page=,£1.30,£0.16/100g,,,/groceries/en-GB/products/300134399,https://digitalcontent.api.tesco.com/v2/media/ghs/09679217-82ad-4120-b6f7-06761fd26b27/2feee0cc-f0bd-4d33-8512-39f45263d3e6.jpeg?h=225&w=225,
300134377,Tesco Finest Wholemeal Loaf 800G,https://www.tesco.com/groceries/en-GB/shop/bakery/all?department=Finest%20Bakery&viewAll=department&page=,£1.30,£0.16/100g,,,/groceries/en-GB/products/300134377,https://digitalcontent.api.tesco.com/v2/media/ghs/3116cd12-042f-422e-b931-4aeb802181a9/602f4d08-3452-456f-8dc0-8236866e67ac.jpeg?h=225&w=225,
300134439,Tesco Finest Oat & Barley Loaf 800G,https://www.tesco.com/groceries/en-GB/shop/bakery/all?department=Finest%20Bakery&viewAll=department&page=,£1.30,£0.16/100g,,,/groceries/en-GB/products/300134439,https://digitalcontent.api.tesco.com/v2/media/ghs/dd0ea16d-c971-4cd6-9b6d-8b7436466bbc/aed8a54c-fe56-42b2-b2af-9ce447cf469e.jpeg?h=225&w=225,
300134452,Tesco Finest Dark Rye & Sunflower Farmhouse Farmhouse 600G,https://www.tesco.com/groceries/en-GB/shop/bakery/all?department=Finest%20Bakery&viewAll=department&page=,£1.15,£0.19/100g,,,/groceries/en-GB/products/300134452,https://digitalcontent.api.tesco.com/v2/media/ghs/272f7c42-0234-40d2-a748-b40d79fd7c14/a01e3a4a-7afd-4469-816a-e769ec6049c3.jpeg?h=225&w=225,
300134354,Tesco Finest Sunflower & Pumpkin Loaf 600G,https://www.tesco.com/groceries/en-GB/shop/bakery/all?department=Finest%20Bakery&viewAll=department&page=,£1.15,£0.19/100g,,,/groceries/en-GB/products/300134354,https://digitalcontent.api.tesco.com/v2/media/ghs/48ebcf9e-fff9-4758-b841-6be3e6704584/8630baee-b0c3-43db-8eaf-f3550d717ac9.jpeg?h=225&w=225,
