Product ID,Product Name,Cat Website,Price,Price/Kg,Promotion,Innovation,Link,Image,Stock Status
303414531,Pampers Baby Dry Pants Essential Pack Size 7 25 Nappies,https://www.tesco.com/groceries/en-GB/shop/baby/all?department=Nappies%20%26%20Pants&viewAll=department&page=,£8.00,£0.32/each,,New,/groceries/en-GB/products/303414531,https://digitalcontent.api.tesco.com/v2/media/ghs/0487534f-9ce7-4021-b29e-3d15c2145320/8d0bc7c2-0915-4c9f-9c04-94938832cada_1023935761.jpeg?h=225&w=225,
264891968,Drynites Bedmats 7 Ultra Absorbent Sheets,https://www.tesco.com/groceries/en-GB/shop/baby/all?department=Nappies%20%26%20Pants&viewAll=department&page=,£7.50,£1.88/each,,,/groceries/en-GB/products/264891968,https://digitalcontent.api.tesco.com/v2/media/ghs/17fc401d-b74b-440c-be90-3a3e6c63a9ac/b0b95f68-90fe-41cf-88a2-a1469aafe63a_1941624338.jpeg?h=225&w=225,
311426827,Rascal & Friends Cocomelon Premium Nappy Pants Size 6 26S,https://www.tesco.com/groceries/en-GB/shop/baby/all?department=Nappies%20%26%20Pants&viewAll=department&page=,£5.50,£0.21/each,,,/groceries/en-GB/products/311426827,https://digitalcontent.api.tesco.com/v2/media/ghs/4f1b1cdb-2eb3-497b-b9fe-2b4c5f5b797e/bb306f89-6839-4783-aa88-08f06793168b_228652318.jpeg?h=225&w=225,
304383991,Dry Nites Pyjama Pants Age 4-7 Blue Jumbo 16Pk,https://www.tesco.com/groceries/en-GB/shop/baby/all?department=Nappies%20%26%20Pants&viewAll=department&page=,£6.80,£0.42/each,Any 2 for £12 Clubcard Price - Selected Huggies Drynites Pyjama Pants 13 Or 16 Pants,,/groceries/en-GB/products/304383991,https://digitalcontent.api.tesco.com/v2/media/ghs/e063a617-cf44-4542-8972-0328ac113a44/91ba5708-ca6c-49f9-aacf-97ec0f11d258_716835932.jpeg?h=225&w=225,
304390947,Dry Nites Pyjama Pants 4-7 Pink Jumbo 16 Pack,https://www.tesco.com/groceries/en-GB/shop/baby/all?department=Nappies%20%26%20Pants&viewAll=department&page=,£6.80,£0.42/each,Any 2 for £12 Clubcard Price - Selected Huggies Drynites Pyjama Pants 13 Or 16 Pants,,/groceries/en-GB/products/304390947,https://digitalcontent.api.tesco.com/v2/media/ghs/05d6e5c6-272e-43e9-a0dd-7898feb5185f/2a85bc6a-bde3-47ff-bb46-c5346e6b079c_1754996878.jpeg?h=225&w=225,
257750608,Drynites Girl Pyjama Pant Age 8-15 Years 9 Pants,https://www.tesco.com/groceries/en-GB/shop/baby/all?department=Nappies%20%26%20Pants&viewAll=department&page=,£5.25,£0.58/each,,,/groceries/en-GB/products/257750608,https://digitalcontent.api.tesco.com/v2/media/ghs/8f02aa4f-5141-463a-b212-0c2c7e5bcf66/2b6da3c9-e69d-4cb4-a37e-fdf251612515_1413820451.jpeg?h=225&w=225,
257751391,Drynites Boy Pyjama Pant Age 8-15 Years 9 Pants,https://www.tesco.com/groceries/en-GB/shop/baby/all?department=Nappies%20%26%20Pants&viewAll=department&page=,£5.25,£0.58/each,,,/groceries/en-GB/products/257751391,https://digitalcontent.api.tesco.com/v2/media/ghs/850e6470-969d-4c8f-9dff-abb33d41f269/377f4157-2a13-496e-8ff9-f4ebc92609f7_160752032.jpeg?h=225&w=225,
307364905,Pampers Active Fit 22 Nappy Pants Size 6 Essential Pack,https://www.tesco.com/groceries/en-GB/shop/baby/all?department=Nappies%20%26%20Pants&viewAll=department&page=,£9.00,£0.41/each,,,/groceries/en-GB/products/307364905,https://digitalcontent.api.tesco.com/v2/media/ghs/ad84882b-ee65-4da0-8d0b-c587f2b73d74/636b0ccf-3976-49fc-90d3-f8ded8e1e08a_235385175.jpeg?h=225&w=225,
307349786,Pampers Active Fit 27 Nappy Pants Size 5 Essential Pack,https://www.tesco.com/groceries/en-GB/shop/baby/all?department=Nappies%20%26%20Pants&viewAll=department&page=,£9.00,£0.33/each,,,/groceries/en-GB/products/307349786,https://digitalcontent.api.tesco.com/v2/media/ghs/fec403e9-8240-4ce4-b0a6-f3dca156764c/98917f7e-bdde-4c95-9763-d5bbbe6c45ad_299629577.jpeg?h=225&w=225,
307360777,Pampers New Baby Size 3 72 Nappies Jumbo+ Pack,https://www.tesco.com/groceries/en-GB/shop/baby/all?department=Nappies%20%26%20Pants&viewAll=department&page=,£13.00,£0.18/each,Any 2 for £19 Clubcard Price - Selected Pampers Nappies Jumbbo Pack Size 1 - 3,,/groceries/en-GB/products/307360777,https://digitalcontent.api.tesco.com/v2/media/ghs/7ec7d0fb-12dc-443f-9e79-ecf3a374c755/80b4466e-c170-4948-932f-573519842809_799239376.jpeg?h=225&w=225,
307345669,Pampers New Baby Size 1 80 Nappies Jumbo+ Pack,https://www.tesco.com/groceries/en-GB/shop/baby/all?department=Nappies%20%26%20Pants&viewAll=department&page=,£13.00,£0.16/each,Any 2 for £19 Clubcard Price - Selected Pampers Nappies Jumbbo Pack Size 1 - 3,,/groceries/en-GB/products/307345669,https://digitalcontent.api.tesco.com/v2/media/ghs/4ae5c8eb-eed6-4a0b-94cc-ccb5311360c1/da8516ee-8860-4730-a973-5899f0d83782_181689212.jpeg?h=225&w=225,
307359289,Pampers New Baby Size 2 76 Nappies Jumbo+ Pack,https://www.tesco.com/groceries/en-GB/shop/baby/all?department=Nappies%20%26%20Pants&viewAll=department&page=,£13.00,£0.17/each,Any 2 for £19 Clubcard Price - Selected Pampers Nappies Jumbbo Pack Size 1 - 3,,/groceries/en-GB/products/307359289,https://digitalcontent.api.tesco.com/v2/media/ghs/049efd19-cb56-474a-b3bf-acab79a03787/ddd90ecd-87f9-4ccf-943f-6cc72384237c_1680568808.jpeg?h=225&w=225,
303413388,Pampers Baby Dry Pants Essential Pack Size 5 33 Nappies,https://www.tesco.com/groceries/en-GB/shop/baby/all?department=Nappies%20%26%20Pants&viewAll=department&page=,£9.60,£0.29/each,£5.50 Clubcard Price,,/groceries/en-GB/products/303413388,https://digitalcontent.api.tesco.com/v2/media/ghs/90b41168-0580-475b-8b3c-fb730bcf4e65/25c3313c-ca4c-40e9-8e61-40cd05332064_2106550031.jpeg?h=225&w=225,
312834095,Rascal & Friends Premium Nappy Pants Size 7 22 Pack,https://www.tesco.com/groceries/en-GB/shop/baby/all?department=Nappies%20%26%20Pants&viewAll=department&page=,£5.00,£0.23/each,,New,/groceries/en-GB/products/312834095,https://digitalcontent.api.tesco.com/v2/media/ghs/f9abdbde-a770-4019-8749-3cb696212450/790ee33a-61dc-45a1-91b7-6248bb538275_1020425374.jpeg?h=225&w=225,
310844754,Neats Nappy Bags X300,https://www.tesco.com/groceries/en-GB/shop/baby/all?department=Nappies%20%26%20Pants&viewAll=department&page=,£1.50,£0.00/each,,,/groceries/en-GB/products/310844754,https://digitalcontent.api.tesco.com/v2/media/ghs/a18f37c0-54ce-4e9f-bdd6-b6ad18f765a7/2f3de720-4124-4f57-8535-1d7530430afe_216100299.jpeg?h=225&w=225,
302083047,Fred & Flo 150 Nappy Bags,https://www.tesco.com/groceries/en-GB/shop/baby/all?department=Nappies%20%26%20Pants&viewAll=department&page=,,,,,/groceries/en-GB/products/302083047,https://digitalcontent.api.tesco.com/v2/media/ghs/fcd70172-39ab-4d76-a93d-74bee7a7a1c0/892d2324-b184-4a5e-8953-e1588a7773f6_1386612718.jpeg?h=225&w=225,
308108863,Fred & Flo Ultra Dry Size 7 Nappies 22Pack,https://www.tesco.com/groceries/en-GB/shop/baby/all?department=Nappies%20%26%20Pants&viewAll=department&page=,£3.00,£0.14/each,,,/groceries/en-GB/products/308108863,https://digitalcontent.api.tesco.com/v2/media/ghs/f5f1c4f1-f455-45e9-a30f-6f6e83492c7a/d766140f-9670-4023-9d81-ee50fb556d93_1508949599.jpeg?h=225&w=225,
303392751,Pampers Baby Dry Pants Essential Pack Size 6 28 Nappies,https://www.tesco.com/groceries/en-GB/shop/baby/all?department=Nappies%20%26%20Pants&viewAll=department&page=,£9.60,£0.34/each,£5.50 Clubcard Price,,/groceries/en-GB/products/303392751,https://digitalcontent.api.tesco.com/v2/media/ghs/ba99c724-c647-4f99-97d0-86c4de658666/450a2897-0d06-4310-b22f-d93afec54946_220502383.jpeg?h=225&w=225,
260274296,Tesco Nappy Bags 300,https://www.tesco.com/groceries/en-GB/shop/baby/all?department=Nappies%20%26%20Pants&viewAll=department&page=,,,,,/groceries/en-GB/products/260274296,https://digitalcontent.api.tesco.com/v2/media/ghs/c7648d39-0bd9-48a0-8aea-e0d960f8b2ad/e9cee3f7-9972-4ed8-9c19-0cf36d96210f_1764662064.jpeg?h=225&w=225,
304783621,Fred & Flo 30 Ultra Dry Nappies Size 6,https://www.tesco.com/groceries/en-GB/shop/baby/all?department=Nappies%20%26%20Pants&viewAll=department&page=,£3.00,£0.10/each,,,/groceries/en-GB/products/304783621,https://digitalcontent.api.tesco.com/v2/media/ghs/ee4fec48-3e7c-413e-b195-d6647b0a288a/e7fae4a0-899a-4362-8733-70085fa299a2_1841460679.jpeg?h=225&w=225,
304796341,Fred & Flo 26 Ultra Dry Nappies S6+,https://www.tesco.com/groceries/en-GB/shop/baby/all?department=Nappies%20%26%20Pants&viewAll=department&page=,£3.00,£0.12/each,,,/groceries/en-GB/products/304796341,https://digitalcontent.api.tesco.com/v2/media/ghs/2bc65f01-257f-4d34-a182-5fe28884b2be/c8b54901-068d-472e-9643-36331e8e0300_1198881124.jpeg?h=225&w=225,
301393655,Fred & Flo Easy Fit Size 6+ Nappy Pant 32 Pack,https://www.tesco.com/groceries/en-GB/shop/baby/all?department=Nappies%20%26%20Pants&viewAll=department&page=,£4.00,£0.12/each,,,/groceries/en-GB/products/301393655,https://digitalcontent.api.tesco.com/v2/media/ghs/5dc2e432-1acc-40f3-bdc7-c167329aab87/bef940d5-64c8-4374-ab70-1488d0f1dbdf_1109265324.jpeg?h=225&w=225,
307338724,Pampers Active Fit Size 5 32 Nappies Essential Pack,https://www.tesco.com/groceries/en-GB/shop/baby/all?department=Nappies%20%26%20Pants&viewAll=department&page=,£9.60,£0.30/each,£5.50 Clubcard Price,,/groceries/en-GB/products/307338724,,
308087362,Fred & Flo Easy Fit Pants Size 7 30 Pack,https://www.tesco.com/groceries/en-GB/shop/baby/all?department=Nappies%20%26%20Pants&viewAll=department&page=,£4.00,£0.13/each,,,/groceries/en-GB/products/308087362,,
310132957,Pampers Baby Dry Nappy Pant Size 8 43 Nappies Jumbo Pack,https://www.tesco.com/groceries/en-GB/shop/baby/all?department=Nappies%20%26%20Pants&viewAll=department&page=,£13.00,£0.30/each,Any 2 for £20 Clubcard Price - Selected Pampers Nappies 43 - 100 Pack,,/groceries/en-GB/products/310132957,https://digitalcontent.api.tesco.com/v2/media/ghs/8c240334-8471-4c20-8c2f-52f191b61ed5/31cf70f6-6823-4b19-a159-41c83e0a5234_1275920147.jpeg?h=225&w=225,
303414519,Pampers Baby Dry Pants Jumbo Pack Size 7 48 Nappies,https://www.tesco.com/groceries/en-GB/shop/baby/all?department=Nappies%20%26%20Pants&viewAll=department&page=,£13.00,£0.27/each,Any 2 for £20 Clubcard Price - Selected Pampers Nappies 43 - 100 Pack,,/groceries/en-GB/products/303414519,https://digitalcontent.api.tesco.com/v2/media/ghs/a2f39f34-f89f-4dc5-8793-3c6d4e33b2c8/26712e96-28d9-4f15-962e-73508f612416_1426909860.jpeg?h=225&w=225,
312107947,Fred & Flo Easy Fit Pants Size 8 28 Pack,https://www.tesco.com/groceries/en-GB/shop/baby/all?department=Nappies%20%26%20Pants&viewAll=department&page=,£4.00,£0.14/each,,New,/groceries/en-GB/products/312107947,https://digitalcontent.api.tesco.com/v2/media/ghs/2790a73d-2b72-4edc-be46-1d6de240a873/dc510ee4-f7d3-457a-8a61-2dfd27c068f9_721225005.jpeg?h=225&w=225,
301393373,Fred & Flo Newborn Nappy Size 0 24 Pack,https://www.tesco.com/groceries/en-GB/shop/baby/all?department=Nappies%20%26%20Pants&viewAll=department&page=,£1.00,£0.04/each,,,/groceries/en-GB/products/301393373,https://digitalcontent.api.tesco.com/v2/media/ghs/5eda8baf-edc5-4abc-9990-79599c90c18b/96eedc37-277e-411b-a614-95d054fe7688_394826441.jpeg?h=225&w=225,
301393632,Fred & Flo Easy Fit Size 6 Nappy Pant 34 Pack,https://www.tesco.com/groceries/en-GB/shop/baby/all?department=Nappies%20%26%20Pants&viewAll=department&page=,£4.00,£0.12/each,,,/groceries/en-GB/products/301393632,https://digitalcontent.api.tesco.com/v2/media/ghs/330fe15d-8fc4-4553-b4c6-78043715a2f7/2333ad98-ef0a-412d-acfd-f0c8071cb8ab_1159587784.jpeg?h=225&w=225,
301393619,Fred & Flo Easy Fit Pants Size 5+ 36 Pack,https://www.tesco.com/groceries/en-GB/shop/baby/all?department=Nappies%20%26%20Pants&viewAll=department&page=,£4.00,£0.11/each,,,/groceries/en-GB/products/301393619,https://digitalcontent.api.tesco.com/v2/media/ghs/8ddf1674-ff67-4fa4-b8a8-3f50ec292922/e7475ad0-7928-4cbc-82e9-b093289a5a54_1902824918.jpeg?h=225&w=225,
304792466,Fred & Flo 36 Ultra Dry Nappies 5+,https://www.tesco.com/groceries/en-GB/shop/baby/all?department=Nappies%20%26%20Pants&viewAll=department&page=,£3.00,£0.08/each,,,/groceries/en-GB/products/304792466,https://digitalcontent.api.tesco.com/v2/media/ghs/03e5d589-1217-4e5f-8696-e15ab605c956/f96fda92-8f69-4015-9f11-bcb0a071fa19_285362665.jpeg?h=225&w=225,
304798621,Fred & Flo 40 Ultra Dry Nappies Size 5,https://www.tesco.com/groceries/en-GB/shop/baby/all?department=Nappies%20%26%20Pants&viewAll=department&page=,£3.00,£0.08/each,,,/groceries/en-GB/products/304798621,https://digitalcontent.api.tesco.com/v2/media/ghs/b78abde7-a52a-4942-874a-486b1d119e27/ac52b066-4332-4092-9048-6ad5a1f0890f_327060349.jpeg?h=225&w=225,
301393592,Fred & Flo 38 Easy Fit Nappy Pant Size5,https://www.tesco.com/groceries/en-GB/shop/baby/all?department=Nappies%20%26%20Pants&viewAll=department&page=,£4.00,£0.11/each,,,/groceries/en-GB/products/301393592,https://digitalcontent.api.tesco.com/v2/media/ghs/f0a3769c-ecf4-4352-9cd8-4bf616817d4d/74ba07d0-8403-4890-8307-d84221708909_219984163.jpeg?h=225&w=225,
304391612,Fred & Flo 56 Ultra Dry Nappies Size 3,https://www.tesco.com/groceries/en-GB/shop/baby/all?department=Nappies%20%26%20Pants&viewAll=department&page=,£3.00,£0.05/each,,,/groceries/en-GB/products/304391612,https://digitalcontent.api.tesco.com/v2/media/ghs/789d01a6-26ca-486d-8ebf-ef34bb59e274/320f1792-9388-4924-afa6-1fda920e08d4_1887231567.jpeg?h=225&w=225,
301393557,Fred & Flo Easy Fit Pants Size 4 42Pk,https://www.tesco.com/groceries/en-GB/shop/baby/all?department=Nappies%20%26%20Pants&viewAll=department&page=,£4.00,£0.10/each,,,/groceries/en-GB/products/301393557,https://digitalcontent.api.tesco.com/v2/media/ghs/05b12aaf-3951-4361-b29f-06241bf21680/03e3411d-5dc3-41ae-b4f9-1655053d8a6d_1548980284.jpeg?h=225&w=225,
304794654,Fred & Flo 48 Ultra Dry Nappies Size 4,https://www.tesco.com/groceries/en-GB/shop/baby/all?department=Nappies%20%26%20Pants&viewAll=department&page=,£3.00,£0.06/each,,,/groceries/en-GB/products/304794654,https://digitalcontent.api.tesco.com/v2/media/ghs/2fbc4e32-cb12-4a11-ae1c-9c2dfc8c2909/c0883b1f-965c-4160-8f31-0a85308ef25b_1410890210.jpeg?h=225&w=225,
303414554,Pampers Baby Dry Pants Jumbo Pack Size 6 52 Nappies,https://www.tesco.com/groceries/en-GB/shop/baby/all?department=Nappies%20%26%20Pants&viewAll=department&page=,£13.00,£0.25/each,Any 2 for £20 Clubcard Price - Selected Pampers Nappies 43 - 100 Pack,,/groceries/en-GB/products/303414554,https://digitalcontent.api.tesco.com/v2/media/ghs/bcc8af6e-fefc-4b92-802c-5c2a74b1f0d9/b216f92f-0df6-4aba-96d8-e12947efac22_472029011.jpeg?h=225&w=225,
304784977,Fred & Flo 44 Ultra Dry Nappies Size 4+,https://www.tesco.com/groceries/en-GB/shop/baby/all?department=Nappies%20%26%20Pants&viewAll=department&page=,£3.00,£0.07/each,,,/groceries/en-GB/products/304784977,https://digitalcontent.api.tesco.com/v2/media/ghs/58da7655-b2c8-4c5c-8d3b-f55f1a88e3d0/69abfdc1-ff55-421b-990a-3deb3ab42047_1954564520.jpeg?h=225&w=225,
303392146,Pampers Baby Dry Pants Size 5 60 Nappies Jumbo Pack,https://www.tesco.com/groceries/en-GB/shop/baby/all?department=Nappies%20%26%20Pants&viewAll=department&page=,£13.00,£0.22/each,Any 2 for £20 Clubcard Price - Selected Pampers Nappies 43 - 100 Pack,,/groceries/en-GB/products/303392146,https://digitalcontent.api.tesco.com/v2/media/ghs/e88c6ae2-37bc-43c1-9536-d75b1f36dc1e/9038567c-81ab-4ac4-b974-45df72013fe7_354855544.jpeg?h=225&w=225,
308106139,Fred & Flo Ultra Dry Size 5+ Nappies Jumbo Pack 64,https://www.tesco.com/groceries/en-GB/shop/baby/all?department=Nappies%20%26%20Pants&viewAll=department&page=,£5.15,£0.08/each,,,/groceries/en-GB/products/308106139,https://digitalcontent.api.tesco.com/v2/media/ghs/263c7cf4-9820-4735-a230-fdbb98e22814/7b55b113-26b1-4e6f-a0ac-b998b02916f9_605363208.jpeg?h=225&w=225,
302153799,Pampers Baby Dry Size 8 Jumbo+ 52 Nappies,https://www.tesco.com/groceries/en-GB/shop/baby/all?department=Nappies%20%26%20Pants&viewAll=department&page=,£13.00,£0.25/each,Any 2 for £20 Clubcard Price - Selected Pampers Nappies 43 - 100 Pack,,/groceries/en-GB/products/302153799,https://digitalcontent.api.tesco.com/v2/media/ghs/c864309a-d0b9-4bce-86e9-cae6e96249ab/4a4e65c7-2113-468b-a6b7-99af1b7fe0ff_516993880.jpeg?h=225&w=225,
295335832,Pampers Baby Dry Size 7 Jumbo+ Pack 58 Nappies,https://www.tesco.com/groceries/en-GB/shop/baby/all?department=Nappies%20%26%20Pants&viewAll=department&page=,£13.00,£0.22/each,Any 2 for £20 Clubcard Price - Selected Pampers Nappies 43 - 100 Pack,,/groceries/en-GB/products/295335832,https://digitalcontent.api.tesco.com/v2/media/ghs/901cb4f2-c406-406d-97bc-45beaaa57fd6/f5491519-7b53-450c-9f19-0ead2157f0cb_19683.jpeg?h=225&w=225,
308105434,Fred & Flo Ultra Dry Size 5 Nappies Jumbo Pack 72,https://www.tesco.com/groceries/en-GB/shop/baby/all?department=Nappies%20%26%20Pants&viewAll=department&page=,£5.15,£0.07/each,,,/groceries/en-GB/products/308105434,https://digitalcontent.api.tesco.com/v2/media/ghs/5debaa25-a3ff-4957-93ca-b81746c639d5/89947bcb-42d0-4230-87a3-a6ef6ee7f0d8_1807736754.jpeg?h=225&w=225,
293249920,Pampers Baby Dry Size 4 Jumbo+ Pack 86 Nappies,https://www.tesco.com/groceries/en-GB/shop/baby/all?department=Nappies%20%26%20Pants&viewAll=department&page=,£13.00,£0.15/each,Any 2 for £20 Clubcard Price - Selected Pampers Nappies 43 - 100 Pack,,/groceries/en-GB/products/293249920,https://digitalcontent.api.tesco.com/v2/media/ghs/8101ac01-6708-49fa-bfe4-be497eb40748/7c6a6899-17d0-4bd8-8dbe-bbc449537ec4_1187104729.jpeg?h=225&w=225,
292760747,Pampers Baby Dry Size 5 Jumbo+ Pack 72 Nappies,https://www.tesco.com/groceries/en-GB/shop/baby/all?department=Nappies%20%26%20Pants&viewAll=department&page=,£13.00,£0.18/each,Any 2 for £20 Clubcard Price - Selected Pampers Nappies 43 - 100 Pack,,/groceries/en-GB/products/292760747,https://digitalcontent.api.tesco.com/v2/media/ghs/0c688e26-55e8-42dc-869e-53a65a3f678b/8d9f969c-9ca1-4a67-b63a-51b02048f6ba_1183009875.jpeg?h=225&w=225,
292760678,Pampers Baby Dry Size 6 Jumbo+ Pack 62 Nappies,https://www.tesco.com/groceries/en-GB/shop/baby/all?department=Nappies%20%26%20Pants&viewAll=department&page=,£13.00,£0.21/each,Any 2 for £20 Clubcard Price - Selected Pampers Nappies 43 - 100 Pack,,/groceries/en-GB/products/292760678,https://digitalcontent.api.tesco.com/v2/media/ghs/7699ccbb-7f01-4978-be2e-0ef679a12368/a51d8971-22a9-4b7c-b1ed-98a8e3362a37_400146600.jpeg?h=225&w=225,
301393436,Fred & Flo Newborn Nappy Size 1 50 Pack,https://www.tesco.com/groceries/en-GB/shop/baby/all?department=Nappies%20%26%20Pants&viewAll=department&page=,£1.75,£0.04/each,,,/groceries/en-GB/products/301393436,https://digitalcontent.api.tesco.com/v2/media/ghs/640491be-70b7-4cd6-9188-6bfa287f7ed3/ad490169-17a1-429f-a3aa-ed53dff35d4f_1963097770.jpeg?h=225&w=225,
301393459,Fred & Flo Newborn Nappy Size 2 58 Pack,https://www.tesco.com/groceries/en-GB/shop/baby/all?department=Nappies%20%26%20Pants&viewAll=department&page=,£2.40,£0.04/each,,,/groceries/en-GB/products/301393459,https://digitalcontent.api.tesco.com/v2/media/ghs/a3294f1c-b8ad-484c-844d-01e894abfe85/cb21ded9-0703-412b-9350-78688d34895b_1566571096.jpeg?h=225&w=225,
308486419,Huggies Pull-Ups Trainers Night Girl 2-4 Years X32,https://www.tesco.com/groceries/en-GB/shop/baby/all?department=Nappies%20%26%20Pants&viewAll=department&page=,£12.00,£0.38/each,,New,/groceries/en-GB/products/308486419,https://digitalcontent.api.tesco.com/v2/media/ghs/2cf2043c-cac5-4527-9d6e-3dabcb4c85a3/e62a6431-a188-4f81-98f9-46934a3b2778_1794196371.jpeg?h=225&w=225,
306655959,Huggies Pull Ups Blue Training Pants 2-4 Years Night 18 Pack,https://www.tesco.com/groceries/en-GB/shop/baby/all?department=Nappies%20%26%20Pants&viewAll=department&page=,£8.00,£0.44/each,,,/groceries/en-GB/products/306655959,https://digitalcontent.api.tesco.com/v2/media/ghs/b33ff481-a0be-4718-8ee0-dcef47bcc040/543e0408-e977-457a-b780-6c9164683781_192392598.jpeg?h=225&w=225,
305956266,Huggies Pull Ups Pink Training Pants 2-4 Years Night 18 Pack,https://www.tesco.com/groceries/en-GB/shop/baby/all?department=Nappies%20%26%20Pants&viewAll=department&page=,£8.00,£0.44/each,,,/groceries/en-GB/products/305956266,https://digitalcontent.api.tesco.com/v2/media/ghs/62838c01-28f7-429e-b730-e9ebd0d23119/4205ef9c-bab4-4262-b64e-da5612f303af_1410381166.jpeg?h=225&w=225,
311432399,Rascal & Friends Cocomelon Nappies Size 3 42 Pack,https://www.tesco.com/groceries/en-GB/shop/baby/all?department=Nappies%20%26%20Pants&viewAll=department&page=,£5.50,£0.13/each,,,/groceries/en-GB/products/311432399,https://digitalcontent.api.tesco.com/v2/media/ghs/4830ef99-7815-4197-8366-c806e8b49366/afde435e-f564-43b9-86ae-82f7a8f82f0f_913367907.jpeg?h=225&w=225,
311438018,Fred & Flo Easy Fit Pants Jumbo Pack Size 7 52 Pack,https://www.tesco.com/groceries/en-GB/shop/baby/all?department=Nappies%20%26%20Pants&viewAll=department&page=,£6.50,£0.12/each,,New,/groceries/en-GB/products/311438018,https://digitalcontent.api.tesco.com/v2/media/ghs/69c23e9c-ed50-4eea-aa35-4749f3a84af6/7e4342aa-1530-4ffe-b8ba-4c3247e25117_859242988.jpeg?h=225&w=225,
312087828,Fred & Flo Easy Fit Pants Jumbo Pack Size 4 72 Pack,https://www.tesco.com/groceries/en-GB/shop/baby/all?department=Nappies%20%26%20Pants&viewAll=department&page=,£6.50,£0.09/each,,New,/groceries/en-GB/products/312087828,https://digitalcontent.api.tesco.com/v2/media/ghs/1c812543-964a-4ef2-b461-e83a1962bb4e/11f8879c-01c9-4412-b0ef-b73e36a8b64b_2069303845.jpeg?h=225&w=225,
311271462,Rascal & Friends Cocomelon Premium Nappies Size 5 X32,https://www.tesco.com/groceries/en-GB/shop/baby/all?department=Nappies%20%26%20Pants&viewAll=department&page=,£5.50,£0.17/each,,,/groceries/en-GB/products/311271462,https://digitalcontent.api.tesco.com/v2/media/ghs/31e2c02f-04d9-485a-b8df-4f6a73e8d2d4/ecb23cf1-ffa6-4217-a23f-d271f3fce651_1782963819.jpeg?h=225&w=225,
311260043,Rascal & Friends Cocomelon Nappies Size 4 36 Pack,https://www.tesco.com/groceries/en-GB/shop/baby/all?department=Nappies%20%26%20Pants&viewAll=department&page=,£5.50,£0.15/each,,,/groceries/en-GB/products/311260043,https://digitalcontent.api.tesco.com/v2/media/ghs/83ec2423-a785-436d-82ac-f3a2be31574c/c53959fb-09bb-4695-9786-322c9cb2f72a_248985659.jpeg?h=225&w=225,
306660889,Huggies Pull Ups Blue Training Pants 2-4 Years Day 20 Pack,https://www.tesco.com/groceries/en-GB/shop/baby/all?department=Nappies%20%26%20Pants&viewAll=department&page=,£8.00,£0.40/each,,,/groceries/en-GB/products/306660889,https://digitalcontent.api.tesco.com/v2/media/ghs/b7ed871d-baa6-432f-98d4-040ade1c3ab7/1df31291-b8e8-486b-8c85-82bd925bba23_109653624.jpeg?h=225&w=225,
306665015,Huggies Pull Ups Pink Training Pants 2-4 Years Day 20 Pack,https://www.tesco.com/groceries/en-GB/shop/baby/all?department=Nappies%20%26%20Pants&viewAll=department&page=,£8.00,£0.40/each,,,/groceries/en-GB/products/306665015,https://digitalcontent.api.tesco.com/v2/media/ghs/7f8eda8d-9b5d-45eb-8deb-58d0d7ba355f/62a3aad8-1eda-42d5-bc98-7d154c5fb0cd_93128443.jpeg?h=225&w=225,
257750242,Drynites Girl Pyjama Pant Age 4-7 Years 10 Pants,https://www.tesco.com/groceries/en-GB/shop/baby/all?department=Nappies%20%26%20Pants&viewAll=department&page=,£5.25,£0.52/each,,,/groceries/en-GB/products/257750242,https://digitalcontent.api.tesco.com/v2/media/ghs/ecd30d49-023a-4d29-a8a7-32c46fd7793b/0d3abe0d-c873-4cf2-a00c-9918046f5de7_1421540375.jpeg?h=225&w=225,
311274925,Rascal & Friends Cocomelon Premium Nappies Size 6 X30,https://www.tesco.com/groceries/en-GB/shop/baby/all?department=Nappies%20%26%20Pants&viewAll=department&page=,£5.50,£0.18/each,,,/groceries/en-GB/products/311274925,https://digitalcontent.api.tesco.com/v2/media/ghs/5d00d7f5-24bd-41da-894e-17163cb53455/9bc3bc81-7b8b-4aa8-964d-4efdd40282fa_742823029.jpeg?h=225&w=225,
257750418,Drynites Boy Pyjama Pant Age 4-7 Years 10 Pants,https://www.tesco.com/groceries/en-GB/shop/baby/all?department=Nappies%20%26%20Pants&viewAll=department&page=,£5.25,£0.52/each,,,/groceries/en-GB/products/257750418,https://digitalcontent.api.tesco.com/v2/media/ghs/19000bb1-9a8c-4bc5-80d1-e78bacc114f8/1a462a22-fe23-4da6-a974-6d4713614b6f_10873044.jpeg?h=225&w=225,
307349227,Pampers New Baby Size 1 50 Nappies Essential Pack,https://www.tesco.com/groceries/en-GB/shop/baby/all?department=Nappies%20%26%20Pants&viewAll=department&page=,£7.75,£0.16/each,,,/groceries/en-GB/products/307349227,https://digitalcontent.api.tesco.com/v2/media/ghs/e6d8d943-ed32-4dc8-9a73-d57bc3957f6f/8d4662ee-3fc2-4497-a7cb-866fb1629501_503015502.jpeg?h=225&w=225,
307339412,Pampers New Baby Size 3 42 Nappies Essential Pack,https://www.tesco.com/groceries/en-GB/shop/baby/all?department=Nappies%20%26%20Pants&viewAll=department&page=,£7.75,£0.18/each,,,/groceries/en-GB/products/307339412,https://digitalcontent.api.tesco.com/v2/media/ghs/777c1cf2-6e27-437b-94e9-1db5744b5d87/b8540f24-2815-4462-8970-f7097303b679_45401850.jpeg?h=225&w=225,
307355179,Pampers Active Fit 30 Nappy Pants Size 4 Essential Pack,https://www.tesco.com/groceries/en-GB/shop/baby/all?department=Nappies%20%26%20Pants&viewAll=department&page=,£9.00,£0.30/each,,,/groceries/en-GB/products/307355179,https://digitalcontent.api.tesco.com/v2/media/ghs/2db8578a-424b-486d-be7c-b0cfcf6c14e3/2ec32cd0-0e03-4619-abdf-ac0f0b52015a_1645231235.jpeg?h=225&w=225,
307343209,Pampers New Baby Size 1 22 Nappies,https://www.tesco.com/groceries/en-GB/shop/baby/all?department=Nappies%20%26%20Pants&viewAll=department&page=,£4.00,£0.18/each,,,/groceries/en-GB/products/307343209,https://digitalcontent.api.tesco.com/v2/media/ghs/f9042fe4-0670-4009-9f14-ff69a739f664/93fa030c-8021-467d-9bdf-dce7da72d285_626833165.jpeg?h=225&w=225,
311224945,Rascal & Friends Cocomelon Premium Nappy Pants Size 5 28S,https://www.tesco.com/groceries/en-GB/shop/baby/all?department=Nappies%20%26%20Pants&viewAll=department&page=,£5.50,£0.20/each,,,/groceries/en-GB/products/311224945,https://digitalcontent.api.tesco.com/v2/media/ghs/31542380-9f17-4bf2-a531-383daf7dfcb5/db1a8521-1cf1-43f4-8e2e-ef406bd0e56e_1270080783.jpeg?h=225&w=225,
282488457,Pampers New Baby Size 0 Carry Pack 24,https://www.tesco.com/groceries/en-GB/shop/baby/all?department=Nappies%20%26%20Pants&viewAll=department&page=,£4.00,£0.17/each,,,/groceries/en-GB/products/282488457,https://digitalcontent.api.tesco.com/v2/media/ghs/e359bebb-41bb-4aa0-9ac8-0a74c04cd9c9/441cf809-703b-4a5c-a5a7-68b01e2c13ef_199991547.jpeg?h=225&w=225,
311441428,Rascal & Friends Cocomelon Premium Nappy Pants Size 4 32S,https://www.tesco.com/groceries/en-GB/shop/baby/all?department=Nappies%20%26%20Pants&viewAll=department&page=,£5.50,£0.17/each,,,/groceries/en-GB/products/311441428,https://digitalcontent.api.tesco.com/v2/media/ghs/5d7a39c0-2da4-45bf-9991-406b240c6c1d/28fbbd39-3333-451c-a013-3a4c9cd4510a_576703229.jpeg?h=225&w=225,
303127738,Huggies Drynites Boy 3-5Yrs 16 Pyjama Pants,https://www.tesco.com/groceries/en-GB/shop/baby/all?department=Nappies%20%26%20Pants&viewAll=department&page=,£6.80,£0.42/each,Any 2 for £12 Clubcard Price - Selected Huggies Drynites Pyjama Pants 13 Or 16 Pants,,/groceries/en-GB/products/303127738,https://digitalcontent.api.tesco.com/v2/media/ghs/850e76e6-128f-4182-b0d1-204d5ff88860/4f2eeba4-8f2c-47a1-9562-070251114b0d_1881989272.jpeg?h=225&w=225,
303127715,Huggies Drynites Girl 3-5 16 Pyjama Pants,https://www.tesco.com/groceries/en-GB/shop/baby/all?department=Nappies%20%26%20Pants&viewAll=department&page=,£6.80,£0.42/each,Any 2 for £12 Clubcard Price - Selected Huggies Drynites Pyjama Pants 13 Or 16 Pants,,/groceries/en-GB/products/303127715,https://digitalcontent.api.tesco.com/v2/media/ghs/a5f9be76-e9f1-4170-98b2-dc29347e8468/ce3b512c-8861-4348-b03a-b88a58ee0f37_355518473.jpeg?h=225&w=225,
288089995,Pampers Baby Dry Size 3 Essential Pack 50 Nappies,https://www.tesco.com/groceries/en-GB/shop/baby/all?department=Nappies%20%26%20Pants&viewAll=department&page=,£9.00,£0.18/each,,,/groceries/en-GB/products/288089995,https://digitalcontent.api.tesco.com/v2/media/ghs/4e92b847-efd7-4d13-a647-d3e143c28ade/03fde2d0-d9d1-4d9e-adf4-51fc0494e893_886430060.jpeg?h=225&w=225,
288089822,Pampers Baby Dry Size 6 Essential Pack 33 Nappies,https://www.tesco.com/groceries/en-GB/shop/baby/all?department=Nappies%20%26%20Pants&viewAll=department&page=,£9.00,£0.27/each,,,/groceries/en-GB/products/288089822,https://digitalcontent.api.tesco.com/v2/media/ghs/d65d47be-a248-4453-83e9-d51885976591/b3c72255-9657-4a3b-a534-184a4b9b9e57_201445382.jpeg?h=225&w=225,
288089920,Pampers Baby Dry Size 4 Essential Pack 44 Nappies,https://www.tesco.com/groceries/en-GB/shop/baby/all?department=Nappies%20%26%20Pants&viewAll=department&page=,£9.00,£0.20/each,,,/groceries/en-GB/products/288089920,https://digitalcontent.api.tesco.com/v2/media/ghs/5a0ee7b1-e734-4a34-8800-c281a397548e/2d3eca1b-1557-4b6e-88e4-f83d75a2a701_87006737.jpeg?h=225&w=225,
308489369,Huggies Drynites Girl Pyjama Pants 8-15 Years X13,https://www.tesco.com/groceries/en-GB/shop/baby/all?department=Nappies%20%26%20Pants&viewAll=department&page=,£8.00,£0.62/each,Any 2 for £12 Clubcard Price - Selected Huggies Drynites Pyjama Pants 13 Or 16 Pants,,/groceries/en-GB/products/308489369,https://digitalcontent.api.tesco.com/v2/media/ghs/173e6151-cc46-4f8c-a63e-7b277841222b/32e42d64-f09f-49fa-9e2f-e7109f030892_2066438411.jpeg?h=225&w=225,
278213449,Pampers Baby Dry Size 5 Essential Pack 39,https://www.tesco.com/groceries/en-GB/shop/baby/all?department=Nappies%20%26%20Pants&viewAll=department&page=,£9.00,£0.23/each,,,/groceries/en-GB/products/278213449,https://digitalcontent.api.tesco.com/v2/media/ghs/a005c9af-28e8-4c7b-be7b-7ce786939cd6/179ec15c-b22a-4833-bc01-f181cf2b8375_947291118.jpeg?h=225&w=225,
308467166,Huggies Drynites Boy Pyjama Pants 8-15 Years X13,https://www.tesco.com/groceries/en-GB/shop/baby/all?department=Nappies%20%26%20Pants&viewAll=department&page=,£8.00,£0.62/each,Any 2 for £12 Clubcard Price - Selected Huggies Drynites Pyjama Pants 13 Or 16 Pants,,/groceries/en-GB/products/308467166,https://digitalcontent.api.tesco.com/v2/media/ghs/eef280a9-9234-4e8b-a565-861e27b0c336/c6bd0b54-0a6d-43ac-9948-7bae694f9cdd_274004529.jpeg?h=225&w=225,
276873897,Huggies Little Swimmers Size 5-6 12-18Kg 11 Pants,https://www.tesco.com/groceries/en-GB/shop/baby/all?department=Nappies%20%26%20Pants&viewAll=department&page=,£5.50,£0.50/each,£4.25 Clubcard Price,,/groceries/en-GB/products/276873897,https://digitalcontent.api.tesco.com/v2/media/ghs/818229bc-df91-4d7d-bddb-79ca80ccfa9d/b0a1153d-992d-4056-96f4-df6880a0542c_2121122293.jpeg?h=225&w=225,
251582444,Huggies Little Swimmers Size 3-4 7-15Kg 12 Pants,https://www.tesco.com/groceries/en-GB/shop/baby/all?department=Nappies%20%26%20Pants&viewAll=department&page=,£5.50,£0.46/each,£4.25 Clubcard Price,,/groceries/en-GB/products/251582444,https://digitalcontent.api.tesco.com/v2/media/ghs/5614ef3f-b419-48ae-ac07-3884b5644d4e/e5c4d6d5-c6b8-48b1-9285-57cbd8a4f9ed_141548652.jpeg?h=225&w=225,
307340732,Pampers New Baby Size 2 31 Nappies,https://www.tesco.com/groceries/en-GB/shop/baby/all?department=Nappies%20%26%20Pants&viewAll=department&page=,£4.00,£0.13/each,,,/groceries/en-GB/products/307340732,https://digitalcontent.api.tesco.com/v2/media/ghs/2f97618c-7ae2-44de-8ab4-1da94a5e638b/a8b67364-9f45-4578-96ba-bda82490edcc_934373012.jpeg?h=225&w=225,
301360389,Tesco Health Junior Nappies 20 Pack,https://www.tesco.com/groceries/en-GB/shop/baby/all?department=Nappies%20%26%20Pants&viewAll=department&page=,£4.70,£0.24/each,,,/groceries/en-GB/products/301360389,https://digitalcontent.api.tesco.com/v2/media/ghs/cb169642-1f48-4b24-8551-6ec3a92e74a2/0fbe7001-a6bc-4862-8920-9f8b0656010c_1498265399.jpeg?h=225&w=225,
303413405,Pampers Baby Dry Pants Essential Pack Size 4 38 Nappies,https://www.tesco.com/groceries/en-GB/shop/baby/all?department=Nappies%20%26%20Pants&viewAll=department&page=,£9.60,£0.25/each,£5.50 Clubcard Price,,/groceries/en-GB/products/303413405,https://digitalcontent.api.tesco.com/v2/media/ghs/8028dc6e-e710-4da6-bbcc-ddc54e182bff/6ed88d34-297a-4820-aa78-71e9ae078cda_1969149757.jpeg?h=225&w=225,
310112428,Pampers Baby Dry Nappy Pants S8 22 Nappies,https://www.tesco.com/groceries/en-GB/shop/baby/all?department=Nappies%20%26%20Pants&viewAll=department&page=,£9.00,£0.41/each,,New,/groceries/en-GB/products/310112428,https://digitalcontent.api.tesco.com/v2/media/ghs/0f51bddb-1d2c-4d92-8b72-53c6db757e19/8c50d695-d3a0-4aeb-a9c0-01aed99dd6a8_281111042.jpeg?h=225&w=225,
304788817,Tesco Health Junior Plus 20 Nappies,https://www.tesco.com/groceries/en-GB/shop/baby/all?department=Nappies%20%26%20Pants&viewAll=department&page=,£4.70,£0.24/each,,,/groceries/en-GB/products/304788817,https://digitalcontent.api.tesco.com/v2/media/ghs/c3016d47-50ef-49de-aead-e2ce3d9ad49c/bf8d577d-1dd4-4b3a-9535-a635d78f84dd_918411918.jpeg?h=225&w=225,
301393579,Fred & Flo Easy Fit Pants Size 4 Plus 40 Pack,https://www.tesco.com/groceries/en-GB/shop/baby/all?department=Nappies%20%26%20Pants&viewAll=department&page=,£4.00,£0.10/each,,,/groceries/en-GB/products/301393579,https://digitalcontent.api.tesco.com/v2/media/ghs/7ee2519a-8b0b-4dea-9645-268a0fc86bce/ffd6eb68-58a3-43be-9f87-678cf835c6df_789496144.jpeg?h=225&w=225,
307361079,Pampers Active Fit Size 4 60 Nappies Jumbo+ Pack,https://www.tesco.com/groceries/en-GB/shop/baby/all?department=Nappies%20%26%20Pants&viewAll=department&page=,£12.75,£0.21/each,Any 2 for £20 Clubcard Price - Selected Pampers Nappies 43 - 100 Pack,,/groceries/en-GB/products/307361079,https://digitalcontent.api.tesco.com/v2/media/ghs/6e70748e-0afc-409f-a349-32ac08795490/2ed549d7-16b7-4e27-b9fa-dc352dd18f30_1507292404.jpeg?h=225&w=225,
307349423,Pampers Active Fit Size 4 37 Nappies Essential Pack,https://www.tesco.com/groceries/en-GB/shop/baby/all?department=Nappies%20%26%20Pants&viewAll=department&page=,£9.60,£0.26/each,£5.50 Clubcard Price,,/groceries/en-GB/products/307349423,https://digitalcontent.api.tesco.com/v2/media/ghs/ad36a8dd-9f58-4bbb-97a1-472c796c76ef/e21f02f5-0fc1-4b79-9f6e-d6c3595ce8cf_913593147.jpeg?h=225&w=225,
303432584,Pampers Size 4 Baby Dry Nappy Pants 74 Jumbo Pack,https://www.tesco.com/groceries/en-GB/shop/baby/all?department=Nappies%20%26%20Pants&viewAll=department&page=,£13.00,£0.18/each,Any 2 for £20 Clubcard Price - Selected Pampers Nappies 43 - 100 Pack,,/groceries/en-GB/products/303432584,https://digitalcontent.api.tesco.com/v2/media/ghs/3a0228c8-bd14-486f-936d-b275acc452cc/91e05a34-0b64-4b8e-85aa-bdc471ec8499_2146279063.jpeg?h=225&w=225,
292760760,Pampers Baby Dry Size 4+ Jumbo+ Pack 76 Nappies,https://www.tesco.com/groceries/en-GB/shop/baby/all?department=Nappies%20%26%20Pants&viewAll=department&page=,£13.00,£0.17/each,Any 2 for £20 Clubcard Price - Selected Pampers Nappies 43 - 100 Pack,,/groceries/en-GB/products/292760760,https://digitalcontent.api.tesco.com/v2/media/ghs/6f72df69-c145-4c50-b8e0-fc57180b1820/da26b147-8c02-472d-b634-d5acbddff0e4_787141043.jpeg?h=225&w=225,
292760701,Pampers Baby Dry Size 5+ Jumbo+ Pack 68 Nappies,https://www.tesco.com/groceries/en-GB/shop/baby/all?department=Nappies%20%26%20Pants&viewAll=department&page=,£13.00,£0.19/each,Any 2 for £20 Clubcard Price - Selected Pampers Nappies 43 - 100 Pack,,/groceries/en-GB/products/292760701,https://digitalcontent.api.tesco.com/v2/media/ghs/d5260c9a-5757-46f7-8c9d-63c3b61a49c1/8f70b212-c8d5-4d5b-ae9a-29698a24b355_1639201842.jpeg?h=225&w=225,
293249701,Pampers Baby Dry Size 3 Jumbo+ Pack 100 Nappies,https://www.tesco.com/groceries/en-GB/shop/baby/all?department=Nappies%20%26%20Pants&viewAll=department&page=,£13.00,£0.13/each,Any 2 for £20 Clubcard Price - Selected Pampers Nappies 43 - 100 Pack,,/groceries/en-GB/products/293249701,https://digitalcontent.api.tesco.com/v2/media/ghs/6718d61a-2dad-4107-8715-cc283068c237/04856fe1-bac9-41c3-a793-97ad735baab1_1484309886.jpeg?h=225&w=225,
308119003,Fred & Flo Ultra Dry Size 4 Nappies Jumbo Pack 84,https://www.tesco.com/groceries/en-GB/shop/baby/all?department=Nappies%20%26%20Pants&viewAll=department&page=,£5.15,£0.06/each,,,/groceries/en-GB/products/308119003,https://digitalcontent.api.tesco.com/v2/media/ghs/3320cc3f-c356-460f-b59d-0977a8652803/28e97fa4-296c-4e4d-abb7-76ff2ddb0046_419069370.jpeg?h=225&w=225,
308102190,Fred & Flo Ultra Dry Size 4+ Nappies Jumbo Pack 78,https://www.tesco.com/groceries/en-GB/shop/baby/all?department=Nappies%20%26%20Pants&viewAll=department&page=,£5.15,£0.07/each,,,/groceries/en-GB/products/308102190,https://digitalcontent.api.tesco.com/v2/media/ghs/b97f04da-5fd6-403e-a8c8-4ca8795ecfae/c79d12b8-8ed6-44c6-a1ee-32ea2bd9fb91_562939334.jpeg?h=225&w=225,
303887903,Tommee Tippee Twist Sangenic 3 Pack,https://www.tesco.com/groceries/en-GB/shop/baby/all?department=Nappies%20%26%20Pants&viewAll=department&page=,£15.00,£5.00/each,£13.50 Clubcard Price,,/groceries/en-GB/products/303887903,https://digitalcontent.api.tesco.com/v2/media/ghs/5f09e51c-474f-481a-bdf8-e3b891e6fd42/3c0efcf8-7f8a-419f-a566-c714feba2c12_401264799.jpeg?h=225&w=225,
311799673,Fred & Flo Easy Fit Pants Jumbo Pack Size 6 60 Pack,https://www.tesco.com/groceries/en-GB/shop/baby/all?department=Nappies%20%26%20Pants&viewAll=department&page=,£6.50,£0.11/each,,New,/groceries/en-GB/products/311799673,https://digitalcontent.api.tesco.com/v2/media/ghs/486d9218-776f-4205-966a-a68a7f1db178/904e55eb-9748-4200-a8ec-261a65c75a7d_1242523834.jpeg?h=225&w=225,
307342246,Pampers New Baby Size 2 46 Nappies Essential Pack,https://www.tesco.com/groceries/en-GB/shop/baby/all?department=Nappies%20%26%20Pants&viewAll=department&page=,£7.75,£0.17/each,,,/groceries/en-GB/products/307342246,https://digitalcontent.api.tesco.com/v2/media/ghs/ac828467-a45d-4ac2-825b-107182b9fe9a/1efbb81e-2cf0-4f33-97cf-aa4a236032d8_436746348.jpeg?h=225&w=225,
306660752,Huggies Pull-Ups Explorers 1.5-3 Years Blue 24 Pack,https://www.tesco.com/groceries/en-GB/shop/baby/all?department=Nappies%20%26%20Pants&viewAll=department&page=,£7.00,£0.29/each,,,/groceries/en-GB/products/306660752,https://digitalcontent.api.tesco.com/v2/media/ghs/94732561-5fff-4796-8b47-9157721136c7/3410fad1-c7c8-4c6c-868c-e21a3bf70d91_699220287.jpeg?h=225&w=225,
306666014,Huggies Pull Ups Explorers 1.5-3 Years Pink 24 Pack,https://www.tesco.com/groceries/en-GB/shop/baby/all?department=Nappies%20%26%20Pants&viewAll=department&page=,£7.00,£0.29/each,,,/groceries/en-GB/products/306666014,https://digitalcontent.api.tesco.com/v2/media/ghs/1addeab7-0215-4f79-b855-f3a0ec68503e/63dd4acf-e7ed-460b-97d1-84eb6562a198_2122067426.jpeg?h=225&w=225,
276873868,Huggies Little Swimmers Size 2-3 3-8Kg 12 Pants,https://www.tesco.com/groceries/en-GB/shop/baby/all?department=Nappies%20%26%20Pants&viewAll=department&page=,£5.50,£0.46/each,£4.25 Clubcard Price,,/groceries/en-GB/products/276873868,https://digitalcontent.api.tesco.com/v2/media/ghs/b7e6a13c-77cb-4e1a-8c7c-6ee98c97c513/83eb28f6-6597-4ed4-b535-86b23668ae75_2006896727.jpeg?h=225&w=225,
299041447,Pampers Baby Dry Size 7 Essential Pack 30 Nappies,https://www.tesco.com/groceries/en-GB/shop/baby/all?department=Nappies%20%26%20Pants&viewAll=department&page=,£9.00,£0.30/each,,,/groceries/en-GB/products/299041447,https://digitalcontent.api.tesco.com/v2/media/ghs/565c205d-a79b-4ba4-bcaa-aac72cd87c2d/05738544-de8c-4c06-ac16-495551d65962_1489012203.jpeg?h=225&w=225,
301939351,Pampers Baby Dry Taped Size 8 Essential Pack 27 Nappies,https://www.tesco.com/groceries/en-GB/shop/baby/all?department=Nappies%20%26%20Pants&viewAll=department&page=,£9.00,£0.33/each,,,/groceries/en-GB/products/301939351,https://digitalcontent.api.tesco.com/v2/media/ghs/8a9c34a3-3b77-4bb4-8bbb-e6bc3ea1db65/557a6c86-fb2b-491e-b675-3c80f024b7ba_1577676339.jpeg?h=225&w=225,
307758837,Waterwipes Biodegradable Baby Wipes 60 Pack X 4,https://www.tesco.com/groceries/en-GB/shop/baby/all?department=Baby%20%26%20Toddler%20Wipes&viewAll=department&page=,£11.00,£4.59/100sht,,,/groceries/en-GB/products/307758837,https://digitalcontent.api.tesco.com/v2/media/ghs/dba1e54d-0508-4057-95d7-231cc19aa888/7d2c068d-b127-4228-af5a-7f2f43d06bcf_2039765455.jpeg?h=225&w=225,
313011480,Pura Eco Baby Wipes 70 X 6 Pack,https://www.tesco.com/groceries/en-GB/shop/baby/all?department=Baby%20%26%20Toddler%20Wipes&viewAll=department&page=,£15.00,£0.04/each,,,/groceries/en-GB/products/313011480,https://digitalcontent.api.tesco.com/v2/media/ghs/2760e6b1-9cfd-4b78-b9f7-7456df51848b/acbf6623-2d45-49b2-acd2-d3dd2b99a649_206774430.jpeg?h=225&w=225,
310150267,Pampers Sensitive Baby Wipes 0% Plastic 12X52 Wipes,https://www.tesco.com/groceries/en-GB/shop/baby/all?department=Baby%20%26%20Toddler%20Wipes&viewAll=department&page=,£11.00,£1.77/100sht,,,/groceries/en-GB/products/310150267,https://digitalcontent.api.tesco.com/v2/media/ghs/06a36004-8cf6-4e11-bf5f-35bcc4d66ddf/42153d97-3992-4426-9bee-a9a5accae72d_2038583610.jpeg?h=225&w=225,
309204943,Rascal & Friends Biodegradable Wipes 12X52 Pack,https://www.tesco.com/groceries/en-GB/shop/baby/all?department=Baby%20%26%20Toddler%20Wipes&viewAll=department&page=,£12.50,£2.01/100sht,,,/groceries/en-GB/products/309204943,https://digitalcontent.api.tesco.com/v2/media/ghs/244f4ec3-9054-4d6b-8388-3357329f36f3/e5c098e3-05f2-4295-9eb0-f6ba2bc6a724_680964942.jpeg?h=225&w=225,
309789371,Andrex Ultra Care Flushable Washlet 4X36 Wipes,https://www.tesco.com/groceries/en-GB/shop/baby/all?department=Baby%20%26%20Toddler%20Wipes&viewAll=department&page=,£6.00,£4.17/100sht,£5.00 Clubcard Price,,/groceries/en-GB/products/309789371,https://digitalcontent.api.tesco.com/v2/media/ghs/41b5d22a-b257-40e6-9022-fdc1ff82c0f6/1a1967ae-b0f6-45f7-905f-2cdb8fe0745d_1623776851.jpeg?h=225&w=225,
312713054,Huggies Natural +E 0% Plastic Wipes 3 X 48 Wipes,https://www.tesco.com/groceries/en-GB/shop/baby/all?department=Baby%20%26%20Toddler%20Wipes&viewAll=department&page=,£4.50,£3.13/100sht,,,/groceries/en-GB/products/312713054,https://digitalcontent.api.tesco.com/v2/media/ghs/cd75ffae-02a3-4541-b77a-8f0d23f5a816/3adda5f9-12e0-4bc8-87a4-d9a2ba8474a0_774513877.jpeg?h=225&w=225,
312583097,Huggies Pure 0% Plastic Baby Wipes 12 X 48 Wipes,https://www.tesco.com/groceries/en-GB/shop/baby/all?department=Baby%20%26%20Toddler%20Wipes&viewAll=department&page=,£9.00,£1.57/100sht,,,/groceries/en-GB/products/312583097,https://digitalcontent.api.tesco.com/v2/media/ghs/34874a3f-e524-4b1d-bb25-48ed7eff869a/71aed276-06a6-415b-9567-d7328bb71f65_700705256.jpeg?h=225&w=225,
307760718,Waterwipes Biodegradable Baby Wipes 60 Pack,https://www.tesco.com/groceries/en-GB/shop/baby/all?department=Baby%20%26%20Toddler%20Wipes&viewAll=department&page=,£3.00,£5.00/100sht,£2.00 Clubcard Price,,/groceries/en-GB/products/307760718,https://digitalcontent.api.tesco.com/v2/media/ghs/e634b828-de1b-4c58-a8a9-e4e54f85251d/42823494-cc51-49c1-9dee-768850dcec22_1870684991.jpeg?h=225&w=225,
310095539,Pampers Sensitive Baby Wipes 0% Plastic 4 X 52 Wipes,https://www.tesco.com/groceries/en-GB/shop/baby/all?department=Baby%20%26%20Toddler%20Wipes&viewAll=department&page=,£3.75,£1.81/100sht,,,/groceries/en-GB/products/310095539,https://digitalcontent.api.tesco.com/v2/media/ghs/5783833e-81b6-4725-bcaa-131a65eb8167/49330b58-9b85-45e1-980f-d46042447e81_608638270.jpeg?h=225&w=225,
306500401,Fred & Flo Biodegradable Fragrance Free 60 Wipes 12 Box,https://www.tesco.com/groceries/en-GB/shop/baby/all?department=Baby%20%26%20Toddler%20Wipes&viewAll=department&page=,£7.20,£1.00/100sht,,,/groceries/en-GB/products/306500401,https://digitalcontent.api.tesco.com/v2/media/ghs/9142df03-5f43-478a-a5d5-fa25c6a8ca96/5fb37e7c-953b-4a44-a92f-725a36d1cc41_2133761705.jpeg?h=225&w=225,
312843965,Pura Eco Baby Wipes 70 Pack,https://www.tesco.com/groceries/en-GB/shop/baby/all?department=Baby%20%26%20Toddler%20Wipes&viewAll=department&page=,£2.70,£0.04/each,,New,/groceries/en-GB/products/312843965,https://digitalcontent.api.tesco.com/v2/media/ghs/59a1ad29-1348-4fce-908c-b46a73775924/bddb0d3f-6958-43cb-9871-9083e599ed43_1603551880.jpeg?h=225&w=225,
304393126,Andrex Ultra Care Flushable Washlet 36 Wipes,https://www.tesco.com/groceries/en-GB/shop/baby/all?department=Baby%20%26%20Toddler%20Wipes&viewAll=department&page=,£1.75,£4.87/100sht,,,/groceries/en-GB/products/304393126,https://digitalcontent.api.tesco.com/v2/media/ghs/df5cc4e8-8ae1-4077-86b2-fc94403ece7b/4f313638-5a95-4644-8b04-69255ce3ef37_1813558990.jpeg?h=225&w=225,
312110341,Huggies Natural +E 0% Plastic Wipes 48 Pack,https://www.tesco.com/groceries/en-GB/shop/baby/all?department=Baby%20%26%20Toddler%20Wipes&viewAll=department&page=,£2.00,£4.17/100sht,,New,/groceries/en-GB/products/312110341,https://digitalcontent.api.tesco.com/v2/media/ghs/8a44be55-87ca-4650-a2f7-da84ad449e92/8c836d8b-8c30-4b08-8d33-2eee1c7c5f26_292425091.jpeg?h=225&w=225,
308453931,Rascal &Friends Biodegradable 52 Baby Wipes,https://www.tesco.com/groceries/en-GB/shop/baby/all?department=Baby%20%26%20Toddler%20Wipes&viewAll=department&page=,£1.10,£2.12/100sht,,,/groceries/en-GB/products/308453931,https://digitalcontent.api.tesco.com/v2/media/ghs/600cb396-e8da-4150-b8f5-2b8eb6ee5a4f/1ab54a18-59d9-44aa-83f5-fdfa8b6fac52_593786037.jpeg?h=225&w=225,
311793679,Nice & Clean Bottom Wipes 60 Sheets,https://www.tesco.com/groceries/en-GB/shop/baby/all?department=Baby%20%26%20Toddler%20Wipes&viewAll=department&page=,£1.00,£1.67/100sht,,New,/groceries/en-GB/products/311793679,https://digitalcontent.api.tesco.com/v2/media/ghs/343f5b41-6a73-4ad0-9904-071fc82ae275/022806d2-218a-4ffe-b075-940603bfb765_1975362703.jpeg?h=225&w=225,
309759015,Andrex Pure Care Washlets Toilet Tissue 36 Sheets,https://www.tesco.com/groceries/en-GB/shop/baby/all?department=Baby%20%26%20Toddler%20Wipes&viewAll=department&page=,£1.75,£4.87/100sht,£1.00 Clubcard Price,,/groceries/en-GB/products/309759015,https://digitalcontent.api.tesco.com/v2/media/ghs/973235f9-440a-46b2-ac00-27b8f337b7aa/2ae334e4-1a2e-4baa-be88-ddf11dcb14e8_1070036876.jpeg?h=225&w=225,
305732767,Tesco Luxury Soft Coconut Oil 40 Flushable Wipes,https://www.tesco.com/groceries/en-GB/shop/baby/all?department=Baby%20%26%20Toddler%20Wipes&viewAll=department&page=,£0.65,£1.63/100sht,,,/groceries/en-GB/products/305732767,https://digitalcontent.api.tesco.com/v2/media/ghs/4edf7717-40c5-4c7b-8144-0c4275d56003/a427ae77-7cef-4b8d-9489-5f96729428a2_1897935188.jpeg?h=225&w=225,
310158437,Pampers Sensitive Baby Wipes 0% Plastic 52 Wipes,https://www.tesco.com/groceries/en-GB/shop/baby/all?department=Baby%20%26%20Toddler%20Wipes&viewAll=department&page=,£1.00,£1.93/100sht,,,/groceries/en-GB/products/310158437,https://digitalcontent.api.tesco.com/v2/media/ghs/ea72cf8c-66e7-46a9-8b69-549e7e11a6e0/5e8a44c9-1a1e-4770-b4be-be6606452233_1701808829.jpeg?h=225&w=225,
305730061,Tesco Luxury Soft Spring Fresh 40 Flushable Wipes,https://www.tesco.com/groceries/en-GB/shop/baby/all?department=Baby%20%26%20Toddler%20Wipes&viewAll=department&page=,£0.65,£1.63/100sht,,,/groceries/en-GB/products/305730061,https://digitalcontent.api.tesco.com/v2/media/ghs/e7aaa9ec-97eb-49ef-9d13-6298e66ad741/bba86dfc-f23b-45f2-b7ce-d1652175f028_696154144.jpeg?h=225&w=225,
301883882,Fred & Flo 60 Sensitive Toilet Wipes,https://www.tesco.com/groceries/en-GB/shop/baby/all?department=Baby%20%26%20Toddler%20Wipes&viewAll=department&page=,,,,,/groceries/en-GB/products/301883882,https://digitalcontent.api.tesco.com/v2/media/ghs/361bef5c-2475-48a6-a25a-4327343f0fa3/9909942c-0424-4f49-a8dc-f5139783847a_414505251.jpeg?h=225&w=225,
312109551,Huggies Pure 0% Plastic Baby Wipes 3 X 48 Wipes,https://www.tesco.com/groceries/en-GB/shop/baby/all?department=Baby%20%26%20Toddler%20Wipes&viewAll=department&page=,£2.60,£1.81/100sht,,,/groceries/en-GB/products/312109551,https://digitalcontent.api.tesco.com/v2/media/ghs/ee9770cc-313c-4275-b1c3-dec4f7afbe13/2e184aac-6663-4b07-8211-fc76139d4def_996866615.jpeg?h=225&w=225,
305728871,Tesco Luxury Soft Sensitive 40 Flushable Wipes,https://www.tesco.com/groceries/en-GB/shop/baby/all?department=Baby%20%26%20Toddler%20Wipes&viewAll=department&page=,£0.65,£1.63/100sht,,,/groceries/en-GB/products/305728871,https://digitalcontent.api.tesco.com/v2/media/ghs/b7487a13-0c84-408b-9dbb-788b609b3f7f/afcb3df8-8bce-4b33-94a3-7d1c0600a6b8_1729659477.jpeg?h=225&w=225,
311223710,Nice & Clean Pure Baby Wipes 60 Sheets,https://www.tesco.com/groceries/en-GB/shop/baby/all?department=Baby%20%26%20Toddler%20Wipes&viewAll=department&page=,£1.50,£2.50/100sht,,New,/groceries/en-GB/products/311223710,https://digitalcontent.api.tesco.com/v2/media/ghs/62958977-52f7-45c7-ae90-850197428b90/c5fab3de-db6a-43c5-92eb-4b0a96b914b2_750910374.jpeg?h=225&w=225,
305732462,Fred & Flo 56 Biodegradable Extra Sensitive Wipes,https://www.tesco.com/groceries/en-GB/shop/baby/all?department=Baby%20%26%20Toddler%20Wipes&viewAll=department&page=,£0.80,£1.43/100sht,,,/groceries/en-GB/products/305732462,,
306495567,Fred & Flo 60 Biodegradable Fragranced Wipes,https://www.tesco.com/groceries/en-GB/shop/baby/all?department=Baby%20%26%20Toddler%20Wipes&viewAll=department&page=,£0.70,£1.17/100sht,,,/groceries/en-GB/products/306495567,https://digitalcontent.api.tesco.com/v2/media/ghs/3f265bfb-c398-4bbe-ad17-380e05e34a4a/7976dae0-1d23-45e5-a4de-f9df99232f0d_1548664747.jpeg?h=225&w=225,
305973746,Fred & Flo 60 Biodegradable Fragrance Free Wipes,https://www.tesco.com/groceries/en-GB/shop/baby/all?department=Baby%20%26%20Toddler%20Wipes&viewAll=department&page=,£0.70,£1.17/100sht,,,/groceries/en-GB/products/305973746,https://digitalcontent.api.tesco.com/v2/media/ghs/5c7e67f5-3969-4587-bc46-1a122f08ffff/b0af2264-b276-4a54-b41a-8072c1d811bc_805428746.jpeg?h=225&w=225,
312207757,Huggies Pure 0% Plastic Baby Wipes 48 Wipes,https://www.tesco.com/groceries/en-GB/shop/baby/all?department=Baby%20%26%20Toddler%20Wipes&viewAll=department&page=,£0.90,£1.88/100sht,,New,/groceries/en-GB/products/312207757,https://digitalcontent.api.tesco.com/v2/media/ghs/3c1f5b8c-6159-490e-b9ed-123883d10313/a421755f-5502-4c3c-900f-55910c468b06_1149244102.jpeg?h=225&w=225,
311685934,Aveeno Baby Daily Care Hair & Body Wash 250Ml,https://www.tesco.com/groceries/en-GB/shop/baby/all?department=Baby%20%26%20Toddler%20Toiletries&viewAll=department&page=,£6.00,£2.40/100ml,,,/groceries/en-GB/products/311685934,https://digitalcontent.api.tesco.com/v2/media/ghs/43fe20fe-c19b-4bd9-8aa9-aae5737cf94f/a58caeec-42bd-4e72-a3a9-2746356f88bf_574004664.jpeg?h=225&w=225,
311261612,Aveeno Baby Daily Care Gentle Bath & Wash 400Ml,https://www.tesco.com/groceries/en-GB/shop/baby/all?department=Baby%20%26%20Toddler%20Toiletries&viewAll=department&page=,£6.00,£1.50/100ml,,,/groceries/en-GB/products/311261612,https://digitalcontent.api.tesco.com/v2/media/ghs/5a94d288-7206-404d-95f4-3f5f1ddad423/64237f75-da98-4a66-8cf7-4dfca31fb74c_72649146.jpeg?h=225&w=225,
297115462,Childs Farm Blackberry & Apple Body Wash 250Ml,https://www.tesco.com/groceries/en-GB/shop/baby/all?department=Baby%20%26%20Toddler%20Toiletries&viewAll=department&page=,£4.25,£1.70/100ml,Any 2 for £6 Clubcard Price - Selected Childs Farm Baby Toiletries 250ml,,/groceries/en-GB/products/297115462,https://digitalcontent.api.tesco.com/v2/media/ghs/e087fec2-e6be-47b0-a022-3f0e657ef0c7/9f20eed5-e56a-4cc3-ab4c-f554bdde549f_1753801899.jpeg?h=225&w=225,
303483845,Childs Farm Hair & Body Wash 250Ml Watermelon Pineapple,https://www.tesco.com/groceries/en-GB/shop/baby/all?department=Baby%20%26%20Toddler%20Toiletries&viewAll=department&page=,£4.25,£1.70/100ml,Any 2 for £6 Clubcard Price - Selected Childs Farm Baby Toiletries 250ml,,/groceries/en-GB/products/303483845,https://digitalcontent.api.tesco.com/v2/media/ghs/d690d6a0-3f0d-43c7-beea-9009fa4cce78/573149b3-c918-48a6-b65d-a3f21c3eac5f_678462278.jpeg?h=225&w=225,
297115404,Childs Farm Organic Baby Bedtime Tangerine Bubble Bath 250Ml,https://www.tesco.com/groceries/en-GB/shop/baby/all?department=Baby%20%26%20Toddler%20Toiletries&viewAll=department&page=,£4.25,£1.70/100ml,Any 2 for £6 Clubcard Price - Selected Childs Farm Baby Toiletries 250ml,,/groceries/en-GB/products/297115404,https://digitalcontent.api.tesco.com/v2/media/ghs/d791f433-eb55-4e0e-8273-7b78fc93c9f9/158a0991-dd35-42c5-b50e-c0f5a24e697f_1724341847.jpeg?h=225&w=225,
297115502,Childs Farm Strawberry & Mint Shampoo 250Ml,https://www.tesco.com/groceries/en-GB/shop/baby/all?department=Baby%20%26%20Toddler%20Toiletries&viewAll=department&page=,£4.25,£1.70/100ml,Any 2 for £6 Clubcard Price - Selected Childs Farm Baby Toiletries 250ml,,/groceries/en-GB/products/297115502,https://digitalcontent.api.tesco.com/v2/media/ghs/2956f8ff-bde1-4301-b1e8-4bc896eed40b/d1516e9c-0a20-4f5b-a3e0-35c34e88b200_757596910.jpeg?h=225&w=225,
276583301,Sudocrem Antiseptic Healing Cream 175G,https://www.tesco.com/groceries/en-GB/shop/baby/all?department=Baby%20%26%20Toddler%20Toiletries&viewAll=department&page=,£4.00,£2.29/100g,,,/groceries/en-GB/products/276583301,https://digitalcontent.api.tesco.com/v2/media/ghs/ce6136a8-6c79-4acf-b6c0-793e13d7df7b/61cd6a56-4d38-4e6c-87a3-d304381d9ce7_1816990712.jpeg?h=225&w=225,
299388394,Childs Farm Strawberry & Mint Conditioner 250Ml,https://www.tesco.com/groceries/en-GB/shop/baby/all?department=Baby%20%26%20Toddler%20Toiletries&viewAll=department&page=,£4.25,£1.70/100ml,Any 2 for £6 Clubcard Price - Selected Childs Farm Baby Toiletries 250ml,,/groceries/en-GB/products/299388394,https://digitalcontent.api.tesco.com/v2/media/ghs/10b63160-b5c2-45dd-b456-c6a2aafee250/61378a90-c239-4050-bea0-16e7c1aabad4_879447322.jpeg?h=225&w=225,
303483868,Childs Farm Bubble Bath Blueberry & Mango 250Ml,https://www.tesco.com/groceries/en-GB/shop/baby/all?department=Baby%20%26%20Toddler%20Toiletries&viewAll=department&page=,£4.25,£1.70/100ml,Any 2 for £6 Clubcard Price - Selected Childs Farm Baby Toiletries 250ml,,/groceries/en-GB/products/303483868,https://digitalcontent.api.tesco.com/v2/media/ghs/c1bab5f8-39c2-4faa-98e9-66856d509626/d5710cb1-7c84-4d01-94b4-37f0ff946954_504675054.jpeg?h=225&w=225,
255221561,Sudocrem Antiseptic Healing Cream 400G,https://www.tesco.com/groceries/en-GB/shop/baby/all?department=Baby%20%26%20Toddler%20Toiletries&viewAll=department&page=,£5.75,£1.44/100g,,,/groceries/en-GB/products/255221561,https://digitalcontent.api.tesco.com/v2/media/ghs/8056ddd7-9670-4a06-8916-28d48a4e46f3/d5f0eef7-6705-410a-8b39-894ac9355dc0_1326330518.jpeg?h=225&w=225,
303349988,Johnson's Kids No More Tangles Conditioner Spray 200Ml,https://www.tesco.com/groceries/en-GB/shop/baby/all?department=Baby%20%26%20Toddler%20Toiletries&viewAll=department&page=,£3.00,£1.50/100ml,,,/groceries/en-GB/products/303349988,https://digitalcontent.api.tesco.com/v2/media/ghs/3c792b48-b1dc-42da-bff7-317b546beba8/6b7558df-decf-471f-a692-428bfd1d2e81_273177577.jpeg?h=225&w=225,
259437927,Vosene Kids 3In1 Shampoo & Conditioner 250Ml,https://www.tesco.com/groceries/en-GB/shop/baby/all?department=Baby%20%26%20Toddler%20Toiletries&viewAll=department&page=,£2.00,£0.80/100ml,,,/groceries/en-GB/products/259437927,https://digitalcontent.api.tesco.com/v2/media/ghs/66003c07-38db-45d9-a378-482f3c51ff2c/952c93f0-744e-407a-a2c1-a1826245b71b_27213804.jpeg?h=225&w=225,
303335486,Johnson's Baby Bedtime Bath 500Ml,https://www.tesco.com/groceries/en-GB/shop/baby/all?department=Baby%20%26%20Toddler%20Toiletries&viewAll=department&page=,£3.00,£0.60/100ml,,,/groceries/en-GB/products/303335486,https://digitalcontent.api.tesco.com/v2/media/ghs/9f159feb-20ca-4b60-8e28-ab338f59657a/2647aaf5-05d4-4621-b233-9d081df7e7b6_584989717.jpeg?h=225&w=225,
272455673,Vaseline Original Petroleum Jelly 100Ml,https://www.tesco.com/groceries/en-GB/shop/baby/all?department=Baby%20%26%20Toddler%20Toiletries&viewAll=department&page=,£2.00,£2.00/100ml,,,/groceries/en-GB/products/272455673,https://digitalcontent.api.tesco.com/v2/media/ghs/23397430-1012-46d2-838c-54f85d36701d/be47939a-5693-4ab7-b30b-aafd9e9f3c3a_1426716094.jpeg?h=225&w=225,
312355310,Fred & Flo Naturals Fragrance Free Baby Balm 50Ml,https://www.tesco.com/groceries/en-GB/shop/baby/all?department=Baby%20%26%20Toddler%20Toiletries&viewAll=department&page=,£2.25,£4.50/100ml,,New,/groceries/en-GB/products/312355310,https://digitalcontent.api.tesco.com/v2/media/ghs/1c66d735-6158-441e-b6cb-8519773c9445/24d310be-4812-412b-87a8-c4fe488c7299_1046492669.jpeg?h=225&w=225,
274066859,Tesco Kids Sensitive Bath And Bodywash 500Ml,https://www.tesco.com/groceries/en-GB/shop/baby/all?department=Baby%20%26%20Toddler%20Toiletries&viewAll=department&page=,£1.50,£0.30/100ml,,,/groceries/en-GB/products/274066859,https://digitalcontent.api.tesco.com/v2/media/ghs/50bcf0dc-d231-47cf-b038-3caa25427309/ff5f76dc-ffd2-4ec0-ab3d-b4eabc5c2da1_1515489806.jpeg?h=225&w=225,
301803080,Fred & Flo 100 Cotton Wool Balls,https://www.tesco.com/groceries/en-GB/shop/baby/all?department=Baby%20%26%20Toddler%20Toiletries&viewAll=department&page=,£1.30,£1.19/100g,,,/groceries/en-GB/products/301803080,https://digitalcontent.api.tesco.com/v2/media/ghs/c96f4ce9-a512-42e8-a1ee-842c6a3ce068/3ea8fec4-2706-477f-b42c-b8892832a201_1683074393.jpeg?h=225&w=225,
258938152,Funky Farm Bath & Shower Gel 1 Litre,https://www.tesco.com/groceries/en-GB/shop/baby/all?department=Baby%20%26%20Toddler%20Toiletries&viewAll=department&page=,£2.00,£0.20/100ml,,,/groceries/en-GB/products/258938152,https://digitalcontent.api.tesco.com/v2/media/ghs/cc71e181-e6ef-4cf3-b555-2f5366e6cbe0/cd2bf49d-20db-4092-8441-41b040484949_1377365748.jpeg?h=225&w=225,
257204279,L'oreal Kids Berry Strawberry Conditioner 250Ml,https://www.tesco.com/groceries/en-GB/shop/baby/all?department=Baby%20%26%20Toddler%20Toiletries&viewAll=department&page=,£2.40,£0.96/100ml,,,/groceries/en-GB/products/257204279,https://digitalcontent.api.tesco.com/v2/media/ghs/091fef0f-afae-4236-9460-66fe72800181/e018ab84-a6ce-4e3d-b677-7c1c1429d368_102592598.jpeg?h=225&w=225,
253482997,L'oreal Kids Extra Gently/Gentle 2 In 1 Shampoo 250Ml,https://www.tesco.com/groceries/en-GB/shop/baby/all?department=Baby%20%26%20Toddler%20Toiletries&viewAll=department&page=,£2.40,£0.96/100ml,,,/groceries/en-GB/products/253482997,https://digitalcontent.api.tesco.com/v2/media/ghs/2cb2fec7-ba54-4e08-bdf3-345135f79be1/cf33f679-abc7-4021-a780-428912865edc_1304629315.jpeg?h=225&w=225,
257204158,L'oreal Kids Tropical Mango Shampoo 250Ml,https://www.tesco.com/groceries/en-GB/shop/baby/all?department=Baby%20%26%20Toddler%20Toiletries&viewAll=department&page=,£2.40,£0.96/100ml,,,/groceries/en-GB/products/257204158,https://digitalcontent.api.tesco.com/v2/media/ghs/919d983b-ffcb-4ae8-b2af-c8b35f17663b/cb7bcc44-ac00-4c09-b17a-11599a806fce_601825155.jpeg?h=225&w=225,
266552342,Matey Molly Bubble Bath 500Ml,https://www.tesco.com/groceries/en-GB/shop/baby/all?department=Baby%20%26%20Toddler%20Toiletries&viewAll=department&page=,£2.50,£0.50/100ml,£2.00 Clubcard Price,,/groceries/en-GB/products/266552342,https://digitalcontent.api.tesco.com/v2/media/ghs/31e26dbf-468a-4f20-90c4-e4df90255051/3dcd05d4-3f85-49b8-8ac5-d94346b1d930_1939159440.jpeg?h=225&w=225,
272206744,Sudocrem Antiseptic Healing Cream 60G,https://www.tesco.com/groceries/en-GB/shop/baby/all?department=Baby%20%26%20Toddler%20Toiletries&viewAll=department&page=,£2.10,£3.50/100g,,,/groceries/en-GB/products/272206744,https://digitalcontent.api.tesco.com/v2/media/ghs/a4888e8d-5b12-4715-854d-a4c72d74bd88/25ed70c6-5a9a-419e-b8bc-e15152d13bc1_1204220246.jpeg?h=225&w=225,
303335329,Johnson's Baby Powder 500G,https://www.tesco.com/groceries/en-GB/shop/baby/all?department=Baby%20%26%20Toddler%20Toiletries&viewAll=department&page=,£2.50,£0.50/100g,£1.55 Clubcard Price,,/groceries/en-GB/products/303335329,https://digitalcontent.api.tesco.com/v2/media/ghs/5fdb3722-7a71-42a6-88d5-ad74f2bad20a/664673c1-5286-4585-9d7b-1f2cf2470d38_117263991.jpeg?h=225&w=225,
303335405,Johnson's Baby Bath 500Ml,https://www.tesco.com/groceries/en-GB/shop/baby/all?department=Baby%20%26%20Toddler%20Toiletries&viewAll=department&page=,£2.50,£0.50/100ml,£1.55 Clubcard Price,,/groceries/en-GB/products/303335405,https://digitalcontent.api.tesco.com/v2/media/ghs/36d99927-4c48-4aa7-93b6-ebdd5d2ef641/3647714a-f52f-4c40-a7d9-ae835826190f_1986038742.jpeg?h=225&w=225,
303335428,Johnson's Baby Lotion 500Ml,https://www.tesco.com/groceries/en-GB/shop/baby/all?department=Baby%20%26%20Toddler%20Toiletries&viewAll=department&page=,£2.50,£0.50/100ml,£1.55 Clubcard Price,,/groceries/en-GB/products/303335428,https://digitalcontent.api.tesco.com/v2/media/ghs/efb5518e-39cc-460d-8318-e952a8b3c238/0f1024bf-918c-46c1-b8df-ba93c4244814_1347061573.jpeg?h=225&w=225,
303350041,Johnson's Baby Top-To-Toe Wash 500Ml,https://www.tesco.com/groceries/en-GB/shop/baby/all?department=Baby%20%26%20Toddler%20Toiletries&viewAll=department&page=,£2.50,£0.50/100ml,£1.55 Clubcard Price,,/groceries/en-GB/products/303350041,https://digitalcontent.api.tesco.com/v2/media/ghs/528a1bcf-7e37-4814-9f57-efff433d007e/188a0c45-65d9-4154-b6bc-9137df4c2ceb_124838261.jpeg?h=225&w=225,
303335342,Johnson's Baby Shampoo 500Ml,https://www.tesco.com/groceries/en-GB/shop/baby/all?department=Baby%20%26%20Toddler%20Toiletries&viewAll=department&page=,£2.50,£0.50/100ml,£1.55 Clubcard Price,,/groceries/en-GB/products/303335342,https://digitalcontent.api.tesco.com/v2/media/ghs/159c0c5f-2c1c-46e9-a494-2516262e46a6/45693c28-6a89-43dd-8ec2-4391eb6d353b_464076449.jpeg?h=225&w=225,
301891238,Fred & Flo Baby Bath 500Ml,https://www.tesco.com/groceries/en-GB/shop/baby/all?department=Baby%20%26%20Toddler%20Toiletries&viewAll=department&page=,£1.20,£0.24/100ml,,,/groceries/en-GB/products/301891238,https://digitalcontent.api.tesco.com/v2/media/ghs/dabf2e1f-97eb-4fd5-8b6a-7772d38553ec/34947b7c-50cf-493b-8ded-0064743e88a3_1215168992.jpeg?h=225&w=225,
250991664,Palmolive Liquid Handwash Aquarium 300Ml,https://www.tesco.com/groceries/en-GB/shop/baby/all?department=Baby%20%26%20Toddler%20Toiletries&viewAll=department&page=,£1.00,£0.33/100ml,,,/groceries/en-GB/products/250991664,https://digitalcontent.api.tesco.com/v2/media/ghs/7b3c2658-74a3-485b-b970-51aeb80b2fe9/51581967-920d-4038-b89d-db23951f0cd5_433052211.jpeg?h=225&w=225,
301891215,Fred & Flo Baby Bedtime Bath 500Ml,https://www.tesco.com/groceries/en-GB/shop/baby/all?department=Baby%20%26%20Toddler%20Toiletries&viewAll=department&page=,£1.00,£0.20/100ml,,,/groceries/en-GB/products/301891215,https://digitalcontent.api.tesco.com/v2/media/ghs/f1242a4e-0d9b-466b-9e31-569408dc6647/323b99a1-b02b-4f94-b88f-cb858995db41_1070420354.jpeg?h=225&w=225,
301891336,Fred & Flo Baby Head To Toe Wash 500Ml,https://www.tesco.com/groceries/en-GB/shop/baby/all?department=Baby%20%26%20Toddler%20Toiletries&viewAll=department&page=,£1.20,£0.24/100ml,,,/groceries/en-GB/products/301891336,https://digitalcontent.api.tesco.com/v2/media/ghs/fdd57396-3972-46c9-8186-03fc0c84ec75/33244db5-e989-45a9-914a-e697192dcf24_1818290366.jpeg?h=225&w=225,
301891872,Fred & Flo Baby Shampoo 500Ml,https://www.tesco.com/groceries/en-GB/shop/baby/all?department=Baby%20%26%20Toddler%20Toiletries&viewAll=department&page=,£1.20,£0.24/100ml,,,/groceries/en-GB/products/301891872,https://digitalcontent.api.tesco.com/v2/media/ghs/8de62956-9827-419b-8440-b758395e4428/8fe4cb26-4807-495a-963c-38fb440936e6_941664158.jpeg?h=225&w=225,
276116625,Tesco Kids Apple & Melon 2 In 1 Shampoo 250Ml,https://www.tesco.com/groceries/en-GB/shop/baby/all?department=Baby%20%26%20Toddler%20Toiletries&viewAll=department&page=,£1.05,£0.42/100ml,,,/groceries/en-GB/products/276116625,https://digitalcontent.api.tesco.com/v2/media/ghs/d2ac5a03-00cc-4270-87ab-76e3fc3a9ce7/44a4b5a6-2555-4284-a9ed-d3b6ec883466_271999521.jpeg?h=225&w=225,
276116723,Tesco Kids Strawberry 2 In 1 Shampoo 250Ml,https://www.tesco.com/groceries/en-GB/shop/baby/all?department=Baby%20%26%20Toddler%20Toiletries&viewAll=department&page=,£1.05,£0.42/100ml,,,/groceries/en-GB/products/276116723,https://digitalcontent.api.tesco.com/v2/media/ghs/69abce45-33b1-4e30-8590-7aa6e0b121f5/135c90e0-9edd-45a7-825e-320b4bdc2564_249834157.jpeg?h=225&w=225,
301891859,Fred & Flo Baby Lotion 500Ml,https://www.tesco.com/groceries/en-GB/shop/baby/all?department=Baby%20%26%20Toddler%20Toiletries&viewAll=department&page=,£1.20,£0.24/100ml,,,/groceries/en-GB/products/301891859,https://digitalcontent.api.tesco.com/v2/media/ghs/b8b124b0-21aa-4aa7-9891-55bcdb9c6d4f/fbbcc43b-456d-40b7-b5b2-04ea3f8d78c6_1440629720.jpeg?h=225&w=225,
301891814,Fred & Flo Baby Soft Powder 400G,https://www.tesco.com/groceries/en-GB/shop/baby/all?department=Baby%20%26%20Toddler%20Toiletries&viewAll=department&page=,£1.50,£0.38/100g,,,/groceries/en-GB/products/301891814,https://digitalcontent.api.tesco.com/v2/media/ghs/4969f269-8856-4de7-b1b4-c5afc86c418b/2e4929a7-edf6-4610-8ffd-55977112f257_1904703594.jpeg?h=225&w=225,
303335549,Johnson's Baby Oil 500Ml,https://www.tesco.com/groceries/en-GB/shop/baby/all?department=Baby%20%26%20Toddler%20Toiletries&viewAll=department&page=,£2.50,£0.50/100ml,£1.55 Clubcard Price,,/groceries/en-GB/products/303335549,https://digitalcontent.api.tesco.com/v2/media/ghs/72d4791b-2ea8-4ce3-8612-2077b9e05813/b642abfb-dd26-4bd2-98f8-e2c6f9ad7f19_992379240.jpeg?h=225&w=225,
301971271,Fred & Flo Cotton Buds 60 Pack,https://www.tesco.com/groceries/en-GB/shop/baby/all?department=Baby%20%26%20Toddler%20Toiletries&viewAll=department&page=,£0.50,£0.01/each,,,/groceries/en-GB/products/301971271,https://digitalcontent.api.tesco.com/v2/media/ghs/99fea1cc-d02a-428a-a6d6-dff15bc6d1e8/df5de78d-b51f-4475-a8e5-5ace17119102_1702986030.jpeg?h=225&w=225,
301971259,Fred & Flo Cotton Buds 300 Pack,https://www.tesco.com/groceries/en-GB/shop/baby/all?department=Baby%20%26%20Toddler%20Toiletries&viewAll=department&page=,£0.75,£0.00/each,,,/groceries/en-GB/products/301971259,https://digitalcontent.api.tesco.com/v2/media/ghs/7ede81b5-70ab-4367-830d-7c42e3ac681e/0d9d40cf-50da-4e08-a132-3a406aec1540_75620309.jpeg?h=225&w=225,
303335307,Johnson's Baby Powder 200G,https://www.tesco.com/groceries/en-GB/shop/baby/all?department=Baby%20%26%20Toddler%20Toiletries&viewAll=department&page=,£1.00,£0.50/100g,,,/groceries/en-GB/products/303335307,https://digitalcontent.api.tesco.com/v2/media/ghs/b120275a-e08b-4be5-aa53-370a937dd2ae/a05a9bef-350b-420f-a35f-fbf2e0058b5a_1738353676.jpeg?h=225&w=225,
301891797,Fred & Flo Baby Bedtime Powder 400G,https://www.tesco.com/groceries/en-GB/shop/baby/all?department=Baby%20%26%20Toddler%20Toiletries&viewAll=department&page=,£1.50,£0.38/100g,,,/groceries/en-GB/products/301891797,https://digitalcontent.api.tesco.com/v2/media/ghs/4e20a2d1-4ba2-44e9-92e4-9027569f5dd9/ad18a875-7283-4b5b-8bb5-59cbded74895_1922632541.jpeg?h=225&w=225,
303350127,Johnson's Baby Cotton Buds 200 Pieces,https://www.tesco.com/groceries/en-GB/shop/baby/all?department=Baby%20%26%20Toddler%20Toiletries&viewAll=department&page=,£0.95,£0.00/each,,,/groceries/en-GB/products/303350127,https://digitalcontent.api.tesco.com/v2/media/ghs/c0e81f2a-8e9a-44a5-9b17-01aa1f8323b5/d41149aa-c7b4-49d2-b964-ffdcc0f11107_2023318926.jpeg?h=225&w=225,
301803108,Fred & Flo Cotton Wool Pleat 200G,https://www.tesco.com/groceries/en-GB/shop/baby/all?department=Baby%20%26%20Toddler%20Toiletries&viewAll=department&page=,£1.00,£0.50/100g,,,/groceries/en-GB/products/301803108,https://digitalcontent.api.tesco.com/v2/media/ghs/3c9d06cf-2533-4e5e-983f-be8601ae3e24/2390e425-79e1-40bc-a42d-0fc4351931f7_831863366.jpeg?h=225&w=225,
303335526,Johnson's Baby Oil 300Ml,https://www.tesco.com/groceries/en-GB/shop/baby/all?department=Baby%20%26%20Toddler%20Toiletries&viewAll=department&page=,£1.45,£0.48/100ml,,,/groceries/en-GB/products/303335526,https://digitalcontent.api.tesco.com/v2/media/ghs/e313e364-6184-4ffd-9efc-a3058537ff79/7f036b97-2d15-4347-9b49-7fa408909556_188331015.jpeg?h=225&w=225,
301803327,Tesco Essentials Cotton Wool Roll 180G,https://www.tesco.com/groceries/en-GB/shop/baby/all?department=Baby%20%26%20Toddler%20Toiletries&viewAll=department&page=,£0.85,£0.47/100g,,,/groceries/en-GB/products/301803327,https://digitalcontent.api.tesco.com/v2/media/ghs/79f3faae-752f-416d-95db-3ea4ea44b446/8645967c-324c-408d-a533-80ad53b1699c_1301838191.jpeg?h=225&w=225,
282264699,Bio-Oil 125Ml,https://www.tesco.com/groceries/en-GB/shop/baby/all?department=Baby%20%26%20Toddler%20Toiletries&viewAll=department&page=,£14.70,£11.76/100ml,,,/groceries/en-GB/products/282264699,https://digitalcontent.api.tesco.com/v2/media/ghs/22d511a8-edd4-4ca9-aeaa-39e466adbab6/a7b999bd-0c78-458b-941c-4ec9b89ce49d_519666479.jpeg?h=225&w=225,
312995485,Childs Farm Fragrance Free Oatderma Baby Moisturiser 250Ml,https://www.tesco.com/groceries/en-GB/shop/baby/all?department=Baby%20%26%20Toddler%20Toiletries&viewAll=department&page=,£7.50,£3.00/100ml,,New,/groceries/en-GB/products/312995485,https://digitalcontent.api.tesco.com/v2/media/ghs/ccbecbc6-ca20-4a7c-aa56-b78d307696ae/02d58412-62b5-48bc-9d74-dbfb2990fc3a_794250426.jpeg?h=225&w=225,
280069663,Weleda Calendula Body Wash 200Ml,https://www.tesco.com/groceries/en-GB/shop/baby/all?department=Baby%20%26%20Toddler%20Toiletries&viewAll=department&page=,£7.00,£3.50/100ml,,New,/groceries/en-GB/products/280069663,https://digitalcontent.api.tesco.com/v2/media/ghs/6f092ad5-8ed7-40fb-a81f-a54974f48ca6/31af15b4-3d1c-4b00-929a-c97c502eae14_952751209.jpeg?h=225&w=225,
295329759,Aveeno Baby Daily Care Lotion 150Ml,https://www.tesco.com/groceries/en-GB/shop/baby/all?department=Baby%20%26%20Toddler%20Toiletries&viewAll=department&page=,£6.00,£4.00/100ml,,,/groceries/en-GB/products/295329759,https://digitalcontent.api.tesco.com/v2/media/ghs/f45b785b-ff64-4310-be69-1ed3d5a1abde/b441e021-3947-45ea-a509-0ff515f749ae_130862865.jpeg?h=225&w=225,
312708965,Childs Farm Fragrance Free Oatderma Baby Bubble Bath 250Ml,https://www.tesco.com/groceries/en-GB/shop/baby/all?department=Baby%20%26%20Toddler%20Toiletries&viewAll=department&page=,£6.50,£2.60/100ml,,New,/groceries/en-GB/products/312708965,https://digitalcontent.api.tesco.com/v2/media/ghs/f4885fa7-26f1-4def-8a80-3de00129ab80/dc94f798-8826-4dcc-ba67-3c48203cb88e_495383806.jpeg?h=225&w=225,
311955448,Aveeno Kids Bubble Bath & Wash Sensitive Skin 250Ml,https://www.tesco.com/groceries/en-GB/shop/baby/all?department=Baby%20%26%20Toddler%20Toiletries&viewAll=department&page=,£6.00,£24.00/litre,,New,/groceries/en-GB/products/311955448,https://digitalcontent.api.tesco.com/v2/media/ghs/c21ff54a-9c6e-4cc3-bb73-9f1406598310/6beeaf0f-8e8a-4340-a96c-faa619a93583_1227493724.jpeg?h=225&w=225,
312986628,Childs Farm Fragrance Free Oatderma Baby Wash 250Ml,https://www.tesco.com/groceries/en-GB/shop/baby/all?department=Baby%20%26%20Toddler%20Toiletries&viewAll=department&page=,£6.50,£2.60/100ml,,,/groceries/en-GB/products/312986628,https://digitalcontent.api.tesco.com/v2/media/ghs/94278db9-e836-4b61-a6d2-9b6e6ffbc69c/b45592ba-b7a6-492a-b62e-5c93701fc500_1123924105.jpeg?h=225&w=225,
311688257,Aveeno Kids Conditioner 250Ml,https://www.tesco.com/groceries/en-GB/shop/baby/all?department=Baby%20%26%20Toddler%20Toiletries&viewAll=department&page=,£6.00,£24.00/litre,,,/groceries/en-GB/products/311688257,https://digitalcontent.api.tesco.com/v2/media/ghs/6c2ecd3f-5b3a-4d38-8136-66c552e2e9e5/0bda145a-ac57-4028-a93c-b94fd076bafd_1791212649.jpeg?h=225&w=225,
311804328,Aveeno Kids Shampoo Sensitive Skin & Scalp 250Ml,https://www.tesco.com/groceries/en-GB/shop/baby/all?department=Baby%20%26%20Toddler%20Toiletries&viewAll=department&page=,£6.00,£24.00/litre,,New,/groceries/en-GB/products/311804328,https://digitalcontent.api.tesco.com/v2/media/ghs/71585dc5-e72e-4eeb-9227-034a8e23cf53/8f644078-adfe-4707-a094-0ee9ef5a85cd_1782394891.jpeg?h=225&w=225,
253882564,Cuticura Talc 250G,https://www.tesco.com/groceries/en-GB/shop/baby/all?department=Baby%20%26%20Toddler%20Toiletries&viewAll=department&page=,£4.00,£1.60/100g,,,/groceries/en-GB/products/253882564,https://digitalcontent.api.tesco.com/v2/media/ghs/6140bb65-e358-4056-bdfb-3ef1997adae0/2a6e1492-9b85-491a-97cd-63705255dc26_2131449475.jpeg?h=225&w=225,
311799391,Aveeno Baby Calming Bedtime Lotion 150Ml,https://www.tesco.com/groceries/en-GB/shop/baby/all?department=Baby%20%26%20Toddler%20Toiletries&viewAll=department&page=,£6.00,£4.00/100ml,,,/groceries/en-GB/products/311799391,https://digitalcontent.api.tesco.com/v2/media/ghs/7d380951-8c7c-484f-abe3-6fcd546ab6bc/ef34ff0b-19be-4a24-a068-8153433850e6_54526935.jpeg?h=225&w=225,
297115387,Childs Farm Baby Moisturiser Cocoa Shea 250Ml,https://www.tesco.com/groceries/en-GB/shop/baby/all?department=Baby%20%26%20Toddler%20Toiletries&viewAll=department&page=,£4.25,£1.70/100ml,Any 2 for £6 Clubcard Price - Selected Childs Farm Baby Toiletries 250ml,,/groceries/en-GB/products/297115387,https://digitalcontent.api.tesco.com/v2/media/ghs/f143ca97-09b4-4fc7-9bfe-b583144eccdd/abbce7c5-f6a1-431a-9ef3-d2d88b06d67f_1379894707.jpeg?h=225&w=225,
311420154,Aveeno Baby Calming Bedtime Bath & Wash 250Ml,https://www.tesco.com/groceries/en-GB/shop/baby/all?department=Baby%20%26%20Toddler%20Toiletries&viewAll=department&page=,£6.00,£2.40/100ml,,,/groceries/en-GB/products/311420154,https://digitalcontent.api.tesco.com/v2/media/ghs/d6a066ff-ed51-4b25-b1be-a96d13514059/b91bfea0-78e3-4f01-ab60-a5241a3f3d91_178410388.jpeg?h=225&w=225,
311259218,Knightley's Adventures Bath Time Fun Crayons 5 Pack,https://www.tesco.com/groceries/en-GB/shop/baby/all?department=Baby%20%26%20Toddler%20Toiletries&viewAll=department&page=,£5.00,£1.00/each,,,/groceries/en-GB/products/311259218,https://digitalcontent.api.tesco.com/v2/media/ghs/0453dbd3-4017-4d1b-b6de-390f9b5f84d9/a20712a5-b9d3-4bf6-aa33-e8d23b4c3128_1856056970.jpeg?h=225&w=225,
293542510,Hipp Baby Foaming Handwash 250Ml,https://www.tesco.com/groceries/en-GB/shop/baby/all?department=Baby%20%26%20Toddler%20Toiletries&viewAll=department&page=,£3.75,£1.50/100ml,,,/groceries/en-GB/products/293542510,https://digitalcontent.api.tesco.com/v2/media/ghs/ced6aa16-8d48-48ce-a157-d2f89e3cc50d/2bbcafa1-f6eb-44cd-9e8a-5d16433a3aa8_1204090151.jpeg?h=225&w=225,
297115427,Childs Farm Unfragranced Baby Wash 250Ml,https://www.tesco.com/groceries/en-GB/shop/baby/all?department=Baby%20%26%20Toddler%20Toiletries&viewAll=department&page=,£4.25,£1.70/100ml,Any 2 for £6 Clubcard Price - Selected Childs Farm Baby Toiletries 250ml,,/groceries/en-GB/products/297115427,https://digitalcontent.api.tesco.com/v2/media/ghs/d82d2c5e-f116-4e52-a01b-80368806bf99/cc931537-9fb0-44dc-b3d9-b3dd674fdc2b_133091311.jpeg?h=225&w=225,
302410076,Childs Farm Baby Shampoo 250Ml,https://www.tesco.com/groceries/en-GB/shop/baby/all?department=Baby%20%26%20Toddler%20Toiletries&viewAll=department&page=,£4.25,£1.70/100ml,Any 2 for £6 Clubcard Price - Selected Childs Farm Baby Toiletries 250ml,,/groceries/en-GB/products/302410076,https://digitalcontent.api.tesco.com/v2/media/ghs/5b124dee-6dfb-44ab-b275-c4f0027e1d21/aadeef8f-5d59-4dfa-9da9-31c5bb616047_341702599.jpeg?h=225&w=225,
305050485,Hipp Kids Free From Clean & Green Bubbly Bath 300Ml,https://www.tesco.com/groceries/en-GB/shop/baby/all?department=Baby%20%26%20Toddler%20Toiletries&viewAll=department&page=,£3.75,£1.25/100ml,CC BUY WASH & TOY FOR £8,,/groceries/en-GB/products/305050485,https://digitalcontent.api.tesco.com/v2/media/ghs/6bc153dd-ae2f-444d-a542-47bab01593d7/f32348d4-cce0-46f9-9d12-6dbea568b670_1075272759.jpeg?h=225&w=225,
312575337,Knightley's Adventures Bubble Bath Passion Fruit & Peach 230Ml,https://www.tesco.com/groceries/en-GB/shop/baby/all?department=Baby%20%26%20Toddler%20Toiletries&viewAll=department&page=,£4.00,£1.74/100ml,,,/groceries/en-GB/products/312575337,https://digitalcontent.api.tesco.com/v2/media/ghs/dd5ae47c-4b74-48cf-9581-956a4d358d61/9b85b8ac-2957-4098-a19d-3fe2e28049b4_1045944516.jpeg?h=225&w=225,
299388359,Childs Farm Raspberry Bubbles 250Ml,https://www.tesco.com/groceries/en-GB/shop/baby/all?department=Baby%20%26%20Toddler%20Toiletries&viewAll=department&page=,£4.25,£1.70/100ml,Any 2 for £6 Clubcard Price - Selected Childs Farm Baby Toiletries 250ml,,/groceries/en-GB/products/299388359,https://digitalcontent.api.tesco.com/v2/media/ghs/40c2b932-8dac-4f83-aa3a-7ebdcced96d4/4683ed3c-14e5-45f2-916e-af85c8de13ff_2108052481.jpeg?h=225&w=225,
303350104,Johnson's Baby Bedtime Powder 500G,https://www.tesco.com/groceries/en-GB/shop/baby/all?department=Baby%20%26%20Toddler%20Toiletries&viewAll=department&page=,£3.00,£0.60/100g,,,/groceries/en-GB/products/303350104,https://digitalcontent.api.tesco.com/v2/media/ghs/10597151-d4ab-49cf-b1e2-382d673c5579/bf7e4d57-b002-407a-9e64-dc012d13fa84_1197494457.jpeg?h=225&w=225,
274025223,E45 Junior Foaming Bath Milk 500Ml,https://www.tesco.com/groceries/en-GB/shop/baby/all?department=Baby%20%26%20Toddler%20Toiletries&viewAll=department&page=,£4.50,£0.90/100ml,,,/groceries/en-GB/products/274025223,https://digitalcontent.api.tesco.com/v2/media/ghs/f0eee44b-90ed-4461-9451-d27d52a256e3/4a74ba4b-0c89-45bf-9a22-25672e40eac9_1850616193.jpeg?h=225&w=225,
304536650,Johnsons Bedtime Wash 500 Ml,https://www.tesco.com/groceries/en-GB/shop/baby/all?department=Baby%20%26%20Toddler%20Toiletries&viewAll=department&page=,£3.00,£0.60/100ml,,,/groceries/en-GB/products/304536650,https://digitalcontent.api.tesco.com/v2/media/ghs/03092e28-45c9-4f81-8a59-df08a1f1a07e/0d0b4e60-9e02-4eb8-8349-f6d197b63ca7_1460295613.jpeg?h=225&w=225,
301892979,Sudocrem My Little Sudocrem 22G,https://www.tesco.com/groceries/en-GB/shop/baby/all?department=Baby%20%26%20Toddler%20Toiletries&viewAll=department&page=,£3.00,£13.64/100g,£2.50 Clubcard Price,,/groceries/en-GB/products/301892979,https://digitalcontent.api.tesco.com/v2/media/ghs/4343f6f6-1d6a-4eec-b277-01fff5b0d06b/836d369e-282a-4f26-8187-0d9db260f2d0_212917200.jpeg?h=225&w=225,
259559881,Oilatum Junior Bath Additive 150Ml,https://www.tesco.com/groceries/en-GB/shop/baby/all?department=Baby%20%26%20Toddler%20Toiletries&viewAll=department&page=,£3.75,£2.50/100ml,,,/groceries/en-GB/products/259559881,https://digitalcontent.api.tesco.com/v2/media/ghs/2eb01a70-f382-4000-9984-dc935f63a971/41f51864-e909-48e5-ac20-d05664382feb_935388567.jpeg?h=225&w=225,
302169908,Fred & Flo Super Soft Sponge 1 Pack,https://www.tesco.com/groceries/en-GB/shop/baby/all?department=Baby%20%26%20Toddler%20Toiletries&viewAll=department&page=,£1.60,£1.60/each,,,/groceries/en-GB/products/302169908,https://digitalcontent.api.tesco.com/v2/media/ghs/e999f39a-7a51-4cbb-916c-1b6e854c5351/d53f5238-6253-4999-8dcf-6d6283853d41_335542295.jpeg?h=225&w=225,
303335561,Johnson's Kids No More Tangles Shampoo 500Ml,https://www.tesco.com/groceries/en-GB/shop/baby/all?department=Baby%20%26%20Toddler%20Toiletries&viewAll=department&page=,£3.00,£0.60/100ml,,,/groceries/en-GB/products/303335561,https://digitalcontent.api.tesco.com/v2/media/ghs/2944796e-30db-438b-a172-c98ca344056d/920deb5a-b0b7-4550-b005-9b3994b579fd_678535708.jpeg?h=225&w=225,
308451242,Hipp Kids Soft & Smooth All In One Wash 200Ml,https://www.tesco.com/groceries/en-GB/shop/baby/all?department=Baby%20%26%20Toddler%20Toiletries&viewAll=department&page=,£2.50,£1.25/100ml,,,/groceries/en-GB/products/308451242,https://digitalcontent.api.tesco.com/v2/media/ghs/f38d6f27-d959-4583-8735-5ca8e4cabd29/d4551a8d-9acc-406b-b1ab-7a9ff0363312_313186475.jpeg?h=225&w=225,
308461852,Knightley's Adventures Detangling Spray Pineapple 200Ml,https://www.tesco.com/groceries/en-GB/shop/baby/all?department=Baby%20%26%20Toddler%20Toiletries&viewAll=department&page=,£3.00,£1.50/100ml,Any 2 for £5 Clubcard Price - Selected Knightleys Adventures Toiletries,,/groceries/en-GB/products/308461852,https://digitalcontent.api.tesco.com/v2/media/ghs/61deab35-0221-485c-b325-5d7a9863123b/34d496ad-256a-4658-a380-e66fc4f5bf1d_1385449529.jpeg?h=225&w=225,
308858579,Knightley's Adventures Face & Hand Wash Oat & Chamomile 150Ml,https://www.tesco.com/groceries/en-GB/shop/baby/all?department=Baby%20%26%20Toddler%20Toiletries&viewAll=department&page=,£3.15,£2.10/100ml,Any 2 for £5 Clubcard Price - Selected Knightleys Adventures Toiletries,,/groceries/en-GB/products/308858579,https://digitalcontent.api.tesco.com/v2/media/ghs/19fa2e9e-3aba-4b96-a001-76eb2c4f9c60/fe87713c-3df3-4cf1-9e3a-a4165f862bbf_25772543.jpeg?h=225&w=225,
312207360,Fred & Flo Naturals Oat & Chamomile Hair & Body Body Wash 250Ml,https://www.tesco.com/groceries/en-GB/shop/baby/all?department=Baby%20%26%20Toddler%20Toiletries&viewAll=department&page=,£2.25,£0.90/100ml,,New,/groceries/en-GB/products/312207360,https://digitalcontent.api.tesco.com/v2/media/ghs/267f1dfd-f942-414d-8241-2c1318c7c114/bd29659b-a5f2-4e8a-aeda-1cd60b0ec368_293114784.jpeg?h=225&w=225,
312585734,Fred & Flo Naturals Oat Chamomile & Lavender Bath Milk 250Ml,https://www.tesco.com/groceries/en-GB/shop/baby/all?department=Baby%20%26%20Toddler%20Toiletries&viewAll=department&page=,£2.25,£0.90/100ml,,New,/groceries/en-GB/products/312585734,https://digitalcontent.api.tesco.com/v2/media/ghs/15014fae-0207-48f4-a981-feba9f451b83/09bde999-373d-4dde-bd04-238634543b3a_604300364.jpeg?h=225&w=225,
308868728,Knightley's Adventures Hair & Body Wash Tangerine & Lime 300Ml,https://www.tesco.com/groceries/en-GB/shop/baby/all?department=Baby%20%26%20Toddler%20Toiletries&viewAll=department&page=,£3.15,£1.05/100ml,Any 2 for £5 Clubcard Price - Selected Knightleys Adventures Toiletries,,/groceries/en-GB/products/308868728,https://digitalcontent.api.tesco.com/v2/media/ghs/e8096963-7768-481e-acf9-97972a4b2d66/35ed116f-48d9-4d6d-9baa-5ebc4209b02e_307778850.jpeg?h=225&w=225,
308867925,Knightley's Adventures Hair & Body Washing Strawberry 300Ml,https://www.tesco.com/groceries/en-GB/shop/baby/all?department=Baby%20%26%20Toddler%20Toiletries&viewAll=department&page=,£3.15,£1.05/100ml,Any 2 for £5 Clubcard Price - Selected Knightleys Adventures Toiletries,,/groceries/en-GB/products/308867925,https://digitalcontent.api.tesco.com/v2/media/ghs/745fb551-ac54-4b83-b50f-fbc4cbe8a40a/36d21870-1f8b-467c-b68f-c6d852fe3ca9_1001633710.jpeg?h=225&w=225,
308827138,Knightley's Adventures Bath Bombs Strawberry & Coconut 5X25g,https://www.tesco.com/groceries/en-GB/shop/baby/all?department=Baby%20%26%20Toddler%20Toiletries&viewAll=department&page=,£3.15,£2.52/100g,Any 2 for £5 Clubcard Price - Selected Knightleys Adventures Toiletries,,/groceries/en-GB/products/308827138,https://digitalcontent.api.tesco.com/v2/media/ghs/a36693e3-93a8-4f50-9ea5-796a4b43c274/3e72c9ce-1cae-4cb7-af52-fe42e941cf6e_1351585851.jpeg?h=225&w=225,
308844371,Knightley's Adventures Bath Milk Bubbles Kiwi & Grape 300Ml,https://www.tesco.com/groceries/en-GB/shop/baby/all?department=Baby%20%26%20Toddler%20Toiletries&viewAll=department&page=,£3.15,£1.05/100ml,Any 2 for £5 Clubcard Price - Selected Knightleys Adventures Toiletries,,/groceries/en-GB/products/308844371,https://digitalcontent.api.tesco.com/v2/media/ghs/6b1ba5cb-5dff-41bc-84da-f0c1b4094fce/7988af65-4cc1-4f3a-8985-a3510c3f4ec8_582602724.jpeg?h=225&w=225,
308453741,Knightley's Adventures Bath Milk Bubbles Blackberry 300Ml,https://www.tesco.com/groceries/en-GB/shop/baby/all?department=Baby%20%26%20Toddler%20Toiletries&viewAll=department&page=,£3.15,£1.05/100ml,Any 2 for £5 Clubcard Price - Selected Knightleys Adventures Toiletries,,/groceries/en-GB/products/308453741,https://digitalcontent.api.tesco.com/v2/media/ghs/a8a94d09-6389-472e-b103-27f031a4c726/0573a28a-f630-4da4-be14-2b47831d0a13_451498593.jpeg?h=225&w=225,
308832621,Knightley's Adventures Bath Bombs Sweet Pear&Shea 5X25g,https://www.tesco.com/groceries/en-GB/shop/baby/all?department=Baby%20%26%20Toddler%20Toiletries&viewAll=department&page=,£3.15,£2.52/100g,Any 2 for £5 Clubcard Price - Selected Knightleys Adventures Toiletries,,/groceries/en-GB/products/308832621,https://digitalcontent.api.tesco.com/v2/media/ghs/9a506835-cb10-446d-a065-940853fed8bb/9d5748ad-0248-4e78-ac2b-8da404701563_958006314.jpeg?h=225&w=225,
311218446,Knightley's Adventures Conditioner Strawberry & Coconut 300Ml,https://www.tesco.com/groceries/en-GB/shop/baby/all?department=Baby%20%26%20Toddler%20Toiletries&viewAll=department&page=,£3.15,£1.05/100ml,Any 2 for £5 Clubcard Price - Selected Knightleys Adventures Toiletries,,/groceries/en-GB/products/311218446,https://digitalcontent.api.tesco.com/v2/media/ghs/cedbc633-61bc-48dc-bb08-d1e54b708c19/c3ef1b0a-07d4-41eb-9f16-fd01e46bb7dc_1442481222.jpeg?h=225&w=225,
311265504,Knightley's Adventures Bath Bomb 2X20g Set Pear & Shea,https://www.tesco.com/groceries/en-GB/shop/baby/all?department=Baby%20%26%20Toddler%20Toiletries&viewAll=department&page=,£3.00,£7.50/100g,Any 2 for £5 Clubcard Price - Selected Knightleys Adventures Toiletries,,/groceries/en-GB/products/311265504,https://digitalcontent.api.tesco.com/v2/media/ghs/023f794d-61b3-4cdf-be93-4df52cac474f/fe1c8c79-9f79-46ca-9dd0-1e47edbcf783_1870311137.jpeg?h=225&w=225,
302379209,Fred & Flo Petroluem Jelly 150Ml,https://www.tesco.com/groceries/en-GB/shop/baby/all?department=Baby%20%26%20Toddler%20Toiletries&viewAll=department&page=,£1.50,£1.00/100ml,,,/groceries/en-GB/products/302379209,https://digitalcontent.api.tesco.com/v2/media/ghs/924e76ec-3180-4586-8e3b-e2faa8f6fbbb/8e123769-89f9-4c2b-ab3e-7015a9c3ebec_2104971411.jpeg?h=225&w=225,
257093512,Dentinox Cradle Cap Treatment Shampoo 125Ml,https://www.tesco.com/groceries/en-GB/shop/baby/all?department=Baby%20%26%20Toddler%20Toiletries&viewAll=department&page=,£2.55,£2.04/100ml,,,/groceries/en-GB/products/257093512,https://digitalcontent.api.tesco.com/v2/media/ghs/d28b4364-834e-44c1-813a-b971b57d0608/2d68ebb7-f9c3-4293-b3dd-65e06342cc0d_1046622586.jpeg?h=225&w=225,
302379169,Fred & Flo Fragrance Free Nappy Cream 150Ml,https://www.tesco.com/groceries/en-GB/shop/baby/all?department=Baby%20%26%20Toddler%20Toiletries&viewAll=department&page=,£1.50,£1.00/100ml,,,/groceries/en-GB/products/302379169,https://digitalcontent.api.tesco.com/v2/media/ghs/a3598e5f-924e-44bf-a4f1-acf4c886c30f/7135007e-cbe1-48c5-915e-f0d47b5a2c1c_292009579.jpeg?h=225&w=225,
303335365,Johnson's Baby Shampoo 300Ml,https://www.tesco.com/groceries/en-GB/shop/baby/all?department=Baby%20%26%20Toddler%20Toiletries&viewAll=department&page=,£1.45,£0.48/100ml,,,/groceries/en-GB/products/303335365,https://digitalcontent.api.tesco.com/v2/media/ghs/cf3e428c-2953-4db9-b360-20fe9b3a588c/31f2e916-c4d5-4213-a452-8f8e49307efc_1097267692.jpeg?h=225&w=225,
303335440,Johnson's Baby Lotion 300Ml,https://www.tesco.com/groceries/en-GB/shop/baby/all?department=Baby%20%26%20Toddler%20Toiletries&viewAll=department&page=,£1.45,£0.48/100ml,,,/groceries/en-GB/products/303335440,https://digitalcontent.api.tesco.com/v2/media/ghs/712ad1e8-32c1-4591-b5ea-18594cf47554/6baca769-9b80-460b-a925-fc26dd856958_861679395.jpeg?h=225&w=225,
256004039,Colief Infant Lactase Enzyme Drops 7Ml,https://www.tesco.com/groceries/en-GB/shop/baby/all?department=Baby%20%26%20Toddler%20Toiletries&viewAll=department&page=,£12.00,£171.43/100ml,,,/groceries/en-GB/products/256004039,https://digitalcontent.api.tesco.com/v2/media/ghs/7f40540c-9f85-4fcd-add7-8e91491ecddc/97a700be-4e7a-497e-9693-d4b590949962_183797926.jpeg?h=225&w=225,
265277894,Tommee Tippee Closer To Nature Healthcare & Grooming Kit,https://www.tesco.com/groceries/en-GB/shop/baby/all?department=Baby%20%26%20Toddler%20Toiletries&viewAll=department&page=,£20.00,£20.00/each,,,/groceries/en-GB/products/265277894,https://digitalcontent.api.tesco.com/v2/media/ghs/e9e542f8-33e6-4ebd-8317-fa07949ecf1a/cc113cc6-ba1d-4675-84b8-c38e50f0c273_657665759.jpeg?h=225&w=225,
311952843,Childs Farm Shampoo Bar Organic Coconut 60G,https://www.tesco.com/groceries/en-GB/shop/baby/all?department=Baby%20%26%20Toddler%20Toiletries&viewAll=department&page=,£7.50,£12.50/100g,,,/groceries/en-GB/products/311952843,https://digitalcontent.api.tesco.com/v2/media/ghs/c6fb173e-fea6-407f-866d-0a0a5fed9ab3/08b0b11a-f1d9-4be5-ac06-ee41fb5642f8_1347423333.jpeg?h=225&w=225,
311935645,Childs Farm Body Wash Bar Blueberry & Organic Mango 60G,https://www.tesco.com/groceries/en-GB/shop/baby/all?department=Baby%20%26%20Toddler%20Toiletries&viewAll=department&page=,£7.50,£12.50/100g,,New,/groceries/en-GB/products/311935645,https://digitalcontent.api.tesco.com/v2/media/ghs/db1b636c-a661-40de-9a0c-dbbf33ba7ffb/4d9e8934-7c9f-4e6e-bd37-2dce9bfd197b_874954973.jpeg?h=225&w=225,
312837529,Weleda Baby All Purpose Balm Calendula 25G,https://www.tesco.com/groceries/en-GB/shop/baby/all?department=Baby%20%26%20Toddler%20Toiletries&viewAll=department&page=,£7.95,£31.80/100g,,New,/groceries/en-GB/products/312837529,https://digitalcontent.api.tesco.com/v2/media/ghs/6eb3cf96-0f03-4166-8ddb-b9cf07f94cb7/648d54bf-b8ce-4f11-9569-bde1d8a485ba_1780472124.jpeg?h=225&w=225,
312087863,Childs Farm Hair & Body Wash Bar Organic Sweet Orange 60G,https://www.tesco.com/groceries/en-GB/shop/baby/all?department=Baby%20%26%20Toddler%20Toiletries&viewAll=department&page=,£7.50,£12.50/100g,,,/groceries/en-GB/products/312087863,https://digitalcontent.api.tesco.com/v2/media/ghs/f26f57ae-764b-45d5-b0ce-d1f90fede3c5/1c6426fe-a084-4d8d-9fd1-683d076ebc7e_1651422290.jpeg?h=225&w=225,
293216677,Yardley English Rose Talc 200G,https://www.tesco.com/groceries/en-GB/shop/baby/all?department=Baby%20%26%20Toddler%20Toiletries&viewAll=department&page=,£7.50,£3.75/100g,,,/groceries/en-GB/products/293216677,https://digitalcontent.api.tesco.com/v2/media/ghs/3682f880-7cce-4578-ba12-6f371f0ede23/snapshotimagehandler_49804925.jpeg?h=225&w=225,
293216821,Yardley April Violets Talc 200G,https://www.tesco.com/groceries/en-GB/shop/baby/all?department=Baby%20%26%20Toddler%20Toiletries&viewAll=department&page=,£7.50,£3.75/100g,,,/groceries/en-GB/products/293216821,https://digitalcontent.api.tesco.com/v2/media/ghs/3ce3a1e9-7352-4d05-a8ad-80417b0335ac/730bcbff-d4c6-4926-8d5c-166207494d72_1681001584.jpeg?h=225&w=225,
255405822,Palmers Massage Lotion For Stretch Marks 250Ml,https://www.tesco.com/groceries/en-GB/shop/baby/all?department=Baby%20%26%20Toddler%20Toiletries&viewAll=department&page=,£5.00,£2.00/100ml,,,/groceries/en-GB/products/255405822,https://digitalcontent.api.tesco.com/v2/media/ghs/db27d0c4-4ebf-4098-9f28-0a705d1ba230/753565e2-b311-41c1-ac52-b7b8025d797c_1823688015.jpeg?h=225&w=225,
280069784,Weleda Calendula Nappy Cream 75Ml,https://www.tesco.com/groceries/en-GB/shop/baby/all?department=Baby%20%26%20Toddler%20Toiletries&viewAll=department&page=,£6.95,£9.27/100ml,,New,/groceries/en-GB/products/280069784,https://digitalcontent.api.tesco.com/v2/media/ghs/6c965187-d40b-4ad1-8c77-0bc1f5e3beee/23b8075c-2d5f-4f59-8f38-6b29c64262f4_1546720636.jpeg?h=225&w=225,
308474952,Childs Farm Baby Bedtime Pillow Spray Tangerine 100Ml,https://www.tesco.com/groceries/en-GB/shop/baby/all?department=Baby%20%26%20Toddler%20Toiletries&viewAll=department&page=,£8.00,£8.00/100ml,,,/groceries/en-GB/products/308474952,https://digitalcontent.api.tesco.com/v2/media/ghs/9e816b34-836c-4b83-9216-8d9ceeb7f9ea/06fca211-d371-45cf-a43b-6d74e875c64f_1388894869.jpeg?h=225&w=225,
308469066,Hipp Kids Fluffy & Foamy Lotion 150Ml,https://www.tesco.com/groceries/en-GB/shop/baby/all?department=Baby%20%26%20Toddler%20Toiletries&viewAll=department&page=,£3.50,£2.34/100ml,,,/groceries/en-GB/products/308469066,https://digitalcontent.api.tesco.com/v2/media/ghs/59a452c7-fb26-4492-9fe1-18bc46c03404/9f87bbdb-14af-403e-aea8-6d5987d74310_1390742949.jpeg?h=225&w=225,
302208777,Pcc Brands Baby Jelly Coconut Oil 368G,https://www.tesco.com/groceries/en-GB/shop/baby/all?department=Baby%20%26%20Toddler%20Toiletries&viewAll=department&page=,£2.75,£0.75/100g,,,/groceries/en-GB/products/302208777,https://digitalcontent.api.tesco.com/v2/media/ghs/8f147e7c-ff30-49ec-95ed-e91c331a3008/e5dfc5c4-8214-4c4b-a8f1-8698749ddf10_768246950.jpeg?h=225&w=225,
308482631,Knightley's Adventures Rescue Balm Oat & Chamomile 6G,https://www.tesco.com/groceries/en-GB/shop/baby/all?department=Baby%20%26%20Toddler%20Toiletries&viewAll=department&page=,£3.00,£50.00/100g,Any 2 for £5 Clubcard Price - Selected Knightleys Adventures Toiletries,,/groceries/en-GB/products/308482631,https://digitalcontent.api.tesco.com/v2/media/ghs/e7cf61b2-2744-4571-a068-fb4982aff006/234945c2-e3f0-4f71-9d94-0c2aa54235a0_68269458.jpeg?h=225&w=225,
310144027,Knightley's Adventures Conditioner Tangerine & Lime 300Ml,https://www.tesco.com/groceries/en-GB/shop/baby/all?department=Baby%20%26%20Toddler%20Toiletries&viewAll=department&page=,£3.15,£1.05/100ml,Any 2 for £5 Clubcard Price - Selected Knightleys Adventures Toiletries,,/groceries/en-GB/products/310144027,https://digitalcontent.api.tesco.com/v2/media/ghs/95c39e6c-f8dd-437b-88cb-7989137f6afe/00500981-9f17-493d-bcfc-ab4d04b653f2_267785886.jpeg?h=225&w=225,
272190052,Tommee Tippee Closer To Nature Digital Ear Thermometer,https://www.tesco.com/groceries/en-GB/shop/baby/all?department=Baby%20%26%20Toddler%20Healthcare&viewAll=department&page=,£37.50,£37.50/each,£25.00 Clubcard Price,,/groceries/en-GB/products/272190052,https://digitalcontent.api.tesco.com/v2/media/ghs/a4e3affe-6dd0-4559-9a45-ca5d4ae8165f/82c2b827-6d1d-458f-b060-347ca79d5211_1524051813.jpeg?h=225&w=225,
306952089,Calpol Vapour Plug Refills 10 Pads,https://www.tesco.com/groceries/en-GB/shop/baby/all?department=Baby%20%26%20Toddler%20Healthcare&viewAll=department&page=,£10.50,£1.05/each,£9.45 Clubcard Price,,/groceries/en-GB/products/306952089,https://digitalcontent.api.tesco.com/v2/media/ghs/ef5995cd-4e63-4777-bf84-1bd4668a32c1/7f1631dd-c05b-453b-84e2-59ac9e69fb17_1458352379.jpeg?h=225&w=225,
283582482,Snufflebabe Nasal Aspirator Cased,https://www.tesco.com/groceries/en-GB/shop/baby/all?department=Baby%20%26%20Toddler%20Healthcare&viewAll=department&page=,£8.50,£8.50/each,,,/groceries/en-GB/products/283582482,https://digitalcontent.api.tesco.com/v2/media/ghs/df7ea330-86b7-494b-b773-09d659a851e4/0bd3b5af-7361-41b9-ba25-ef712d8a5c8a_1593931724.jpeg?h=225&w=225,
280878120,Calpol Night Plug In Refills 5 Pads,https://www.tesco.com/groceries/en-GB/shop/baby/all?department=Baby%20%26%20Toddler%20Healthcare&viewAll=department&page=,£7.00,£1.40/each,,,/groceries/en-GB/products/280878120,https://digitalcontent.api.tesco.com/v2/media/ghs/de6efa0a-a018-4fb0-906f-20d1b4af5723/a658590f-7e9f-4e62-819b-dbe70e534692_1661723349.jpeg?h=225&w=225,
262190466,Bepanthen Nappy Rash Cream Ointment 100G,https://www.tesco.com/groceries/en-GB/shop/baby/all?department=Baby%20%26%20Toddler%20Healthcare&viewAll=department&page=,£7.50,£7.50/100g,,,/groceries/en-GB/products/262190466,https://digitalcontent.api.tesco.com/v2/media/ghs/a61d2cd6-885a-47a0-b201-06df3fa5c948/e97d1f0a-caeb-4ea4-b434-c33701e7666e_1073583677.jpeg?h=225&w=225,
302310200,Bronchostop Junior Cough Syrup 120Ml,https://www.tesco.com/groceries/en-GB/shop/baby/all?department=Baby%20%26%20Toddler%20Healthcare&viewAll=department&page=,£6.75,£5.63/100ml,,,/groceries/en-GB/products/302310200,https://digitalcontent.api.tesco.com/v2/media/ghs/6789dcfa-85c8-4cb7-9fe3-2cd1902b0859/3825b653-4880-4073-bff0-631faee23d5f_368220205.jpeg?h=225&w=225,
265749739,Wellkid Baby And Infant 150Ml,https://www.tesco.com/groceries/en-GB/shop/baby/all?department=Baby%20%26%20Toddler%20Healthcare&viewAll=department&page=,£5.00,£3.34/100ml,Any 3 for 2 Clubcard Price - Cheapest Product Free - Selected Vitamins Or Supplements,,/groceries/en-GB/products/265749739,https://digitalcontent.api.tesco.com/v2/media/ghs/6508a8eb-3a08-4dd4-93cd-7abb04164912/600f0aa6-f460-4826-b53e-8abb2e162ad8_2067751267.jpeg?h=225&w=225,
302273669,Olbas Oil For Children 12Ml,https://www.tesco.com/groceries/en-GB/shop/baby/all?department=Baby%20%26%20Toddler%20Healthcare&viewAll=department&page=,£4.50,£37.50/100ml,,,/groceries/en-GB/products/302273669,https://digitalcontent.api.tesco.com/v2/media/ghs/bf92fff6-80af-443d-b041-01e38c4e846b/1f498d82-24a1-4081-9690-dbb903a8b73c_182431718.jpeg?h=225&w=225,
291115644,Ashton & Parsons Teething Powders 20 Sachets,https://www.tesco.com/groceries/en-GB/shop/baby/all?department=Baby%20%26%20Toddler%20Healthcare&viewAll=department&page=,£5.00,£0.25/each,,,/groceries/en-GB/products/291115644,https://digitalcontent.api.tesco.com/v2/media/ghs/299c1795-1bc9-4b23-a1b0-f857d6637fb4/098d1df0-d642-43bd-aeff-050745f58fc8_1678415020.jpeg?h=225&w=225,
301340049,Calprofen 20Mg/Ml 100Gb,https://www.tesco.com/groceries/en-GB/shop/baby/all?department=Baby%20%26%20Toddler%20Healthcare&viewAll=department&page=,£4.25,£4.25/100ml,£3.80 Clubcard Price,,/groceries/en-GB/products/301340049,https://digitalcontent.api.tesco.com/v2/media/ghs/2a9c1f29-2fc8-4385-9277-3ef9dd41e006/3302110b-18b1-438c-bbae-974d9e557ec3_112598594.jpeg?h=225&w=225,
254036874,Nelsons Homeopathy Teetha 24 Sachet,https://www.tesco.com/groceries/en-GB/shop/baby/all?department=Baby%20%26%20Toddler%20Healthcare&viewAll=department&page=,£4.60,£0.19/each,,,/groceries/en-GB/products/254036874,https://digitalcontent.api.tesco.com/v2/media/ghs/b5360fc7-c216-40f3-8304-6de745ef7d2f/06baabbf-8b64-4142-831f-09f6ff7759b5_625056166.jpeg?h=225&w=225,
252798888,Abidec Multivitamins Drops 25Ml,https://www.tesco.com/groceries/en-GB/shop/baby/all?department=Baby%20%26%20Toddler%20Healthcare&viewAll=department&page=,£5.75,£23.00/100ml,Any 3 for 2 Clubcard Price - Cheapest Product Free - Selected Vitamins Or Supplements,,/groceries/en-GB/products/252798888,https://digitalcontent.api.tesco.com/v2/media/ghs/342c4b70-bb3e-4663-8164-b1c5057afd69/9ee4a330-184a-4a0c-a095-31e9c29cd9a5_1267336965.jpeg?h=225&w=225,
301892957,Infacol Pain Relief 55Ml,https://www.tesco.com/groceries/en-GB/shop/baby/all?department=Baby%20%26%20Toddler%20Healthcare&viewAll=department&page=,£5.50,£10.00/100ml,£4.40 Clubcard Price,,/groceries/en-GB/products/301892957,https://digitalcontent.api.tesco.com/v2/media/ghs/57863b85-132e-4038-a579-c456af3c242f/9afa988d-f221-4460-8b4a-0ad0226deecf_503040276.jpeg?h=225&w=225,
308090697,Snufflebabe Vapour Rub 35G,https://www.tesco.com/groceries/en-GB/shop/baby/all?department=Baby%20%26%20Toddler%20Healthcare&viewAll=department&page=,£4.00,£11.43/100g,,,/groceries/en-GB/products/308090697,https://digitalcontent.api.tesco.com/v2/media/ghs/c050e709-8a15-4caa-9c22-b60561498d55/9864a06e-992b-43f7-9858-1afc35d2f195_659994162.jpeg?h=225&w=225,
288502075,Wellbaby Vitamin D Drops 30Ml,https://www.tesco.com/groceries/en-GB/shop/baby/all?department=Baby%20%26%20Toddler%20Healthcare&viewAll=department&page=,£5.00,£16.67/100ml,Any 3 for 2 Clubcard Price - Cheapest Product Free - Selected Vitamins Or Supplements,,/groceries/en-GB/products/288502075,https://digitalcontent.api.tesco.com/v2/media/ghs/25fed466-b338-4fc3-b15a-9b368b16c2b4/a4c52705-04c1-4445-bb5a-c4bdb802ae5d_10286448.jpeg?h=225&w=225,
284742522,Benylin Kids Dry Cough & Sore Throat 125Ml,https://www.tesco.com/groceries/en-GB/shop/baby/all?department=Baby%20%26%20Toddler%20Healthcare&viewAll=department&page=,£4.20,£3.36/100ml,£3.75 Clubcard Price,,/groceries/en-GB/products/284742522,https://digitalcontent.api.tesco.com/v2/media/ghs/b0d39b59-5968-4b4f-a803-6d788906c666/e823feef-df3c-4c43-829a-3adfaddfcbe6_1719621235.jpeg?h=225&w=225,
297519468,Vicks Babyrub 50G,https://www.tesco.com/groceries/en-GB/shop/baby/all?department=Baby%20%26%20Toddler%20Healthcare&viewAll=department&page=,£4.00,£8.00/100g,,,/groceries/en-GB/products/297519468,https://digitalcontent.api.tesco.com/v2/media/ghs/08422008-899c-4042-82ef-92c03fe95f70/d47b49d2-3909-4d0d-bf35-1c9dd682dd55_859740970.jpeg?h=225&w=225,
267397420,Calcough Childrens Syrup Blackcurrant 125Ml,https://www.tesco.com/groceries/en-GB/shop/baby/all?department=Baby%20%26%20Toddler%20Healthcare&viewAll=department&page=,£4.00,£3.20/100ml,£3.60 Clubcard Price,,/groceries/en-GB/products/267397420,https://digitalcontent.api.tesco.com/v2/media/ghs/09cf6ed9-bdb9-441a-bd01-61a1e63d88e0/183f0335-dfde-4dca-8364-5cba6070aa00_213879056.jpeg?h=225&w=225,
256725735,Calpol Infant Sugar Free 100Ml,https://www.tesco.com/groceries/en-GB/shop/baby/all?department=Baby%20%26%20Toddler%20Healthcare&viewAll=department&page=,£3.30,£3.30/100ml,,,/groceries/en-GB/products/256725735,https://digitalcontent.api.tesco.com/v2/media/ghs/8727da78-1130-4e90-b26d-7019251f434d/dcce8121-0790-48e0-8163-e9f7490e0792_530587795.jpeg?h=225&w=225,
276583301,Sudocrem Antiseptic Healing Cream 175G,https://www.tesco.com/groceries/en-GB/shop/baby/all?department=Baby%20%26%20Toddler%20Healthcare&viewAll=department&page=,£4.00,£2.29/100g,,,/groceries/en-GB/products/276583301,https://digitalcontent.api.tesco.com/v2/media/ghs/ce6136a8-6c79-4acf-b6c0-793e13d7df7b/61cd6a56-4d38-4e6c-87a3-d304381d9ce7_1816990712.jpeg?h=225&w=225,
268406939,Calpol Infant Colour Free & Sugar Free 100Ml,https://www.tesco.com/groceries/en-GB/shop/baby/all?department=Baby%20%26%20Toddler%20Healthcare&viewAll=department&page=,£3.30,£3.30/100ml,,,/groceries/en-GB/products/268406939,https://digitalcontent.api.tesco.com/v2/media/ghs/8a68142a-1177-46a2-b477-0f3ed734c897/0f100d52-3692-40a6-a410-8e1aa3264cab_1412794491.jpeg?h=225&w=225,
254220068,Metanium Nappy Rash Ointment 30G,https://www.tesco.com/groceries/en-GB/shop/baby/all?department=Baby%20%26%20Toddler%20Healthcare&viewAll=department&page=,£3.20,£10.67/100g,,,/groceries/en-GB/products/254220068,https://digitalcontent.api.tesco.com/v2/media/ghs/a648677e-0c3e-4737-bf1f-283e89c98016/a669ad57-9664-4b53-afcc-6cb97617027d_387410526.jpeg?h=225&w=225,
274438472,Calpol Infant Sugar Free 100Ml,https://www.tesco.com/groceries/en-GB/shop/baby/all?department=Baby%20%26%20Toddler%20Healthcare&viewAll=department&page=,£3.30,£3.30/100ml,,,/groceries/en-GB/products/274438472,https://digitalcontent.api.tesco.com/v2/media/ghs/58b6cd50-0dc6-48ce-9a0f-bf838bf08388/snapshotimagehandler_1974443872.jpeg?h=225&w=225,
255221561,Sudocrem Antiseptic Healing Cream 400G,https://www.tesco.com/groceries/en-GB/shop/baby/all?department=Baby%20%26%20Toddler%20Healthcare&viewAll=department&page=,£5.75,£1.44/100g,,,/groceries/en-GB/products/255221561,https://digitalcontent.api.tesco.com/v2/media/ghs/8056ddd7-9670-4a06-8916-28d48a4e46f3/d5f0eef7-6705-410a-8b39-894ac9355dc0_1326330518.jpeg?h=225&w=225,
255091402,Bepanthen Nappy Rash Cream Ointment 30G,https://www.tesco.com/groceries/en-GB/shop/baby/all?department=Baby%20%26%20Toddler%20Healthcare&viewAll=department&page=,£3.25,£10.84/100g,,,/groceries/en-GB/products/255091402,https://digitalcontent.api.tesco.com/v2/media/ghs/1cf0733c-cd9f-4d72-be16-bf6ffd704a4c/7b6d5cd7-d346-4f18-8b94-863649a19913_761557875.jpeg?h=225&w=225,
261038389,Calpol Infant 100Ml,https://www.tesco.com/groceries/en-GB/shop/baby/all?department=Baby%20%26%20Toddler%20Healthcare&viewAll=department&page=,£3.30,£3.30/100ml,,,/groceries/en-GB/products/261038389,https://digitalcontent.api.tesco.com/v2/media/ghs/053206a3-9f8b-408e-bbe4-596c8c33dbaa/5a28c5a6-635c-4049-9fb0-ca048f703233_2136485407.jpeg?h=225&w=225,
260592136,Tesco Childrens Dry Cough Syrup 200Ml,https://www.tesco.com/groceries/en-GB/shop/baby/all?department=Baby%20%26%20Toddler%20Healthcare&viewAll=department&page=,£1.90,£0.95/100ml,,,/groceries/en-GB/products/260592136,https://digitalcontent.api.tesco.com/v2/media/ghs/2dd05100-2208-424f-a845-a8c1a8bb941e/fb5e324c-b9c7-43b4-808a-f63dc780d06c_2000269345.jpeg?h=225&w=225,
255299065,Woodwards Gripe Water 150Ml Bottle,https://www.tesco.com/groceries/en-GB/shop/baby/all?department=Baby%20%26%20Toddler%20Healthcare&viewAll=department&page=,£4.00,£2.67/100ml,,,/groceries/en-GB/products/255299065,https://digitalcontent.api.tesco.com/v2/media/ghs/54e122a6-16d1-489a-976d-d2616320dc1d/1f8ef8b9-27c9-4d47-b503-d0891ee1927b_1332775739.jpeg?h=225&w=225,
251778568,Dentinox Infant Colic Drops 100Ml,https://www.tesco.com/groceries/en-GB/shop/baby/all?department=Baby%20%26%20Toddler%20Healthcare&viewAll=department&page=,£2.40,£2.40/100ml,,,/groceries/en-GB/products/251778568,https://digitalcontent.api.tesco.com/v2/media/ghs/26656948-e191-4acc-b950-5b612d8cf69d/d08d062f-51dd-4d2a-9b7f-904945cec4cf_1429126636.jpeg?h=225&w=225,
261750334,Nurofen For Children Strawberry 100Ml,https://www.tesco.com/groceries/en-GB/shop/baby/all?department=Baby%20%26%20Toddler%20Healthcare&viewAll=department&page=,£2.99,£2.99/100ml,,,/groceries/en-GB/products/261750334,https://digitalcontent.api.tesco.com/v2/media/ghs/915b38c4-f02a-4908-99e0-251b1af09d36/b7184056-55f7-4c8b-92e8-465cfb117b58_1878689430.jpeg?h=225&w=225,
272455673,Vaseline Original Petroleum Jelly 100Ml,https://www.tesco.com/groceries/en-GB/shop/baby/all?department=Baby%20%26%20Toddler%20Healthcare&viewAll=department&page=,£2.00,£2.00/100ml,,,/groceries/en-GB/products/272455673,https://digitalcontent.api.tesco.com/v2/media/ghs/23397430-1012-46d2-838c-54f85d36701d/be47939a-5693-4ab7-b30b-aafd9e9f3c3a_1426716094.jpeg?h=225&w=225,
265335706,Calpol Saline Nasal Spray 15Ml,https://www.tesco.com/groceries/en-GB/shop/baby/all?department=Baby%20%26%20Toddler%20Healthcare&viewAll=department&page=,£3.50,£23.34/100ml,£3.15 Clubcard Price,,/groceries/en-GB/products/265335706,https://digitalcontent.api.tesco.com/v2/media/ghs/a6c1b6ec-ac14-49b2-8d6c-8d1143b45927/550d70a2-e679-49bc-b962-37a4cc72a4a0_1631219871.jpeg?h=225&w=225,
260255526,Tesco Antiseptic Wipes 10S,https://www.tesco.com/groceries/en-GB/shop/baby/all?department=Baby%20%26%20Toddler%20Healthcare&viewAll=department&page=,£1.00,£10.00/100sht,,,/groceries/en-GB/products/260255526,https://digitalcontent.api.tesco.com/v2/media/ghs/2abaa5df-d5b6-479f-9bad-ca61b0037f03/4fdba4de-0012-4f75-8d10-138f16cdb996_1607611.jpeg?h=225&w=225,
272206744,Sudocrem Antiseptic Healing Cream 60G,https://www.tesco.com/groceries/en-GB/shop/baby/all?department=Baby%20%26%20Toddler%20Healthcare&viewAll=department&page=,£2.10,£3.50/100g,,,/groceries/en-GB/products/272206744,https://digitalcontent.api.tesco.com/v2/media/ghs/a4888e8d-5b12-4715-854d-a4c72d74bd88/25ed70c6-5a9a-419e-b8bc-e15152d13bc1_1204220246.jpeg?h=225&w=225,
310137399,Aptamil Advanced 1 From Birth First Infant Milk 800G,https://www.tesco.com/groceries/en-GB/shop/baby/all?department=Baby%20%26%20Toddler%20Milk&viewAll=department&page=,£17.50,£21.88/kg,,,/groceries/en-GB/products/310137399,https://digitalcontent.api.tesco.com/v2/media/ghs/158c0f6a-a0b4-4b5c-b27d-ae9f186f8f19/8480f1b8-9454-4481-bf38-df11f8753676_2049331263.jpeg?h=225&w=225,
301360003,Aptamil Comfort Milk Powder 800G,https://www.tesco.com/groceries/en-GB/shop/baby/all?department=Baby%20%26%20Toddler%20Milk&viewAll=department&page=,£16.00,£20.00/kg,,,/groceries/en-GB/products/301360003,https://digitalcontent.api.tesco.com/v2/media/ghs/38543df7-efe3-4fbf-ab42-78d06667e549/83e6e859-7fbe-4369-9b87-796274788ef3_909322835.jpeg?h=225&w=225,
266240596,Hipp Organic Infant Milk 800G,https://www.tesco.com/groceries/en-GB/shop/baby/all?department=Baby%20%26%20Toddler%20Milk&viewAll=department&page=,£12.00,£15.00/kg,,,/groceries/en-GB/products/266240596,https://digitalcontent.api.tesco.com/v2/media/ghs/aed711c5-3ca4-4e5a-91b7-2d892196f3a3/83cc2b83-34bd-4ab2-ac7f-3d8328887c81_2141555052.jpeg?h=225&w=225,
301359949,Aptamil 3 Toddler Formula Milk Powder 1+Yrs 800G,https://www.tesco.com/groceries/en-GB/shop/baby/all?department=Baby%20%26%20Toddler%20Milk&viewAll=department&page=,£13.50,£16.88/kg,Any 2 for £24 Clubcard Price - Selected Aptamil Milk Powder 800g,,/groceries/en-GB/products/301359949,https://digitalcontent.api.tesco.com/v2/media/ghs/f5757b0e-7ab6-4109-a566-aca7e85077be/e8d67b24-1623-4d62-9ac8-186d908b4206_1925866329.jpeg?h=225&w=225,
310098352,Aptamil Advanced 3 Toddler Milk 1 - 3 Years 800G,https://www.tesco.com/groceries/en-GB/shop/baby/all?department=Baby%20%26%20Toddler%20Milk&viewAll=department&page=,£17.50,£21.88/kg,,,/groceries/en-GB/products/310098352,https://digitalcontent.api.tesco.com/v2/media/ghs/2e1b25e2-8b98-4f08-bc0d-a5e9614d4e5d/b22b3e4d-2f6f-4c46-9f33-1b09b7d4fa47_93798784.jpeg?h=225&w=225,
310660090,Aptamil Advanced 2 Follow On Milk 6-12 Months 800G,https://www.tesco.com/groceries/en-GB/shop/baby/all?department=Baby%20%26%20Toddler%20Milk&viewAll=department&page=,£17.50,£21.88/kg,,,/groceries/en-GB/products/310660090,https://digitalcontent.api.tesco.com/v2/media/ghs/215e2371-71a6-4ac9-999a-2c056b9acd67/948e2110-33dc-4f90-aaef-472400b8448e_624150022.jpeg?h=225&w=225,
301359904,Aptamil 1 First Infant Milk From Birth 800G,https://www.tesco.com/groceries/en-GB/shop/baby/all?department=Baby%20%26%20Toddler%20Milk&viewAll=department&page=,£13.50,£16.88/kg,,,/groceries/en-GB/products/301359904,https://digitalcontent.api.tesco.com/v2/media/ghs/c932b1ef-1fa5-4210-8221-ea0a0b8fa2fa/a1a19ad0-dd17-49bb-9c90-6c1408119503_300327951.jpeg?h=225&w=225,
301359927,Aptamil 2 Follow On Milk Powder 800G,https://www.tesco.com/groceries/en-GB/shop/baby/all?department=Baby%20%26%20Toddler%20Milk&viewAll=department&page=,£13.50,£16.88/kg,,,/groceries/en-GB/products/301359927,https://digitalcontent.api.tesco.com/v2/media/ghs/238e3d81-f5fd-49ea-95c1-efc921da39b4/9f55ae35-e092-4e2f-bbbc-af36e791d1af_1438253720.jpeg?h=225&w=225,
266239437,Hipp Organic Follow-On Milk 800G,https://www.tesco.com/groceries/en-GB/shop/baby/all?department=Baby%20%26%20Toddler%20Milk&viewAll=department&page=,£12.00,£15.00/kg,,,/groceries/en-GB/products/266239437,https://digitalcontent.api.tesco.com/v2/media/ghs/508ff87d-a9a4-4df2-8a97-9cb20778d464/d60bf7a2-1439-4de7-a1a3-0f309b9bfeae_1461815181.jpeg?h=225&w=225,
305782747,Sma Pro Follow-On Milk 6Mth+ 800G,https://www.tesco.com/groceries/en-GB/shop/baby/all?department=Baby%20%26%20Toddler%20Milk&viewAll=department&page=,£12.20,£15.25/kg,Any 2 for £20.50 Clubcard Price - Selected Sma Pro Milk 800g,,/groceries/en-GB/products/305782747,https://digitalcontent.api.tesco.com/v2/media/ghs/3dc05ce9-9213-43a5-a5ce-78c8123d5cd1/0c176291-30b6-4466-8f83-7cf62a3ef9b8_1637690245.jpeg?h=225&w=225,
305782851,Sma Pro Gum Milk Powder Can 800G,https://www.tesco.com/groceries/en-GB/shop/baby/all?department=Baby%20%26%20Toddler%20Milk&viewAll=department&page=,£11.30,£14.13/kg,Any 2 for £20.50 Clubcard Price - Selected Sma Pro Milk 800g,,/groceries/en-GB/products/305782851,https://digitalcontent.api.tesco.com/v2/media/ghs/6716041c-2866-4092-8824-7b4b855fb564/7d6cccc7-5a79-4379-8f35-fc7be0b2f665_1386990876.jpeg?h=225&w=225,
305733576,Cow & Gate Follow On Milk 6-12 Months 1.2Kg,https://www.tesco.com/groceries/en-GB/shop/baby/all?department=Baby%20%26%20Toddler%20Milk&viewAll=department&page=,£12.00,£10.00/kg,,New,/groceries/en-GB/products/305733576,https://digitalcontent.api.tesco.com/v2/media/ghs/53e22444-f139-4240-ab23-ac5c30b01576/adfce7c2-343c-41a0-a45f-0ca50b68fa77_814574792.jpeg?h=225&w=225,
268739735,Aptamil 4 Toddler Milk Formula 2+ Years 800G,https://www.tesco.com/groceries/en-GB/shop/baby/all?department=Baby%20%26%20Toddler%20Milk&viewAll=department&page=,£13.50,£0.02/kg,Any 2 for £24 Clubcard Price - Selected Aptamil Milk Powder 800g,,/groceries/en-GB/products/268739735,https://digitalcontent.api.tesco.com/v2/media/ghs/1df31e95-d6d8-49da-9563-1baa616951d7/10ce2716-7bba-4e90-9e7d-a35b5d46eddb_1833532006.jpeg?h=225&w=225,
301359829,Cow & Gate 3 Toddler Formula Milk Powder 1+ 800G,https://www.tesco.com/groceries/en-GB/shop/baby/all?department=Baby%20%26%20Toddler%20Milk&viewAll=department&page=,£9.75,£12.19/kg,Any 2 for £17.50 Clubcard Price - Selected Cow & Gate Milk Powder 800g,,/groceries/en-GB/products/301359829,https://digitalcontent.api.tesco.com/v2/media/ghs/2904e2e8-0290-4ce5-8fa8-b2f496808230/7cf9687a-228e-4c4d-af48-0caafc925ada_1114175573.jpeg?h=225&w=225,
309191576,Kendamil Follow On Milk Stage 2 900G,https://www.tesco.com/groceries/en-GB/shop/baby/all?department=Baby%20%26%20Toddler%20Milk&viewAll=department&page=,£11.00,£12.23/kg,,,/groceries/en-GB/products/309191576,https://digitalcontent.api.tesco.com/v2/media/ghs/fa26a4ff-3286-412d-9283-a1ce35e7d94f/f9789fdb-9312-414e-9ea5-cfedbf07a69a_1666797014.jpeg?h=225&w=225,
309204373,Kendamil First Infant Milk Stage 1 900G,https://www.tesco.com/groceries/en-GB/shop/baby/all?department=Baby%20%26%20Toddler%20Milk&viewAll=department&page=,£11.00,£12.23/kg,,,/groceries/en-GB/products/309204373,https://digitalcontent.api.tesco.com/v2/media/ghs/e4c536d3-51e5-4215-acd8-ec0c859b44b4/a00e0633-3240-4aaa-9115-4e9d95acdb60_559389058.jpeg?h=225&w=225,
301359985,Aptamil Anti Reflux Milk Powder 800G,https://www.tesco.com/groceries/en-GB/shop/baby/all?department=Baby%20%26%20Toddler%20Milk&viewAll=department&page=,£16.00,£20.00/kg,,,/groceries/en-GB/products/301359985,https://digitalcontent.api.tesco.com/v2/media/ghs/a6715e2d-e8ba-45d3-ae9f-00d99b8d8e2d/1a5db3c9-4c57-4803-9e1b-1137d78f651d_2100938881.jpeg?h=225&w=225,
310687749,Aptamil 2 Ready To Drink 6-12 Months Follow On Milk 6 X 200 Ml,https://www.tesco.com/groceries/en-GB/shop/baby/all?department=Baby%20%26%20Toddler%20Milk&viewAll=department&page=,£6.00,£5.00/litre,,,/groceries/en-GB/products/310687749,https://digitalcontent.api.tesco.com/v2/media/ghs/086ab74b-80fd-4c6f-a725-e92e13abe369/ce77afc4-eba3-424c-abd9-c2bf273ef9c9_777203625.jpeg?h=225&w=225,
301359806,Cow & Gate 2 Follow On Milk Powder 800G,https://www.tesco.com/groceries/en-GB/shop/baby/all?department=Baby%20%26%20Toddler%20Milk&viewAll=department&page=,£10.00,£12.50/kg,,,/groceries/en-GB/products/301359806,https://digitalcontent.api.tesco.com/v2/media/ghs/dd98f190-8a21-4827-ad21-541efc95b795/fb4d6559-2b7d-4677-8b1c-2220802128f2_720748837.jpeg?h=225&w=225,
268739729,Cow & Gate 4 Toddler Formula Milk Powder 2+ Years 800G,https://www.tesco.com/groceries/en-GB/shop/baby/all?department=Baby%20%26%20Toddler%20Milk&viewAll=department&page=,£9.75,£12.19/kg,Any 2 for £17.50 Clubcard Price - Selected Cow & Gate Milk Powder 800g,,/groceries/en-GB/products/268739729,https://digitalcontent.api.tesco.com/v2/media/ghs/fb2fc69f-c81a-4ece-a828-9da980096f54/01df1ecd-8053-4b11-83b8-eee1814beff0_940922946.jpeg?h=225&w=225,
303631694,Sma Lactose Free Formula From Birth 400G,https://www.tesco.com/groceries/en-GB/shop/baby/all?department=Baby%20%26%20Toddler%20Milk&viewAll=department&page=,£7.75,£19.38/kg,,,/groceries/en-GB/products/303631694,https://digitalcontent.api.tesco.com/v2/media/ghs/02299015-00ef-4f7d-9b65-26b75512a2bc/9d2c87a3-b19f-4dc8-a348-5dc17e3e4e4e_1425430257.jpeg?h=225&w=225,
273750673,Aptamil 1 First Milk 1 Litre Ready To Feed Liquid,https://www.tesco.com/groceries/en-GB/shop/baby/all?department=Baby%20%26%20Toddler%20Milk&viewAll=department&page=,£4.65,£4.65/litre,,,/groceries/en-GB/products/273750673,https://digitalcontent.api.tesco.com/v2/media/ghs/d0a47564-3afe-4eed-8b22-e7143050544b/7ca158d2-449e-4654-a162-cc3c3605566d_91259044.jpeg?h=225&w=225,
305781649,Sma Pro First Infant Milk From Birth 800G,https://www.tesco.com/groceries/en-GB/shop/baby/all?department=Baby%20%26%20Toddler%20Milk&viewAll=department&page=,£12.20,£15.25/kg,,,/groceries/en-GB/products/305781649,https://digitalcontent.api.tesco.com/v2/media/ghs/25295a16-10e6-4856-bcfc-d5790fb4311f/14ed0543-4360-4e6d-870b-5c5d15cd0cdd_1300918158.jpeg?h=225&w=225,
310689281,Kendamil Organic Stage 1 First Infant Milk 800G,https://www.tesco.com/groceries/en-GB/shop/baby/all?department=Baby%20%26%20Toddler%20Milk&viewAll=department&page=,£15.00,£18.75/kg,,,/groceries/en-GB/products/310689281,https://digitalcontent.api.tesco.com/v2/media/ghs/2a500b2f-5d83-4179-986f-bba25a242ac7/8c93b18c-27a2-4552-a8f6-bee92fee3cc6_2084109756.jpeg?h=225&w=225,
310104565,Cow & Gate From Birth First Infant Milk Ready To Drink 6 X 200 Ml,https://www.tesco.com/groceries/en-GB/shop/baby/all?department=Baby%20%26%20Toddler%20Milk&viewAll=department&page=,£5.10,£4.25/litre,,,/groceries/en-GB/products/310104565,https://digitalcontent.api.tesco.com/v2/media/ghs/60a96e60-d335-4aa4-8cfc-b78b525451ab/4e7890d9-a7fa-4d49-a39c-2432c7511684_595875086.jpeg?h=225&w=225,
301359887,Cow & Gate Comfort Milk Powder 800G,https://www.tesco.com/groceries/en-GB/shop/baby/all?department=Baby%20%26%20Toddler%20Milk&viewAll=department&page=,£13.00,£16.25/kg,,,/groceries/en-GB/products/301359887,https://digitalcontent.api.tesco.com/v2/media/ghs/dad201c7-1472-407a-8edb-24fea1a18a0b/607e168c-e57b-4a97-826c-a2fea2b76bd1_2137983647.jpeg?h=225&w=225,
310698241,Aptamil First Ready To Feed Baby Milk 6 X 200 Ml,https://www.tesco.com/groceries/en-GB/shop/baby/all?department=Baby%20%26%20Toddler%20Milk&viewAll=department&page=,£6.00,£5.00/litre,,,/groceries/en-GB/products/310698241,https://digitalcontent.api.tesco.com/v2/media/ghs/49300f62-4f11-47cb-8462-47803f353ce3/26b2228b-7653-47ec-a9a7-e60b68ab6fd2_1329637783.jpeg?h=225&w=225,
281184812,Aptamil 3 Ready To Drink Toddler Milk 1-3 Years 200Ml,https://www.tesco.com/groceries/en-GB/shop/baby/all?department=Baby%20%26%20Toddler%20Milk&viewAll=department&page=,£0.95,£4.75/litre,,,/groceries/en-GB/products/281184812,https://digitalcontent.api.tesco.com/v2/media/ghs/bf100f8d-ee4a-4bc9-9916-e56c47d5259a/736ec1a0-4fb4-4b78-9210-04361924fa4c_2041115961.jpeg?h=225&w=225,
303215156,Sma Little Steps First Milk 1 From Birth 800G,https://www.tesco.com/groceries/en-GB/shop/baby/all?department=Baby%20%26%20Toddler%20Milk&viewAll=department&page=,£9.00,£11.25/kg,,,/groceries/en-GB/products/303215156,https://digitalcontent.api.tesco.com/v2/media/ghs/aed2ec00-8ace-4946-934a-8fe4c6d182ef/9e6a4720-9bad-4f63-bcfa-92572659ac86_106871030.jpeg?h=225&w=225,
301359789,Cow & Gate 1 First Milk Powder 800G,https://www.tesco.com/groceries/en-GB/shop/baby/all?department=Baby%20%26%20Toddler%20Milk&viewAll=department&page=,£10.00,£12.50/kg,,,/groceries/en-GB/products/301359789,https://digitalcontent.api.tesco.com/v2/media/ghs/9a519945-e889-472e-98a5-762970614f06/8bd39fe3-fd37-4451-a192-1c3448721859_971331765.jpeg?h=225&w=225,
281197852,Cow & Gate 3 Growing Up Milk 1-3 Years 200Ml,https://www.tesco.com/groceries/en-GB/shop/baby/all?department=Baby%20%26%20Toddler%20Milk&viewAll=department&page=,£0.80,£4.00/litre,,,/groceries/en-GB/products/281197852,https://digitalcontent.api.tesco.com/v2/media/ghs/e31a1957-aab6-41b9-b323-54aba5bac529/e7be378d-bfd1-4d56-b7bb-e6317d412397_806362636.jpeg?h=225&w=225,
310120574,Kendamil 1 First Infant Milk Ready To Feed Starter Pack 6 X 70Ml,https://www.tesco.com/groceries/en-GB/shop/baby/all?department=Baby%20%26%20Toddler%20Milk&viewAll=department&page=,£8.65,£20.60/litre,,,/groceries/en-GB/products/310120574,https://digitalcontent.api.tesco.com/v2/media/ghs/8eef498b-97f2-429e-85fc-de05e1cfa30d/aa843ec1-96e0-4087-9b2f-7b4899f6ccd5_1785648518.jpeg?h=225&w=225,
278975670,Aptamil 2 Follow On Milk 200Ml Ready To Feed Liquid,https://www.tesco.com/groceries/en-GB/shop/baby/all?department=Baby%20%26%20Toddler%20Milk&viewAll=department&page=,£1.05,£5.25/litre,,,/groceries/en-GB/products/278975670,https://digitalcontent.api.tesco.com/v2/media/ghs/a490c8da-7e82-4266-b78e-7e0677f7c321/9b061e46-81d4-46f4-b227-ced0a201e40a_2051875451.jpeg?h=225&w=225,
305781702,Sma Pro First Infant Milk Birth 200Ml,https://www.tesco.com/groceries/en-GB/shop/baby/all?department=Baby%20%26%20Toddler%20Milk&viewAll=department&page=,£0.95,£4.75/litre,,,/groceries/en-GB/products/305781702,https://digitalcontent.api.tesco.com/v2/media/ghs/4155d11d-e752-4c4c-b567-13d02937f19c/76cc8c71-ebf5-4f43-ace8-aabaff7c8277_1443202270.jpeg?h=225&w=225,
301359841,Cow & Gate Hungry Milk Powder 800G,https://www.tesco.com/groceries/en-GB/shop/baby/all?department=Baby%20%26%20Toddler%20Milk&viewAll=department&page=,£10.00,£12.50/kg,,,/groceries/en-GB/products/301359841,https://digitalcontent.api.tesco.com/v2/media/ghs/fbe3804c-feb1-4547-9daa-1da2ede3ccea/5eb9cc47-04fd-493c-9c8c-0c507a06210c_994654069.jpeg?h=225&w=225,
312098412,Sma Little Steps Plantygrowing Up Drink 1-3Y 200Ml,https://www.tesco.com/groceries/en-GB/shop/baby/all?department=Baby%20%26%20Toddler%20Milk&viewAll=department&page=,£0.75,£3.75/litre,,,/groceries/en-GB/products/312098412,https://digitalcontent.api.tesco.com/v2/media/ghs/1f7c1492-bdcb-412e-9174-7a9cd90a1475/5ee60fea-4973-477d-b1fa-996463797479_1509080384.jpeg?h=225&w=225,
307346864,Sma Pro 3 Growing Up Milk 200Ml,https://www.tesco.com/groceries/en-GB/shop/baby/all?department=Baby%20%26%20Toddler%20Milk&viewAll=department&page=,£0.85,£4.25/litre,Any 6 for £4.80 Clubcard Price - Selected Sma Pro Milk Products 200ml,,/groceries/en-GB/products/307346864,https://digitalcontent.api.tesco.com/v2/media/ghs/363771cc-c424-4658-8b9e-8b794495f65f/fcba6fba-407d-4dd2-8276-65e3f0e1b630_670387235.jpeg?h=225&w=225,
310679696,Kendamil 1 First Infant Milk Ready To Feed From Birth 200Ml,https://www.tesco.com/groceries/en-GB/shop/baby/all?department=Baby%20%26%20Toddler%20Milk&viewAll=department&page=,£1.20,£6.00/litre,,,/groceries/en-GB/products/310679696,https://digitalcontent.api.tesco.com/v2/media/ghs/fed0336c-c14d-4e38-9a32-3aad03cd064c/df7714bb-06f2-4e1c-9561-f873fb1b271a_1817250067.jpeg?h=225&w=225,
305048500,Sma Little Steps Follow On Milk 6 Months+ 200Ml,https://www.tesco.com/groceries/en-GB/shop/baby/all?department=Baby%20%26%20Toddler%20Milk&viewAll=department&page=,£0.75,£3.75/litre,,,/groceries/en-GB/products/305048500,https://digitalcontent.api.tesco.com/v2/media/ghs/12921936-2806-4a4c-8793-80d5df41041e/b8bc78c7-1e22-4d68-a0d0-e6438e1946ba_1558369596.jpeg?h=225&w=225,
281185051,Cow & Gate First Milk 200Ml,https://www.tesco.com/groceries/en-GB/shop/baby/all?department=Baby%20%26%20Toddler%20Milk&viewAll=department&page=,£0.90,£4.50/litre,,,/groceries/en-GB/products/281185051,https://digitalcontent.api.tesco.com/v2/media/ghs/a5f7b23c-ae48-4355-a94f-7059f4de13b7/29033600-93ea-40aa-a606-eb534ea9e85b_1101576498.jpeg?h=225&w=225,
306940087,Hipp Organic 2 Follow On Baby Milk Ready To Feed Bottle 6 Month Plus 200Ml,https://www.tesco.com/groceries/en-GB/shop/baby/all?department=Baby%20%26%20Toddler%20Milk&viewAll=department&page=,£1.00,£5.00/litre,,,/groceries/en-GB/products/306940087,https://digitalcontent.api.tesco.com/v2/media/ghs/b2b13b09-21fe-4f65-bc06-41d6aae4a199/c44b0f4e-8767-4e9c-840f-2379c0f40e31_86729922.jpeg?h=225&w=225,
291368966,Aptamil Profutura First Infant Milk 200Ml,https://www.tesco.com/groceries/en-GB/shop/baby/all?department=Baby%20%26%20Toddler%20Milk&viewAll=department&page=,£1.30,£6.50/litre,,,/groceries/en-GB/products/291368966,https://digitalcontent.api.tesco.com/v2/media/ghs/19df5e9c-3ca5-4817-86c9-3bb9858aab73/28b0dec8-900a-489f-afe1-278ccca455f6_1336347017.jpeg?h=225&w=225,
278975404,Aptamil 1 First Milk 200Ml Ready To Feed Liquid,https://www.tesco.com/groceries/en-GB/shop/baby/all?department=Baby%20%26%20Toddler%20Milk&viewAll=department&page=,£1.10,£5.50/litre,,,/groceries/en-GB/products/278975404,https://digitalcontent.api.tesco.com/v2/media/ghs/786a2d78-2fb1-4c2f-9b8f-fc54210f949f/0ff3d48f-ccab-4077-b694-fd5f82886ded_492276646.jpeg?h=225&w=225,
305256138,Sma Little Steps First Infant Milk 200Ml,https://www.tesco.com/groceries/en-GB/shop/baby/all?department=Baby%20%26%20Toddler%20Milk&viewAll=department&page=,£0.75,£3.75/litre,,,/groceries/en-GB/products/305256138,https://digitalcontent.api.tesco.com/v2/media/ghs/e1020c76-de70-40a3-9a10-31208c7b22ca/04bf205e-35d7-49d0-91b2-1ad64d7ec227_1562685401.jpeg?h=225&w=225,
312998361,Aptamil 2 Follow On Milk Powder Formula 1.2Kg,https://www.tesco.com/groceries/en-GB/shop/baby/all?department=Baby%20%26%20Toddler%20Milk&viewAll=department&page=,£17.00,£14.17/kg,,,/groceries/en-GB/products/312998361,https://digitalcontent.api.tesco.com/v2/media/ghs/dc265349-10ff-42e4-9a49-c15f721ee831/365aef5e-9f33-417b-9e75-285604df0fa0_722746689.jpeg?h=225&w=225,
306651918,Nannycare 3 Goat Milk Based Growing Up Milk 900G,https://www.tesco.com/groceries/en-GB/shop/baby/all?department=Baby%20%26%20Toddler%20Milk&viewAll=department&page=,£21.00,£23.34/kg,,,/groceries/en-GB/products/306651918,https://digitalcontent.api.tesco.com/v2/media/ghs/be4f9492-eacc-4538-9b1d-e84d4290aa26/4184dc45-7517-4012-9e9b-74c528b98e51_1439166771.jpeg?h=225&w=225,
306648883,Nannycare 1 Goat Milk Based Infant Milk 900G,https://www.tesco.com/groceries/en-GB/shop/baby/all?department=Baby%20%26%20Toddler%20Milk&viewAll=department&page=,£21.00,£23.34/kg,,,/groceries/en-GB/products/306648883,https://digitalcontent.api.tesco.com/v2/media/ghs/584d3103-5da6-48fd-87e9-835defc508c1/90e65da5-7215-4b10-9fc1-4888c127f8fb_983468241.jpeg?h=225&w=225,
306664172,Nannycare 2 Goat Milk Based Follow On Milk 900G,https://www.tesco.com/groceries/en-GB/shop/baby/all?department=Baby%20%26%20Toddler%20Milk&viewAll=department&page=,£21.00,£23.34/kg,,,/groceries/en-GB/products/306664172,https://digitalcontent.api.tesco.com/v2/media/ghs/0dadad37-8654-4ad6-9e4b-1803f0593eac/38c93efa-5e3a-4a5d-8e65-f4d7a7e5292d_1191692984.jpeg?h=225&w=225,
312717879,Aptamil 1 First Infant Milk Powder 1.2Kg,https://www.tesco.com/groceries/en-GB/shop/baby/all?department=Baby%20%26%20Toddler%20Milk&viewAll=department&page=,£17.00,£14.17/kg,,,/groceries/en-GB/products/312717879,https://digitalcontent.api.tesco.com/v2/media/ghs/d0b5345b-ade0-42ec-bea4-9b23a5907dd5/2518cdce-687a-4efe-ae6b-9f115952bb40_1546642161.jpeg?h=225&w=225,
301359962,Aptamil Hungry Milk Powder 800G,https://www.tesco.com/groceries/en-GB/shop/baby/all?department=Baby%20%26%20Toddler%20Milk&viewAll=department&page=,£13.50,£16.88/kg,,,/groceries/en-GB/products/301359962,https://digitalcontent.api.tesco.com/v2/media/ghs/8d09bece-8132-45e3-9e98-001698dc22a8/a7129469-238e-4bdf-a156-d121ec80e04c_646582983.jpeg?h=225&w=225,
305527901,Sma Anti Reflux Infant Milk From Birth 800G,https://www.tesco.com/groceries/en-GB/shop/baby/all?department=Baby%20%26%20Toddler%20Milk&viewAll=department&page=,£14.30,£17.88/kg,,,/groceries/en-GB/products/305527901,https://digitalcontent.api.tesco.com/v2/media/ghs/b3b12fcc-226d-424d-8969-5dc0e324a2aa/81c8b5e3-fbd4-4dba-a1e1-41f5aa62b084_625658529.jpeg?h=225&w=225,
310178782,Aptamil 1 First Infant Milk Tabs From Birth 24X23g,https://www.tesco.com/groceries/en-GB/shop/baby/all?department=Baby%20%26%20Toddler%20Milk&viewAll=department&page=,£12.50,£22.65/kg,,,/groceries/en-GB/products/310178782,https://digitalcontent.api.tesco.com/v2/media/ghs/c6f8ba79-bbba-480d-b2e7-88e514f9d9d2/d3b59d26-488b-4ce9-a423-021737cdd64d_166291496.jpeg?h=225&w=225,
305732122,Cow & Gate First Infant Milk 1.2Kg Big Pack,https://www.tesco.com/groceries/en-GB/shop/baby/all?department=Baby%20%26%20Toddler%20Milk&viewAll=department&page=,£12.00,£10.00/kg,,,/groceries/en-GB/products/305732122,https://digitalcontent.api.tesco.com/v2/media/ghs/e3ad518e-c616-4958-8e53-d132bc472fc8/bfa027cf-c4b9-4268-b1e4-e93837954cc8_1985984209.jpeg?h=225&w=225,
313370013,Hipp Comfort Baby Milk Powder From Birth 800G,https://www.tesco.com/groceries/en-GB/shop/baby/all?department=Baby%20%26%20Toddler%20Milk&viewAll=department&page=,£14.00,£17.50/kg,,,/groceries/en-GB/products/313370013,https://digitalcontent.api.tesco.com/v2/media/ghs/6b05f055-9f47-4664-a41a-c70f5e6fbc9b/85c81a05-37dd-4053-b27e-0f6c5dfdf463_1980654536.jpeg?h=225&w=225,
301359864,Cow & Gate Anti Reflux Milk Powder 800G,https://www.tesco.com/groceries/en-GB/shop/baby/all?department=Baby%20%26%20Toddler%20Milk&viewAll=department&page=,£13.00,£16.25/kg,,,/groceries/en-GB/products/301359864,https://digitalcontent.api.tesco.com/v2/media/ghs/2b9a2f16-9e8c-4f50-8dbc-dc8c1302f63c/77b8cb3d-eb94-4014-9c73-d54e68104afd_749490262.jpeg?h=225&w=225,
303631711,Sma Soya Infant Formula From Birth 800G,https://www.tesco.com/groceries/en-GB/shop/baby/all?department=Baby%20%26%20Toddler%20Milk&viewAll=department&page=,£15.00,£18.75/kg,,,/groceries/en-GB/products/303631711,https://digitalcontent.api.tesco.com/v2/media/ghs/76ee3bc6-6809-424b-bec1-f91e32b307a0/f0408657-4550-4771-8a96-61e7ed031be5_2090831429.jpeg?h=225&w=225,
310186582,Kendamil Organic Stage 3 Toddler Milk 800G,https://www.tesco.com/groceries/en-GB/shop/baby/all?department=Baby%20%26%20Toddler%20Milk&viewAll=department&page=,£15.00,£18.75/kg,,,/groceries/en-GB/products/310186582,https://digitalcontent.api.tesco.com/v2/media/ghs/4ef303f9-3b76-4890-9bb7-43e0456dade7/2ac31ada-fd19-4431-aae3-99ba3e877029_1785783758.jpeg?h=225&w=225,
313003484,Hipp Organic 1 First Infant Baby Milk Ready To Eat 6X90ml,https://www.tesco.com/groceries/en-GB/shop/baby/all?department=Baby%20%26%20Toddler%20Milk&viewAll=department&page=,£10.00,£18.52/litre,,,/groceries/en-GB/products/313003484,https://digitalcontent.api.tesco.com/v2/media/ghs/8c68486e-a8f2-477a-94bd-7acd80ed2eea/1cca7a96-df95-4776-804e-a21b37d002cf_1058508855.jpeg?h=225&w=225,
293905478,Hipp Anti-Reflux Milk 800G,https://www.tesco.com/groceries/en-GB/shop/baby/all?department=Baby%20%26%20Toddler%20Milk&viewAll=department&page=,£14.00,£17.50/kg,,,/groceries/en-GB/products/293905478,https://digitalcontent.api.tesco.com/v2/media/ghs/da3ff696-e150-4593-9922-e00a41043c5e/4fdb4733-fc5b-4850-a37b-3f685911c11f_1573277906.jpeg?h=225&w=225,
283468059,Aptamil 1 First Pack Liquids Ready To Feed Infant Milk 420Ml,https://www.tesco.com/groceries/en-GB/shop/baby/all?department=Baby%20%26%20Toddler%20Milk&viewAll=department&page=,£9.00,£21.43/litre,,,/groceries/en-GB/products/283468059,https://digitalcontent.api.tesco.com/v2/media/ghs/10b4829f-bdd7-40b3-acf0-9e098dde1199/7f350a4f-6711-4373-97fa-f0b1cff1a7c2_258544969.jpeg?h=225&w=225,
310184215,Kendamil Organic Stage 2 Follow On Milk 800G,https://www.tesco.com/groceries/en-GB/shop/baby/all?department=Baby%20%26%20Toddler%20Milk&viewAll=department&page=,£15.00,£18.75/kg,,,/groceries/en-GB/products/310184215,https://digitalcontent.api.tesco.com/v2/media/ghs/c2b38bd6-ac89-474b-834c-a315dd11c734/f4c76922-e7c2-4795-9329-382f5d5b4721_1499460290.jpeg?h=225&w=225,
308464808,Sma Comfort Milk From Birth 800G,https://www.tesco.com/groceries/en-GB/shop/baby/all?department=Baby%20%26%20Toddler%20Milk&viewAll=department&page=,£13.00,£16.25/kg,,,/groceries/en-GB/products/308464808,https://digitalcontent.api.tesco.com/v2/media/ghs/fbd28aba-d336-4e3d-b596-26efe4622d24/6f7fceed-d8bc-49d7-95f5-d13613613250_1607140724.jpeg?h=225&w=225,
307361298,Sma Pro Extra Hungry Infant Milk 800G,https://www.tesco.com/groceries/en-GB/shop/baby/all?department=Baby%20%26%20Toddler%20Milk&viewAll=department&page=,£12.20,£15.25/kg,,,/groceries/en-GB/products/307361298,https://digitalcontent.api.tesco.com/v2/media/ghs/092082ee-0fb1-4e10-bf2d-a087cc83148a/dc30fc90-496c-45c4-97f0-f02504aafc6b_1741601315.jpeg?h=225&w=225,
305253372,Sma Little Steps Growing Up Milk Powder 800G,https://www.tesco.com/groceries/en-GB/shop/baby/all?department=Baby%20%26%20Toddler%20Milk&viewAll=department&page=,£8.50,£10.63/kg,,,/groceries/en-GB/products/305253372,https://digitalcontent.api.tesco.com/v2/media/ghs/da94e4bc-e592-4364-8329-2a15492dd7bc/45b3aa9e-1286-40c9-ab7b-4f1e84334ebf_1311556009.jpeg?h=225&w=225,
283467953,Cow & Gate 1 First Milk Starter Pack 6X70ml Ready To Feed Liquid,https://www.tesco.com/groceries/en-GB/shop/baby/all?department=Baby%20%26%20Toddler%20Milk&viewAll=department&page=,£7.50,£17.86/litre,,,/groceries/en-GB/products/283467953,https://digitalcontent.api.tesco.com/v2/media/ghs/c162ae21-4400-4a1c-8eee-82eabac2ede6/7a77b33f-ea48-4700-a469-5e4892a56a47_948957947.jpeg?h=225&w=225,
303215179,Sma Little Steps Follow On Milk 6Mth+ 800G,https://www.tesco.com/groceries/en-GB/shop/baby/all?department=Baby%20%26%20Toddler%20Milk&viewAll=department&page=,£9.00,£11.25/kg,,,/groceries/en-GB/products/303215179,https://digitalcontent.api.tesco.com/v2/media/ghs/89415bd1-ec98-474a-bc89-216cb6e31428/d518a1fe-12c1-49df-88dd-da9c3e826c9b_742619852.jpeg?h=225&w=225,
312211446,Kiddylicious Veggie Straws 10X12g,https://www.tesco.com/groceries/en-GB/shop/baby/all?department=Baby%20%26%20Toddler%20Food&viewAll=department&page=,£6.50,£54.17/kg,,New,/groceries/en-GB/products/312211446,https://digitalcontent.api.tesco.com/v2/media/ghs/e78bb349-92f9-4621-b4f5-499d9281ed4f/9bcb7315-d35d-40fa-ad4f-6bb6e77ee4fa_32158750.jpeg?h=225&w=225,
312569316,Piccolo Organic Cocoa Hoops Kids 300G,https://www.tesco.com/groceries/en-GB/shop/baby/all?department=Baby%20%26%20Toddler%20Food&viewAll=department&page=,£3.50,£11.67/kg,,New,/groceries/en-GB/products/312569316,https://digitalcontent.api.tesco.com/v2/media/ghs/804ccc50-a41a-428e-a29e-8c4fe7d1e54f/01034b70-2c81-4fc8-a74b-b820959d03dd_1199899491.jpeg?h=225&w=225,
312699628,Piccolo Organic Berry Multigrain Hoops Kids 300G,https://www.tesco.com/groceries/en-GB/shop/baby/all?department=Baby%20%26%20Toddler%20Food&viewAll=department&page=,£3.50,£11.67/kg,,New,/groceries/en-GB/products/312699628,https://digitalcontent.api.tesco.com/v2/media/ghs/413e4e04-32a7-4b0c-b3de-acec6c5fa833/caeceddd-b371-4c45-bfda-61e9283b8a6c_1201544936.jpeg?h=225&w=225,
275459111,Ella's Kitchen The Red One Multipack 450G,https://www.tesco.com/groceries/en-GB/shop/baby/all?department=Baby%20%26%20Toddler%20Food&viewAll=department&page=,£3.85,£0.86/100g,£3.25 Clubcard Price,,/groceries/en-GB/products/275459111,https://digitalcontent.api.tesco.com/v2/media/ghs/03e2b84f-2620-4dc2-ba99-f0ac0b8007ac/cedea8e4-f14f-4b84-b4da-c5dc4218d9cc_942789359.jpeg?h=225&w=225,
312577865,Piccolo Organic Crisp Sticks Cocoa & Hazelnut 5X25g,https://www.tesco.com/groceries/en-GB/shop/baby/all?department=Baby%20%26%20Toddler%20Food&viewAll=department&page=,£3.50,£28.00/kg,,New,/groceries/en-GB/products/312577865,https://digitalcontent.api.tesco.com/v2/media/ghs/89dc398c-bbae-4cc9-8125-93b544b94b99/1634f01b-568b-4a91-b47a-f07e12a579a4_1252057779.jpeg?h=225&w=225,
312850841,Piccolo Organic Pizza Popped Corn Chips Kids 5X20g,https://www.tesco.com/groceries/en-GB/shop/baby/all?department=Baby%20%26%20Toddler%20Food&viewAll=department&page=,£2.50,£25.00/kg,,New,/groceries/en-GB/products/312850841,https://digitalcontent.api.tesco.com/v2/media/ghs/57870ee3-3cc0-44bb-93e5-46cb8bf93ceb/31398cd4-db94-46a1-8c24-8a7da8cc7482_2138204303.jpeg?h=225&w=225,
312567779,Organix Kids Pizza Llama Puffs 4X12g,https://www.tesco.com/groceries/en-GB/shop/baby/all?department=Baby%20%26%20Toddler%20Food&viewAll=department&page=,£2.50,£52.09/kg,,New,/groceries/en-GB/products/312567779,https://digitalcontent.api.tesco.com/v2/media/ghs/8fa0f035-bd83-4e0b-80cd-016ed0eddd6e/dd762a36-1a52-476a-b2c2-48b4083774cd_1395678667.jpeg?h=225&w=225,
312574690,Organix Kids Bbq Llama Puffs 4X12g,https://www.tesco.com/groceries/en-GB/shop/baby/all?department=Baby%20%26%20Toddler%20Food&viewAll=department&page=,£2.50,£52.09/kg,,New,/groceries/en-GB/products/312574690,https://digitalcontent.api.tesco.com/v2/media/ghs/e2312c6c-d94e-4ef5-8391-05d321edf346/23ae517b-e74e-48c9-a367-c3faedb6d9be_1309941279.jpeg?h=225&w=225,
312570302,Organix Kids Cheese & Onion Llama Puffs 4X12g,https://www.tesco.com/groceries/en-GB/shop/baby/all?department=Baby%20%26%20Toddler%20Food&viewAll=department&page=,£2.50,£52.09/kg,,New,/groceries/en-GB/products/312570302,https://digitalcontent.api.tesco.com/v2/media/ghs/e3ab9bff-ef4a-4d0b-abd6-21266128b5ab/1996705b-36e1-425a-a211-d6b4e8d68853_392865657.jpeg?h=225&w=225,
312584507,Organix Kids Choco Mint Mini Flap Jack Bites 4X23g,https://www.tesco.com/groceries/en-GB/shop/baby/all?department=Baby%20%26%20Toddler%20Food&viewAll=department&page=,£2.50,£27.18/kg,,New,/groceries/en-GB/products/312584507,https://digitalcontent.api.tesco.com/v2/media/ghs/1ad0c0d1-d532-431a-8941-62992e76e9f0/672b3f7b-1473-4eb5-a6cd-12a099f97d35_902690448.jpeg?h=225&w=225,
311939192,Kiddylicious Cheesy Quinoa Squares 5 X 10G,https://www.tesco.com/groceries/en-GB/shop/baby/all?department=Baby%20%26%20Toddler%20Food&viewAll=department&page=,£2.50,£50.00/kg,,New,/groceries/en-GB/products/311939192,https://digitalcontent.api.tesco.com/v2/media/ghs/8de2e961-6e51-47ce-900e-c333a2ef757c/1cc451c5-02a4-4744-97ec-9ba9e4ebf2cb_2002853892.jpeg?h=225&w=225,
311428508,Kiddylicious Tomato & Basil,https://www.tesco.com/groceries/en-GB/shop/baby/all?department=Baby%20%26%20Toddler%20Food&viewAll=department&page=,£2.50,£50.00/kg,,New,/groceries/en-GB/products/311428508,https://digitalcontent.api.tesco.com/v2/media/ghs/ce77d7bb-1b67-40a8-9ad6-ffadddba64b8/597a3936-e997-4cae-a241-306090148072_873039441.jpeg?h=225&w=225,
312367549,Organix Kids Choco Orange Mini Flap Jack Bites 4X23g,https://www.tesco.com/groceries/en-GB/shop/baby/all?department=Baby%20%26%20Toddler%20Food&viewAll=department&page=,£2.50,£27.18/kg,,New,/groceries/en-GB/products/312367549,https://digitalcontent.api.tesco.com/v2/media/ghs/3bfc06fa-3391-48d4-8682-796fe6b407d8/3f12a73d-b687-451a-b7c2-6ce9dda247de_415184400.jpeg?h=225&w=225,
298648941,Kiddylicious Veggie Straws Multipack 4X12g,https://www.tesco.com/groceries/en-GB/shop/baby/all?department=Baby%20%26%20Toddler%20Food&viewAll=department&page=,£2.65,£5.53/100g,,,/groceries/en-GB/products/298648941,https://digitalcontent.api.tesco.com/v2/media/ghs/285e61f8-5b1f-4989-a681-26e19db86f4f/69c4d2a3-3691-4cf0-ae5d-e8ebdcdb996a_1600356493.jpeg?h=225&w=225,
312582455,Piccolo Organic Bbq Popped Corn Chip Kids 5X20g,https://www.tesco.com/groceries/en-GB/shop/baby/all?department=Baby%20%26%20Toddler%20Food&viewAll=department&page=,£2.50,£25.00/kg,,New,/groceries/en-GB/products/312582455,https://digitalcontent.api.tesco.com/v2/media/ghs/f35f457d-5025-404c-9f74-22bfa13c63fd/7e5baa8f-995a-4310-8fa7-6951d08123df_1829283905.jpeg?h=225&w=225,
311676778,Piccolo Organic Oat Cocoa Biscuit Kids 100G,https://www.tesco.com/groceries/en-GB/shop/baby/all?department=Baby%20%26%20Toddler%20Food&viewAll=department&page=,£2.20,£22.00/kg,,New,/groceries/en-GB/products/311676778,https://digitalcontent.api.tesco.com/v2/media/ghs/ae967607-5566-48cb-ac50-3028780fdb63/9c97ae31-cccf-4c36-907b-616655f3bb41_771091515.jpeg?h=225&w=225,
312347274,Piccolo Organic Oat Strawberry & Beetroot Biscuits Kids 100G,https://www.tesco.com/groceries/en-GB/shop/baby/all?department=Baby%20%26%20Toddler%20Food&viewAll=department&page=,£2.20,£22.00/kg,,New,/groceries/en-GB/products/312347274,https://digitalcontent.api.tesco.com/v2/media/ghs/e1042892-b9ae-4106-8cb6-8395638685a5/1989a018-e281-4d50-a5b2-9549bfc78279_1141154196.jpeg?h=225&w=225,
312698831,Piccolo Organic Kids Fruit & Grain Strawberry 6 X 22G,https://www.tesco.com/groceries/en-GB/shop/baby/all?department=Baby%20%26%20Toddler%20Food&viewAll=department&page=,£2.50,£18.94/kg,,New,/groceries/en-GB/products/312698831,https://digitalcontent.api.tesco.com/v2/media/ghs/26e265db-9f2c-4864-80b8-c4cff6c9c143/72105e6b-03c1-43c3-9b72-8196b4a17ed4_1937147971.jpeg?h=225&w=225,
312571439,Organix Kids Lemon & Lime Oaty Bars 6X23g,https://www.tesco.com/groceries/en-GB/shop/baby/all?department=Baby%20%26%20Toddler%20Food&viewAll=department&page=,£2.50,£18.12/kg,,New,/groceries/en-GB/products/312571439,https://digitalcontent.api.tesco.com/v2/media/ghs/2b7c0c1a-207a-405d-8c59-b0c104b11a07/6931df51-f7b5-4b16-a3d8-c13e95a6191a_200226605.jpeg?h=225&w=225,
255126023,Organix 12 Month Apple & Raspberry Fruit & Cereal Bar 6X30g,https://www.tesco.com/groceries/en-GB/shop/baby/all?department=Baby%20%26%20Toddler%20Food&viewAll=department&page=,£2.50,£1.39/100g,£2.00 Clubcard Price,,/groceries/en-GB/products/255126023,https://digitalcontent.api.tesco.com/v2/media/ghs/2906b2c6-8be7-4122-8ff6-ae0d281dac2d/d33318e5-8626-4225-bd2a-fef6cc128501_2047432411.jpeg?h=225&w=225,
283131901,Kiddylicious Raspberry Crispie Tiddlers 12G,https://www.tesco.com/groceries/en-GB/shop/baby/all?department=Baby%20%26%20Toddler%20Food&viewAll=department&page=,£0.70,£5.84/100g,Any 5 for £3 Clubcard Price - Selected Organix Or Kiddylicious 6g - 20g,,/groceries/en-GB/products/283131901,https://digitalcontent.api.tesco.com/v2/media/ghs/7d0c1127-f926-4574-a4fb-b1f90e1c0c19/676c7bdf-29c5-40d4-b9e5-cb6f0af2fcd8_1349581824.jpeg?h=225&w=225,
313164131,Little Freddie Organic Italian Tomato & Grains 1-4 Years 140G,https://www.tesco.com/groceries/en-GB/shop/baby/all?department=Baby%20%26%20Toddler%20Food&viewAll=department&page=,£1.80,£12.86/kg,£1.00 Clubcard Price,,/groceries/en-GB/products/313164131,https://digitalcontent.api.tesco.com/v2/media/ghs/39542571-0a98-4e9f-81b0-df13a82c834d/904803d9-16d6-4f10-8968-9bd1caa4e90d_1372812745.jpeg?h=225&w=225,
312839176,Little Freddie Organic Creamy Coconut & Grains 1-4 Years 140G,https://www.tesco.com/groceries/en-GB/shop/baby/all?department=Baby%20%26%20Toddler%20Food&viewAll=department&page=,£1.80,£12.86/kg,£1.00 Clubcard Price,,/groceries/en-GB/products/312839176,https://digitalcontent.api.tesco.com/v2/media/ghs/41680a49-42a6-4ffe-a091-cdcc62789e7b/fd5bbb26-f0ea-417c-b2e6-6e81b3b1e3dc_493589668.jpeg?h=225&w=225,
313380865,Little Freddie Organic Sweet Pepper & Grains 1-4 Years 140G,https://www.tesco.com/groceries/en-GB/shop/baby/all?department=Baby%20%26%20Toddler%20Food&viewAll=department&page=,£1.80,£12.86/kg,£1.00 Clubcard Price,,/groceries/en-GB/products/313380865,https://digitalcontent.api.tesco.com/v2/media/ghs/5efea230-92da-4055-8a12-bb5ad53d3077/911bf585-26a5-4c67-a986-dc526cd118f2_310602815.jpeg?h=225&w=225,
312228185,Organix Kids Mandarin & Apple Oaty Bars 6X23g,https://www.tesco.com/groceries/en-GB/shop/baby/all?department=Baby%20%26%20Toddler%20Food&viewAll=department&page=,£2.50,£18.12/kg,,New,/groceries/en-GB/products/312228185,https://digitalcontent.api.tesco.com/v2/media/ghs/f45b25cd-1cbc-48ac-8594-5ec1fb0dca9c/45198017-1d4e-49fc-a710-b37cdab87d15_1636061903.jpeg?h=225&w=225,
261476025,Organix 12 Month Goodies Carrot Cake Bar 6X30g,https://www.tesco.com/groceries/en-GB/shop/baby/all?department=Baby%20%26%20Toddler%20Food&viewAll=department&page=,£2.50,£1.39/100g,£2.00 Clubcard Price,,/groceries/en-GB/products/261476025,https://digitalcontent.api.tesco.com/v2/media/ghs/4eb79384-a74d-4888-9b17-ba8d18a6c593/9de2ac30-fa5b-40ba-8198-c6f7531b9182_1742787562.jpeg?h=225&w=225,
273925110,Kiddylicious Strawberry & Banana Smoothie Melts 6G,https://www.tesco.com/groceries/en-GB/shop/baby/all?department=Baby%20%26%20Toddler%20Food&viewAll=department&page=,£0.70,£11.67/100g,Any 5 for £3 Clubcard Price - Selected Organix Or Kiddylicious 6g - 20g,,/groceries/en-GB/products/273925110,https://digitalcontent.api.tesco.com/v2/media/ghs/bb380a80-e1d4-472e-9ae4-f99baf63406f/0356c428-ad33-46cf-8d33-de24b67dddf8_1685132033.jpeg?h=225&w=225,
278233874,Organix 12 Month Strawberry Cereal Bar 6X30g,https://www.tesco.com/groceries/en-GB/shop/baby/all?department=Baby%20%26%20Toddler%20Food&viewAll=department&page=,£2.50,£1.39/100g,£2.00 Clubcard Price,,/groceries/en-GB/products/278233874,https://digitalcontent.api.tesco.com/v2/media/ghs/162e01c7-c4bd-4544-87a1-af24beb1e5d6/4c9f13bd-4f55-4c81-b691-f66198ec852f_1130408122.jpeg?h=225&w=225,
271394452,Kiddylicious Strawberry Fruit Wriggles 12G,https://www.tesco.com/groceries/en-GB/shop/baby/all?department=Baby%20%26%20Toddler%20Food&viewAll=department&page=,£0.70,£5.84/100g,Any 5 for £3 Clubcard Price - Selected Organix Or Kiddylicious 6g - 20g,,/groceries/en-GB/products/271394452,https://digitalcontent.api.tesco.com/v2/media/ghs/2bd67462-616c-4848-ad10-414be30c954b/1beab795-b708-4137-9de4-bdde7792b0dc_1649054292.jpeg?h=225&w=225,
311217127,Organix Summer Fruits Rice Cake Clouds 40G,https://www.tesco.com/groceries/en-GB/shop/baby/all?department=Baby%20%26%20Toddler%20Food&viewAll=department&page=,£1.25,£31.25/kg,,,/groceries/en-GB/products/311217127,https://digitalcontent.api.tesco.com/v2/media/ghs/6e85e776-05a9-40ec-b753-327e1c96621c/043793f6-3660-44d5-b23c-42ddb5642e5d_103614196.jpeg?h=225&w=225,
293944264,Kiddylicious Veggie Straws 12G,https://www.tesco.com/groceries/en-GB/shop/baby/all?department=Baby%20%26%20Toddler%20Food&viewAll=department&page=,£0.85,£7.09/100g,Any 5 for £3 Clubcard Price - Selected Organix Or Kiddylicious 6g - 20g,,/groceries/en-GB/products/293944264,https://digitalcontent.api.tesco.com/v2/media/ghs/bc1e2843-62f8-4166-ae40-eaf7aac73131/338d5f00-8c31-4a17-9641-b1ab1c155ad7_267256458.jpeg?h=225&w=225,
286671732,Kiddylicious Smoothie Melts Mango 6G,https://www.tesco.com/groceries/en-GB/shop/baby/all?department=Baby%20%26%20Toddler%20Food&viewAll=department&page=,£0.70,£11.67/100g,Any 5 for £3 Clubcard Price - Selected Organix Or Kiddylicious 6g - 20g,,/groceries/en-GB/products/286671732,https://digitalcontent.api.tesco.com/v2/media/ghs/7e754adb-528b-49b7-b66f-a15d681ddd07/1198a659-40ba-4360-a72a-ec21fd7faed3_1519146101.jpeg?h=225&w=225,
312570817,Organix Strawberry Weaning Wands 25G,https://www.tesco.com/groceries/en-GB/shop/baby/all?department=Baby%20%26%20Toddler%20Food&viewAll=department&page=,£1.20,£48.00/kg,£1.00 Clubcard Price,,/groceries/en-GB/products/312570817,https://digitalcontent.api.tesco.com/v2/media/ghs/b1b012b6-e745-4fdd-a0e2-473df84328c1/23cb83ff-e587-43d3-8f4d-e796895730d8_1273968573.jpeg?h=225&w=225,
312579805,Organix Banana Weaning Wands 25G,https://www.tesco.com/groceries/en-GB/shop/baby/all?department=Baby%20%26%20Toddler%20Food&viewAll=department&page=,£1.20,£48.00/kg,£1.00 Clubcard Price,,/groceries/en-GB/products/312579805,https://digitalcontent.api.tesco.com/v2/media/ghs/a3535f27-1826-4e27-9e02-66bc4a215ae9/c8801436-89fc-4415-bc99-f5500532dffc_230866793.jpeg?h=225&w=225,
298597349,Tilda Kids Sunshine Vegetable Rice 125G,https://www.tesco.com/groceries/en-GB/shop/baby/all?department=Baby%20%26%20Toddler%20Food&viewAll=department&page=,£1.15,£9.20/kg,£1.00 Clubcard Price,,/groceries/en-GB/products/298597349,https://digitalcontent.api.tesco.com/v2/media/ghs/54507664-b16f-466a-8ce9-39ea1d8f7c4c/d2458c45-05a2-4d8b-8791-52544d6210c6_1613391499.jpeg?h=225&w=225,
258904138,Organix Melty Carrot Puffs 20G,https://www.tesco.com/groceries/en-GB/shop/baby/all?department=Baby%20%26%20Toddler%20Food&viewAll=department&page=,£0.65,£3.25/100g,Any 5 for £3 Clubcard Price - Selected Organix Or Kiddylicious 6g - 20g,,/groceries/en-GB/products/258904138,https://digitalcontent.api.tesco.com/v2/media/ghs/938977a6-9acb-42d8-95e6-3f6597cb0a78/79f3e0ce-6962-4fb1-95bc-0c93fefcccc1_513523582.jpeg?h=225&w=225,
311278800,Organix Apple Rice Cake Clouds 40G,https://www.tesco.com/groceries/en-GB/shop/baby/all?department=Baby%20%26%20Toddler%20Food&viewAll=department&page=,£1.25,£31.25/kg,£1.00 Clubcard Price,,/groceries/en-GB/products/311278800,https://digitalcontent.api.tesco.com/v2/media/ghs/5b529abb-b64c-437a-9af9-e7b7513ab2be/89248b94-7eec-4ed9-bd9d-97817eee243a_1501340283.jpeg?h=225&w=225,
286348001,Ella's Kitchen Melty Puffs Strawberry Banana 20G,https://www.tesco.com/groceries/en-GB/shop/baby/all?department=Baby%20%26%20Toddler%20Food&viewAll=department&page=,£0.80,£4.00/100g,70p Clubcard Price,,/groceries/en-GB/products/286348001,https://digitalcontent.api.tesco.com/v2/media/ghs/f6abe715-0c25-4fc1-a126-ba4d886116b7/34294b21-8cf4-48b3-85fe-f2622f3795d5_933377883.jpeg?h=225&w=225,
271394573,Kiddylicious Apple Fruit Wriggles 12G,https://www.tesco.com/groceries/en-GB/shop/baby/all?department=Baby%20%26%20Toddler%20Food&viewAll=department&page=,£0.75,£6.25/100g,Any 5 for £3 Clubcard Price - Selected Organix Or Kiddylicious 6g - 20g,,/groceries/en-GB/products/271394573,https://digitalcontent.api.tesco.com/v2/media/ghs/a858c59d-c9a9-43cd-b027-15eb9e7eed5c/af471005-9941-4cea-8c23-287b8f583d5f_913857882.jpeg?h=225&w=225,
311791747,Kiddylicious Buttons Raspberry & Beetroot 6G,https://www.tesco.com/groceries/en-GB/shop/baby/all?department=Baby%20%26%20Toddler%20Food&viewAll=department&page=,£0.75,£125.00/kg,,New,/groceries/en-GB/products/311791747,https://digitalcontent.api.tesco.com/v2/media/ghs/3b8cd73c-82e1-4e9c-876d-5bf0876b6fa6/60f67f72-0703-418f-b53c-aa0848f4f7de_1658104533.jpeg?h=225&w=225,
312352054,Heinz By Nature Cottage Pie 6 Month Plus 120G,https://www.tesco.com/groceries/en-GB/shop/baby/all?department=Baby%20%26%20Toddler%20Food&viewAll=department&page=,£0.70,£5.84/kg,,New,/groceries/en-GB/products/312352054,https://digitalcontent.api.tesco.com/v2/media/ghs-mktg/b0b04216-fa73-466d-a9d7-c9fcfa1ce9b3/no-image.jpeg,
312350972,Heinz By Nature Chicken Dinner 6 Month Plus 120G,https://www.tesco.com/groceries/en-GB/shop/baby/all?department=Baby%20%26%20Toddler%20Food&viewAll=department&page=,£0.70,£5.84/kg,,New,/groceries/en-GB/products/312350972,https://digitalcontent.api.tesco.com/v2/media/ghs-mktg/b0b04216-fa73-466d-a9d7-c9fcfa1ce9b3/no-image.jpeg,
312217359,Heinz By Nature Pasta Bolognese 6 Month Plus 120G,https://www.tesco.com/groceries/en-GB/shop/baby/all?department=Baby%20%26%20Toddler%20Food&viewAll=department&page=,£0.70,£5.84/kg,,New,/groceries/en-GB/products/312217359,https://digitalcontent.api.tesco.com/v2/media/ghs-mktg/b0b04216-fa73-466d-a9d7-c9fcfa1ce9b3/no-image.jpeg,
283609297,Organix Blackcurrant Star Fruit 12G,https://www.tesco.com/groceries/en-GB/shop/baby/all?department=Baby%20%26%20Toddler%20Food&viewAll=department&page=,£0.65,£5.42/100g,Any 5 for £3 Clubcard Price - Selected Organix Or Kiddylicious 6g - 20g,,/groceries/en-GB/products/283609297,https://digitalcontent.api.tesco.com/v2/media/ghs/523331e4-cf06-4ef5-a21f-ceab8275c6c7/860a6485-7707-452b-b273-c7265076ea66_495391603.jpeg?h=225&w=225,
301269129,Tesco Apple & Mango Pouch 70G,https://www.tesco.com/groceries/en-GB/shop/baby/all?department=Baby%20%26%20Toddler%20Food&viewAll=department&page=,£0.50,£0.72/100g,,,/groceries/en-GB/products/301269129,https://digitalcontent.api.tesco.com/v2/media/ghs/cce0a5c7-519e-4535-9e0c-3397f1afd8c1/snapshotimagehandler_1944931009.jpeg?h=225&w=225,
301269141,Tesco Pear & Apple Pouch 70G,https://www.tesco.com/groceries/en-GB/shop/baby/all?department=Baby%20%26%20Toddler%20Food&viewAll=department&page=,£0.50,£0.72/100g,,,/groceries/en-GB/products/301269141,https://digitalcontent.api.tesco.com/v2/media/ghs/c78cd5ef-da46-4333-ba01-f0a75d0f924c/15c6da24-456a-48a7-813d-65e7e0898485_1015805018.jpeg?h=225&w=225,
301269089,Tesco Prune Babyfood Pouch 70G,https://www.tesco.com/groceries/en-GB/shop/baby/all?department=Baby%20%26%20Toddler%20Food&viewAll=department&page=,£0.50,£0.72/100g,,,/groceries/en-GB/products/301269089,https://digitalcontent.api.tesco.com/v2/media/ghs/952b8d37-da6d-4acc-9a07-d4949c24a1f0/bd84c6a7-bee4-476a-b127-cdbcddb9fcf3_1115980183.jpeg?h=225&w=225,
312997926,Little Dish Variety Kids Meal 3 X 200G,https://www.tesco.com/groceries/en-GB/shop/baby/all?department=Baby%20%26%20Toddler%20Food&viewAll=department&page=,£6.00,£10.00/kg,,New,/groceries/en-GB/products/312997926,https://digitalcontent.api.tesco.com/v2/media/ghs/970aa55b-fa9d-4aa8-9618-9c8ca38fd2d6/c2e183c5-52dd-4379-a3df-f4be6c5b6df1.jpeg?h=225&w=225,
275549609,Ella's Kitchen The Green One Multipack 450G,https://www.tesco.com/groceries/en-GB/shop/baby/all?department=Baby%20%26%20Toddler%20Food&viewAll=department&page=,£3.85,£0.86/100g,£3.25 Clubcard Price,,/groceries/en-GB/products/275549609,https://digitalcontent.api.tesco.com/v2/media/ghs/6d4b121e-f862-444e-9979-3981221e2949/8e9929f5-73b8-46ed-acc4-177f20437865_983270525.jpeg?h=225&w=225,
275354880,Ella's Kitchen The Purple One Multipack 450G,https://www.tesco.com/groceries/en-GB/shop/baby/all?department=Baby%20%26%20Toddler%20Food&viewAll=department&page=,£3.85,£0.86/100g,£3.25 Clubcard Price,,/groceries/en-GB/products/275354880,https://digitalcontent.api.tesco.com/v2/media/ghs/313523d2-0cb2-425d-8279-ab0b1a0ad932/d10e901c-6881-4b75-88fd-fed86513215d_1627590753.jpeg?h=225&w=225,
313176468,Little Freddie Organic Strawberry & Banana Pouch 6M+ 4X90g,https://www.tesco.com/groceries/en-GB/shop/baby/all?department=Baby%20%26%20Toddler%20Food&viewAll=department&page=,£4.00,£1.12/100g,£3.20 Clubcard Price,,/groceries/en-GB/products/313176468,https://digitalcontent.api.tesco.com/v2/media/ghs/4e5e1b55-db7e-4ff7-9d2b-f9f90daba11d/fe38c551-8651-4b02-a814-6152f99b677c_1598497457.jpeg?h=225&w=225,
301892721,Kiddylicious Banana Soft Biscotti 6X20g,https://www.tesco.com/groceries/en-GB/shop/baby/all?department=Baby%20%26%20Toddler%20Food&viewAll=department&page=,£2.50,£2.09/100g,,,/groceries/en-GB/products/301892721,https://digitalcontent.api.tesco.com/v2/media/ghs/701476cc-cb01-4206-a6f4-3d602b83cc87/8b3e497b-6a41-411b-87df-979ddc546eb4_1989028603.jpeg?h=225&w=225,
264772316,Ella's Kitchen Organic Banana Baby Brekkie 100G,https://www.tesco.com/groceries/en-GB/shop/baby/all?department=Baby%20%26%20Toddler%20Food&viewAll=department&page=,£1.40,£1.40/100g,,,/groceries/en-GB/products/264772316,https://digitalcontent.api.tesco.com/v2/media/ghs/7bd2300d-119f-400b-82b9-65ec032b8d01/8a6b7b5a-fb10-4937-bb99-2fd801abe9e5_967353002.jpeg?h=225&w=225,
266197791,Organix Mini Gingerbread Men 5 X 25G,https://www.tesco.com/groceries/en-GB/shop/baby/all?department=Baby%20%26%20Toddler%20Food&viewAll=department&page=,£2.50,£2.00/100g,,,/groceries/en-GB/products/266197791,https://digitalcontent.api.tesco.com/v2/media/ghs/77c853a5-3d3b-4a31-a4ce-35efdb2691f2/56e6012f-e58e-49b9-aadd-d18ed8877387_1527503986.jpeg?h=225&w=225,
296704763,Kiddylicious Strawberry Bakes 6 X 22G,https://www.tesco.com/groceries/en-GB/shop/baby/all?department=Baby%20%26%20Toddler%20Food&viewAll=department&page=,£2.35,£1.79/100g,,,/groceries/en-GB/products/296704763,https://digitalcontent.api.tesco.com/v2/media/ghs/8c7d9b10-b031-4254-9e2e-284ca6e1b4ba/9ad315d7-19e1-4295-964c-45c43433a45d_86039439.jpeg?h=225&w=225,
305988493,Kiddylicious Cheesy Veggie Straws 4X12g,https://www.tesco.com/groceries/en-GB/shop/baby/all?department=Baby%20%26%20Toddler%20Food&viewAll=department&page=,£2.65,£5.53/100g,,,/groceries/en-GB/products/305988493,https://digitalcontent.api.tesco.com/v2/media/ghs/1265c86e-c468-4d53-9966-100ff2200a6b/b169055c-a617-4a77-9fdc-cb444f3b3b9d_1336125299.jpeg?h=225&w=225,
263419362,Ella's Kitchen Strawberries Plus Apples 120G,https://www.tesco.com/groceries/en-GB/shop/baby/all?department=Baby%20%26%20Toddler%20Food&viewAll=department&page=,£1.30,£1.09/100g,,,/groceries/en-GB/products/263419362,https://digitalcontent.api.tesco.com/v2/media/ghs/c2295191-4431-4d12-a01c-251162671d3f/dcbdff73-0904-4f36-b73e-b85c355290b6_340325199.jpeg?h=225&w=225,
286671562,Kiddylicious Wafers Blueberry 40G,https://www.tesco.com/groceries/en-GB/shop/baby/all?department=Baby%20%26%20Toddler%20Food&viewAll=department&page=,£2.50,£6.25/100g,£2.00 Clubcard Price,,/groceries/en-GB/products/286671562,https://digitalcontent.api.tesco.com/v2/media/ghs/5ddb61f2-ae22-4885-95f8-4953382ebe23/2e4f09d6-1601-42c3-bd98-4746095f35dd_1621859437.jpeg?h=225&w=225,
255945384,Organix 12 Month Apple & Orange Fruit & Cereal Bar 6X30g,https://www.tesco.com/groceries/en-GB/shop/baby/all?department=Baby%20%26%20Toddler%20Food&viewAll=department&page=,£2.50,£1.39/100g,£2.00 Clubcard Price,,/groceries/en-GB/products/255945384,https://digitalcontent.api.tesco.com/v2/media/ghs/8a6c3ce5-5133-46cd-913f-abfe0ceb4427/425721f2-6074-4284-a91f-f3f94cdc05d7_874601266.jpeg?h=225&w=225,
298514980,Ella's Kitchen Tomato & Basil Melty Sticks 17G,https://www.tesco.com/groceries/en-GB/shop/baby/all?department=Baby%20%26%20Toddler%20Food&viewAll=department&page=,£1.20,£7.06/100g,,,/groceries/en-GB/products/298514980,https://digitalcontent.api.tesco.com/v2/media/ghs/11f1993b-23ef-418e-8a27-c838ccef573c/7172f111-6481-4847-8985-59cb2d47d8fe_1390157858.jpeg?h=225&w=225,
278234113,Heinz Fruit Pouch Apple & Strawberry 100G,https://www.tesco.com/groceries/en-GB/shop/baby/all?department=Baby%20%26%20Toddler%20Food&viewAll=department&page=,£1.00,£1.00/100g,Any 6 for £5 Clubcard Price - Selected Heinz Fruit Pouch 100g,,/groceries/en-GB/products/278234113,https://digitalcontent.api.tesco.com/v2/media/ghs/2752ee94-5c78-47c8-8f3d-343d7da74267/77776cd6-9988-47d4-b761-dc132e96bffe_287976551.jpeg?h=225&w=225,
299233382,Heinz Sweet & Sour Chicken & Rice 230G,https://www.tesco.com/groceries/en-GB/shop/baby/all?department=Baby%20%26%20Toddler%20Food&viewAll=department&page=,£1.70,£7.40/kg,Any 2 for £3 Clubcard Price - Selected Heinz 230g,,/groceries/en-GB/products/299233382,https://digitalcontent.api.tesco.com/v2/media/ghs/40cb2789-c707-43d2-b1b6-9f08e901d33b/f4ea025e-1d5e-4b71-a623-d5d61940cc70_121739947.jpeg?h=225&w=225,
299233036,Heinz Sweet Potato & Beef Hotpot 230G,https://www.tesco.com/groceries/en-GB/shop/baby/all?department=Baby%20%26%20Toddler%20Food&viewAll=department&page=,£1.70,£7.40/kg,Any 2 for £3 Clubcard Price - Selected Heinz 230g,,/groceries/en-GB/products/299233036,https://digitalcontent.api.tesco.com/v2/media/ghs/02e0aa1f-f442-4a40-97a7-1acf37999e25/28b0dcd8-0094-466f-b711-6ada069f8e74_162621932.jpeg?h=225&w=225,
282247363,Ella's Kitchen Prunes 70G,https://www.tesco.com/groceries/en-GB/shop/baby/all?department=Baby%20%26%20Toddler%20Food&viewAll=department&page=,£0.90,£1.29/100g,,,/groceries/en-GB/products/282247363,https://digitalcontent.api.tesco.com/v2/media/ghs/75bc032d-d4e8-4100-8a2a-e2f70fe8be74/b879a70d-5acd-4e0d-bc74-3e3e521a68b6_442472903.jpeg?h=225&w=225,
283608321,Organix Goodies Banana Oaty Bars 6 X 30G,https://www.tesco.com/groceries/en-GB/shop/baby/all?department=Baby%20%26%20Toddler%20Food&viewAll=department&page=,£2.50,£1.39/100g,£2.00 Clubcard Price,,/groceries/en-GB/products/283608321,https://digitalcontent.api.tesco.com/v2/media/ghs/e82e16e9-c4f3-419e-bb02-a6c6a2ea28ff/267b7f74-e44a-41b1-aed1-a85b7d838642_453252990.jpeg?h=225&w=225,
308451098,Organix Limited Edition Choco Orange Soft Oat Bar 6X30g,https://www.tesco.com/groceries/en-GB/shop/baby/all?department=Baby%20%26%20Toddler%20Food&viewAll=department&page=,£2.50,£1.39/100g,£2.00 Clubcard Price,,/groceries/en-GB/products/308451098,https://digitalcontent.api.tesco.com/v2/media/ghs/008dffce-4b17-4650-b2b1-0052a35e8f61/a7535d26-3bd0-4512-aa46-16743bf5627d_1294766736.jpeg?h=225&w=225,
278234073,Heinz Fruit Pouch Apple & Blueberry 100G,https://www.tesco.com/groceries/en-GB/shop/baby/all?department=Baby%20%26%20Toddler%20Food&viewAll=department&page=,£1.00,£1.00/100g,Any 6 for £5 Clubcard Price - Selected Heinz Fruit Pouch 100g,,/groceries/en-GB/products/278234073,https://digitalcontent.api.tesco.com/v2/media/ghs/c2fa0b72-cb8a-4582-a05e-1cea9bd0865f/c48b380d-6cbc-49b9-9b6c-7ec781a10bb2_1074155869.jpeg?h=225&w=225,
302489950,Ella's Kitchen Sweetcorn Plus Carrot Melty Sticks 17G,https://www.tesco.com/groceries/en-GB/shop/baby/all?department=Baby%20%26%20Toddler%20Food&viewAll=department&page=,£1.20,£7.06/100g,,,/groceries/en-GB/products/302489950,https://digitalcontent.api.tesco.com/v2/media/ghs/fa975a10-8226-447d-954b-ec6001513a8d/160a7b28-2593-4dfd-b1dd-b54628633469_961086626.jpeg?h=225&w=225,
276867611,Heinz Fruit Pouch Apple Pear Banana 100G,https://www.tesco.com/groceries/en-GB/shop/baby/all?department=Baby%20%26%20Toddler%20Food&viewAll=department&page=,£1.00,£1.00/100g,Any 6 for £5 Clubcard Price - Selected Heinz Fruit Pouch 100g,,/groceries/en-GB/products/276867611,https://digitalcontent.api.tesco.com/v2/media/ghs/d0d5ff51-22a4-44f6-8ae8-0196512a4ce1/910844d8-c482-460c-9795-3580732c579e_42129474.jpeg?h=225&w=225,
258905295,Organix 12 Month Blackcurrant Fruit & Cereal Bar 6X30g,https://www.tesco.com/groceries/en-GB/shop/baby/all?department=Baby%20%26%20Toddler%20Food&viewAll=department&page=,£2.50,£1.39/100g,£2.00 Clubcard Price,,/groceries/en-GB/products/258905295,https://digitalcontent.api.tesco.com/v2/media/ghs/9bf7ecee-b688-425f-846a-b8184a0159f7/cf93b0e8-0fe6-46b2-81eb-1b52e40bc70e_1354717899.jpeg?h=225&w=225,
271028386,Ella's Kitchen Apples Apples Apples 70G,https://www.tesco.com/groceries/en-GB/shop/baby/all?department=Baby%20%26%20Toddler%20Food&viewAll=department&page=,£0.90,£1.29/100g,,,/groceries/en-GB/products/271028386,https://digitalcontent.api.tesco.com/v2/media/ghs/e3e99b8e-484b-47b4-b53e-d3e5c0b85380/53345561-7fa1-48c8-a306-4d2e54d4ed37_1764283331.jpeg?h=225&w=225,
276867536,Heinz Fruit Pouch Apple Mango 100G,https://www.tesco.com/groceries/en-GB/shop/baby/all?department=Baby%20%26%20Toddler%20Food&viewAll=department&page=,£1.00,£1.00/100g,Any 6 for £5 Clubcard Price - Selected Heinz Fruit Pouch 100g,,/groceries/en-GB/products/276867536,https://digitalcontent.api.tesco.com/v2/media/ghs/13ee9d00-0f8b-46ac-a09f-7e7ddc4f9633/3b5c3d49-4db0-44f9-b1bb-5f6c39104c2d_256818442.jpeg?h=225&w=225,
298597326,Tilda Kids Cheese & Tomato Rice 125G,https://www.tesco.com/groceries/en-GB/shop/baby/all?department=Baby%20%26%20Toddler%20Food&viewAll=department&page=,£1.15,£9.20/kg,£1.00 Clubcard Price,,/groceries/en-GB/products/298597326,https://digitalcontent.api.tesco.com/v2/media/ghs/ce887bf0-9dbf-4e49-a33c-43e5d1aadb0e/e2e0256d-58fd-4813-adb1-15a41ad80d53_1170942130.jpeg?h=225&w=225,
311263967,Organix Strawberry Rice Clouds 40G,https://www.tesco.com/groceries/en-GB/shop/baby/all?department=Baby%20%26%20Toddler%20Food&viewAll=department&page=,£1.25,£31.25/kg,£1.00 Clubcard Price,,/groceries/en-GB/products/311263967,https://digitalcontent.api.tesco.com/v2/media/ghs/a7be51e6-0c28-41c9-a1c7-1d9884a6cdc1/ea9557dd-6e4d-43b5-91ca-d5297798d052_664400356.jpeg?h=225&w=225,
312346148,Organix Kids Red Berries & Apple Smash Pouch 100G,https://www.tesco.com/groceries/en-GB/shop/baby/all?department=Baby%20%26%20Toddler%20Food&viewAll=department&page=,£1.20,£1.20/100g,£1.00 Clubcard Price,,/groceries/en-GB/products/312346148,https://digitalcontent.api.tesco.com/v2/media/ghs/d6d4610d-10e8-4d6a-9621-d39ed95270ee/05483089-a414-4719-bf79-61006b86a353_886519100.jpeg?h=225&w=225,
311205070,Organix Banana Rice Cake Clouds 40G,https://www.tesco.com/groceries/en-GB/shop/baby/all?department=Baby%20%26%20Toddler%20Food&viewAll=department&page=,£1.25,£31.25/kg,£1.00 Clubcard Price,,/groceries/en-GB/products/311205070,https://digitalcontent.api.tesco.com/v2/media/ghs/d9e0ead9-cc44-4b63-926b-dce915cea1cd/7a38b934-3421-4977-b1b0-137e13a2ff75_935868285.jpeg?h=225&w=225,
312111259,Organix Kids Apple & Mango Smash Pouch 100G,https://www.tesco.com/groceries/en-GB/shop/baby/all?department=Baby%20%26%20Toddler%20Food&viewAll=department&page=,£1.20,£1.20/100g,£1.00 Clubcard Price,,/groceries/en-GB/products/312111259,https://digitalcontent.api.tesco.com/v2/media/ghs/29ce2698-5c07-4c6d-b103-b5522d9d7056/3ad6456f-d8c5-4bd1-8a8b-e931773a3a4a_54792942.jpeg?h=225&w=225,
295460510,Ella's Kitchen Parsnip & Carrot Melty Puffs 20G,https://www.tesco.com/groceries/en-GB/shop/baby/all?department=Baby%20%26%20Toddler%20Food&viewAll=department&page=,£0.80,£4.00/100g,70p Clubcard Price,,/groceries/en-GB/products/295460510,https://digitalcontent.api.tesco.com/v2/media/ghs/29530765-8a69-4985-add1-1b75d41422de/25d300dd-07d5-4603-aece-cf0d90604b6a_405332603.jpeg?h=225&w=225,
262433893,Organix 7 Month Crunchy Slices Tomato 20G,https://www.tesco.com/groceries/en-GB/shop/baby/all?department=Baby%20%26%20Toddler%20Food&viewAll=department&page=,£0.65,£3.25/100g,Any 5 for £3 Clubcard Price - Selected Organix Or Kiddylicious 6g - 20g,,/groceries/en-GB/products/262433893,https://digitalcontent.api.tesco.com/v2/media/ghs/d2b86028-a415-44f0-8a6d-8c001992ef41/dc02558a-985f-4c1a-801b-6c3a7da7862b_1242035998.jpeg?h=225&w=225,
286347837,Ella's Kitchen Leek & Tomato Melty Puffs 20G,https://www.tesco.com/groceries/en-GB/shop/baby/all?department=Baby%20%26%20Toddler%20Food&viewAll=department&page=,£0.80,£4.00/100g,70p Clubcard Price,,/groceries/en-GB/products/286347837,https://digitalcontent.api.tesco.com/v2/media/ghs/9ab3b1ae-25f6-4e80-934d-d011ece351de/e595b612-8328-4f22-a67f-2d5d0adf1713_909299185.jpeg?h=225&w=225,
258904624,Organix Melty Sweetcorn Rings 20G,https://www.tesco.com/groceries/en-GB/shop/baby/all?department=Baby%20%26%20Toddler%20Food&viewAll=department&page=,£0.65,£3.25/100g,Any 5 for £3 Clubcard Price - Selected Organix Or Kiddylicious 6g - 20g,,/groceries/en-GB/products/258904624,https://digitalcontent.api.tesco.com/v2/media/ghs/759eb334-8f66-44c8-8546-0e211bcc61ff/d3366d5f-f5ab-4e4c-8bab-c36570661d84_1057735435.jpeg?h=225&w=225,
264880647,Heinz 7 Month Mums Own Cheesy Pasta Stars 200G,https://www.tesco.com/groceries/en-GB/shop/baby/all?department=Baby%20%26%20Toddler%20Food&viewAll=department&page=,£0.90,£4.50/kg,,,/groceries/en-GB/products/264880647,https://digitalcontent.api.tesco.com/v2/media/ghs/d0684fca-6949-4d36-8006-c1635ba162cb/2d845805-1c2f-4c43-88be-554f8df39ae8_1939567310.jpeg?h=225&w=225,
264154471,Heinz Apple Biscotti 60G,https://www.tesco.com/groceries/en-GB/shop/baby/all?department=Baby%20%26%20Toddler%20Food&viewAll=department&page=,£0.90,£1.50/100g,Any 4 for £3 Clubcard Price - Selected Heinz Biscotti 60g,,/groceries/en-GB/products/264154471,https://digitalcontent.api.tesco.com/v2/media/ghs/c4406538-25d4-45c7-8842-ac2fbfa6444d/1151ad1d-e34c-4abc-bad9-d29e99812fb2_1409463090.jpeg?h=225&w=225,
304393881,Tesco Veggie & Red Lentil Bake 130G,https://www.tesco.com/groceries/en-GB/shop/baby/all?department=Baby%20%26%20Toddler%20Food&viewAll=department&page=,£0.85,£6.54/kg,,,/groceries/en-GB/products/304393881,https://digitalcontent.api.tesco.com/v2/media/ghs/65cabf97-c86e-4a42-918e-597d4bbbe229/4bcb2f92-4fc8-4a2a-b0eb-9e7938f16231_1588100048.jpeg?h=225&w=225,
267999318,Heinz Banana Biscotti 60G,https://www.tesco.com/groceries/en-GB/shop/baby/all?department=Baby%20%26%20Toddler%20Food&viewAll=department&page=,£0.90,£1.50/100g,Any 4 for £3 Clubcard Price - Selected Heinz Biscotti 60g,,/groceries/en-GB/products/267999318,https://digitalcontent.api.tesco.com/v2/media/ghs/bc486d66-1ab7-4950-b92d-2509681bb8f1/62595702-af64-4ca8-b6ba-c918fc48e721_1597782314.jpeg?h=225&w=225,
301269204,Tesco Courgette Aubergine & Red Pepper Pouch 130G,https://www.tesco.com/groceries/en-GB/shop/baby/all?department=Baby%20%26%20Toddler%20Food&viewAll=department&page=,£0.85,£6.54/kg,,,/groceries/en-GB/products/301269204,https://digitalcontent.api.tesco.com/v2/media/ghs/ff9fd739-10b4-4554-8865-22cef23d7b23/61e26713-80eb-4321-8fc9-0dd12105becc_1256879735.jpeg?h=225&w=225,
278214961,Organix Apple & Strawberry Gummies 12G,https://www.tesco.com/groceries/en-GB/shop/baby/all?department=Baby%20%26%20Toddler%20Food&viewAll=department&page=,£0.65,£5.42/100g,Any 5 for £3 Clubcard Price - Selected Organix Or Kiddylicious 6g - 20g,,/groceries/en-GB/products/278214961,https://digitalcontent.api.tesco.com/v2/media/ghs/96e3d760-aca1-48fe-9d9d-a109975206f3/8f0a8872-808b-481e-906a-f06ae67cf0bd_631576742.jpeg?h=225&w=225,
301324675,Tesco Vegetable Rice Babyfood 200G,https://www.tesco.com/groceries/en-GB/shop/baby/all?department=Baby%20%26%20Toddler%20Food&viewAll=department&page=,£1.05,£5.25/kg,,,/groceries/en-GB/products/301324675,https://digitalcontent.api.tesco.com/v2/media/ghs/9b4b2f0e-2d7e-43fe-bfee-c3557f5e538d/0862fa7a-debe-4d75-82ba-7f51128f85a1_584331895.jpeg?h=225&w=225,
304410089,Tesco Cheesy Pasta With Butternut Squash 130G 7 Month,https://www.tesco.com/groceries/en-GB/shop/baby/all?department=Baby%20%26%20Toddler%20Food&viewAll=department&page=,£0.85,£6.54/kg,,,/groceries/en-GB/products/304410089,https://digitalcontent.api.tesco.com/v2/media/ghs/35319984-b368-4bb0-a923-78b91b42b409/8633761e-38f8-48e6-a117-f25fbedab074_1890940042.jpeg?h=225&w=225,
301324519,Tesco Tomato & Courgette Spaghetti Mini Meal 190G,https://www.tesco.com/groceries/en-GB/shop/baby/all?department=Baby%20%26%20Toddler%20Food&viewAll=department&page=,£1.05,£5.53/kg,,,/groceries/en-GB/products/301324519,https://digitalcontent.api.tesco.com/v2/media/ghs/5d6e0b08-5d6b-4c88-b195-89a8d5fd916d/24d4a568-d5ff-430f-9c68-7f8b452ed6cc_886176452.jpeg?h=225&w=225,
301269227,Tesco Spaghetti Bolognese Pouch 130G,https://www.tesco.com/groceries/en-GB/shop/baby/all?department=Baby%20%26%20Toddler%20Food&viewAll=department&page=,£0.85,£6.54/kg,,,/groceries/en-GB/products/301269227,https://digitalcontent.api.tesco.com/v2/media/ghs/d48ca178-629a-4398-b471-d97161c9f300/deaee202-afa2-481c-affe-c8a1b6e0cee5_492459674.jpeg?h=225&w=225,
301324491,Tesco Cottage Pie Baby Food 190G,https://www.tesco.com/groceries/en-GB/shop/baby/all?department=Baby%20%26%20Toddler%20Food&viewAll=department&page=,£1.05,£5.53/kg,,,/groceries/en-GB/products/301324491,https://digitalcontent.api.tesco.com/v2/media/ghs/de88349f-7c7d-49d5-8b44-24d2b6534626/ad02598c-5410-470a-97dd-6037cca4d848_298695644.jpeg?h=225&w=225,
301324531,Tesco Spaghetti Bolognese Baby Tray 190G,https://www.tesco.com/groceries/en-GB/shop/baby/all?department=Baby%20%26%20Toddler%20Food&viewAll=department&page=,£1.05,£5.53/kg,,,/groceries/en-GB/products/301324531,https://digitalcontent.api.tesco.com/v2/media/ghs/7ce35ce1-29ee-4d5f-a4c0-40945b1fb416/1a1626ec-54a3-4867-b55f-ecb9337ffe9f_216748470.jpeg?h=225&w=225,
304375049,Tesco Cheesy Pasta With Butternut Squash 200G 12M,https://www.tesco.com/groceries/en-GB/shop/baby/all?department=Baby%20%26%20Toddler%20Food&viewAll=department&page=,£1.05,£5.25/kg,,,/groceries/en-GB/products/304375049,https://digitalcontent.api.tesco.com/v2/media/ghs/41c6f888-d752-4c75-bd73-d5dabe55f6f6/0037f4d3-2829-4e17-ad09-017ec7a5871d_929605465.jpeg?h=225&w=225,
313364770,Little Freddie Organic Blueberry & Banana Greek Style Yogurt 6M+ 6 X 100G,https://www.tesco.com/groceries/en-GB/shop/baby/all?department=Baby%20%26%20Toddler%20Food&viewAll=department&page=,£6.85,£1.15/100g,,New,/groceries/en-GB/products/313364770,https://digitalcontent.api.tesco.com/v2/media/ghs/fd24f729-5691-45f3-be9d-f746370163b2/d449cf3d-37cc-484d-925e-5dac7693dba5_960962383.jpeg?h=225&w=225,
275459128,Ella's Kitchen The Yellow One Multipack 450G,https://www.tesco.com/groceries/en-GB/shop/baby/all?department=Baby%20%26%20Toddler%20Food&viewAll=department&page=,£3.85,£0.86/100g,£3.25 Clubcard Price,,/groceries/en-GB/products/275459128,https://digitalcontent.api.tesco.com/v2/media/ghs/ecbfec3a-6626-4dde-b863-458aaab97252/15326137-f9c3-442d-adb5-5c95300e632b_317185914.jpeg?h=225&w=225,
287001266,Organix Apple & Date 6 X 17G,https://www.tesco.com/groceries/en-GB/shop/baby/all?department=Baby%20%26%20Toddler%20Food&viewAll=department&page=,£2.50,£2.46/100g,,,/groceries/en-GB/products/287001266,https://digitalcontent.api.tesco.com/v2/media/ghs/935202cd-66f7-4aad-8247-605e055a103a/a3e4c8b9-c0fd-4f61-b134-8cda334e1fab_2097150827.jpeg?h=225&w=225,
273939232,Organix Mini Cheese Cracker 4 X 20G,https://www.tesco.com/groceries/en-GB/shop/baby/all?department=Baby%20%26%20Toddler%20Food&viewAll=department&page=,£2.50,£3.13/100g,,,/groceries/en-GB/products/273939232,https://digitalcontent.api.tesco.com/v2/media/ghs/6fb36b3c-c43e-4588-b320-e295c2149c6a/ce5db8f9-bc6f-4b33-9761-40d490097203_799444858.jpeg?h=225&w=225,
287001289,Organix Banana & Date 6 X 17G,https://www.tesco.com/groceries/en-GB/shop/baby/all?department=Baby%20%26%20Toddler%20Food&viewAll=department&page=,£2.50,£2.46/100g,,,/groceries/en-GB/products/287001289,https://digitalcontent.api.tesco.com/v2/media/ghs/c2810b88-e2a2-438e-b981-bf98dcdd3574/cdd22961-9ea5-4683-9ab9-cbf2d5f0189b_512498495.jpeg?h=225&w=225,
271413287,Ella's Chicken Casserole With Rice 190G,https://www.tesco.com/groceries/en-GB/shop/baby/all?department=Baby%20%26%20Toddler%20Food&viewAll=department&page=,£2.10,£11.06/kg,Any 5 for 4 Clubcard Price - Cheapest Product Free - Selected Ellas Kitchen Food Products 130g Or 190g,,/groceries/en-GB/products/271413287,https://digitalcontent.api.tesco.com/v2/media/ghs/f5bc9481-cfe6-4660-ae29-07946683c208/c26ac01d-9e9f-4ca3-a3e2-0261de45e6d4_1198790399.jpeg?h=225&w=225,
301892709,Kiddylicious Apple Soft Biscotti 6X20g,https://www.tesco.com/groceries/en-GB/shop/baby/all?department=Baby%20%26%20Toddler%20Food&viewAll=department&page=,£2.50,£2.09/100g,,,/groceries/en-GB/products/301892709,https://digitalcontent.api.tesco.com/v2/media/ghs/c0a912f2-9213-454a-8492-0f702ea53467/9f0945b6-66ec-4902-b350-b26409fb5dc5_1703923396.jpeg?h=225&w=225,
260502452,Little Dish 1Yr+ Mild Chicken Curry 200G,https://www.tesco.com/groceries/en-GB/shop/baby/all?department=Baby%20%26%20Toddler%20Food&viewAll=department&page=,£2.60,£13.00/kg,£2.00 Clubcard Price,,/groceries/en-GB/products/260502452,https://digitalcontent.api.tesco.com/v2/media/ghs/9a6a4874-2063-4a3b-885e-83881500843d/520ef5a7-a9e7-4d37-ab10-5b637b489551.jpeg?h=225&w=225,
296704740,Kiddylicious Apple Bakes 6 X 22G,https://www.tesco.com/groceries/en-GB/shop/baby/all?department=Baby%20%26%20Toddler%20Food&viewAll=department&page=,£2.35,£1.79/100g,,,/groceries/en-GB/products/296704740,https://digitalcontent.api.tesco.com/v2/media/ghs/15d0b85f-5e57-4d78-835b-18f9a710495a/c338439d-7726-4a82-be8b-7bd08bc4aeaa_697400472.jpeg?h=225&w=225,
308478549,Kiddylicious Raspberry Crispy Tiddlers 4X12g,https://www.tesco.com/groceries/en-GB/shop/baby/all?department=Baby%20%26%20Toddler%20Food&viewAll=department&page=,£2.20,£4.59/100g,,,/groceries/en-GB/products/308478549,https://digitalcontent.api.tesco.com/v2/media/ghs/117b6a10-16e8-49d0-8820-e8a71176bb50/42dc3f3a-2a75-4df6-9899-01c379213395_1050664035.jpeg?h=225&w=225,
309483507,Ella's Kitchen 7Mth+ Summer Pudding 4X80g,https://www.tesco.com/groceries/en-GB/shop/baby/all?department=Baby%20%26%20Toddler%20Food&viewAll=department&page=,£2.25,£0.70/100g,,,/groceries/en-GB/products/309483507,https://digitalcontent.api.tesco.com/v2/media/ghs/d2efd0eb-89f1-44f1-88c0-3f1972c2bceb/2149e9a0-2d07-44dc-aeef-ea890c5b2ff2_520395876.jpeg?h=225&w=225,
264772257,Ella's Kitchen Organic Mango Baby Brekkie 100G,https://www.tesco.com/groceries/en-GB/shop/baby/all?department=Baby%20%26%20Toddler%20Food&viewAll=department&page=,£1.40,£14.00/kg,,,/groceries/en-GB/products/264772257,https://digitalcontent.api.tesco.com/v2/media/ghs/a1dba112-d5bb-467a-a21c-711049f19ec7/7884b428-9774-4b2f-ba0e-8e6e20802981_35848220.jpeg?h=225&w=225,
261383215,Ella's Kitchen Apples Plus Bananas 120G,https://www.tesco.com/groceries/en-GB/shop/baby/all?department=Baby%20%26%20Toddler%20Food&viewAll=department&page=,£1.30,£1.09/100g,,,/groceries/en-GB/products/261383215,https://digitalcontent.api.tesco.com/v2/media/ghs/bd2165fc-f9fd-46be-9a23-af4d475013c5/d665b949-8650-4168-a560-de358ad515f3_56991631.jpeg?h=225&w=225,
296704849,Kiddylicious Strawberry Wafer 10 X4 G,https://www.tesco.com/groceries/en-GB/shop/baby/all?department=Baby%20%26%20Toddler%20Food&viewAll=department&page=,£2.50,£6.25/100g,£2.00 Clubcard Price,,/groceries/en-GB/products/296704849,https://digitalcontent.api.tesco.com/v2/media/ghs/fdfe4a6b-2701-4f6d-b0e1-e849686c9955/07366df4-4410-4223-a176-b616e9f063fb_609450458.jpeg?h=225&w=225,
255335829,Organix Gingerbread Men 135G,https://www.tesco.com/groceries/en-GB/shop/baby/all?department=Baby%20%26%20Toddler%20Food&viewAll=department&page=,£2.50,£1.86/100g,,,/groceries/en-GB/products/255335829,https://digitalcontent.api.tesco.com/v2/media/ghs/9a23e208-ac68-42c8-9199-dc38dc363c54/3ed3c64c-7c1c-4be2-80ca-188c95a1dbcc_566500152.jpeg?h=225&w=225,
303315585,Organix Jammie Monster 64G,https://www.tesco.com/groceries/en-GB/shop/baby/all?department=Baby%20%26%20Toddler%20Food&viewAll=department&page=,£2.50,£3.91/100g,£2.00 Clubcard Price,,/groceries/en-GB/products/303315585,https://digitalcontent.api.tesco.com/v2/media/ghs/0bf90265-5f6d-447a-974d-9215725ace58/287df18d-8938-4f3e-bdbb-24611672e9b6_1005238533.jpeg?h=225&w=225,
299233059,Heinz Spaghetti Bolognese 230G,https://www.tesco.com/groceries/en-GB/shop/baby/all?department=Baby%20%26%20Toddler%20Food&viewAll=department&page=,£1.70,£7.40/kg,Any 2 for £3 Clubcard Price - Selected Heinz 230g,,/groceries/en-GB/products/299233059,https://digitalcontent.api.tesco.com/v2/media/ghs/5ddc548b-0e7a-4444-a4e3-da58729f0bf1/82f1b139-0cd5-4f8a-a4af-1540d2fc26ce_442053764.jpeg?h=225&w=225,
295474610,Ella's Kitchen Banana & Coconut 120G,https://www.tesco.com/groceries/en-GB/shop/baby/all?department=Baby%20%26%20Toddler%20Food&viewAll=department&page=,£1.30,£1.09/100g,,,/groceries/en-GB/products/295474610,https://digitalcontent.api.tesco.com/v2/media/ghs/cb40f1ed-a410-4079-9773-4e9dce0e9af8/f2c5b1f3-9a29-42f2-97e3-db1bf9df469e_781975499.jpeg?h=225&w=225,
268534919,Ella's Kitchen Chicken Casserole 130G,https://www.tesco.com/groceries/en-GB/shop/baby/all?department=Baby%20%26%20Toddler%20Food&viewAll=department&page=,£1.70,£13.08/kg,Any 5 for 4 Clubcard Price - Cheapest Product Free - Selected Ellas Kitchen Food Products 130g Or 190g,,/groceries/en-GB/products/268534919,https://digitalcontent.api.tesco.com/v2/media/ghs/db05db82-036a-4eb3-8265-1277c2178bf8/cf3bdaf0-888d-44b0-8650-31e0858dc5ad_1342534467.jpeg?h=225&w=225,
295487179,Ella's Kitchen Cottage Pie 130G,https://www.tesco.com/groceries/en-GB/shop/baby/all?department=Baby%20%26%20Toddler%20Food&viewAll=department&page=,£1.70,£13.08/kg,Any 5 for 4 Clubcard Price - Cheapest Product Free - Selected Ellas Kitchen Food Products 130g Or 190g,,/groceries/en-GB/products/295487179,https://digitalcontent.api.tesco.com/v2/media/ghs/a804f007-afd5-4799-80d5-07ebb8ff41c5/18d7f4eb-b9d2-4e17-97b0-cda19af2547a_84939102.jpeg?h=225&w=225,
271413120,Ella's Cheesy Pie Stage2 130G,https://www.tesco.com/groceries/en-GB/shop/baby/all?department=Baby%20%26%20Toddler%20Food&viewAll=department&page=,£1.70,£13.08/kg,Any 5 for 4 Clubcard Price - Cheapest Product Free - Selected Ellas Kitchen Food Products 130g Or 190g,,/groceries/en-GB/products/271413120,https://digitalcontent.api.tesco.com/v2/media/ghs/edf48cce-0917-4379-bfcc-a9be9c0099b4/0b97f5d6-b5b6-4270-ac63-67e5242954f5_204856608.jpeg?h=225&w=225,
261384001,Ella's Kitchen Sweet Potato Pumpkin Apple & Blueberries 120G,https://www.tesco.com/groceries/en-GB/shop/baby/all?department=Baby%20%26%20Toddler%20Food&viewAll=department&page=,£1.30,£1.09/100g,,,/groceries/en-GB/products/261384001,https://digitalcontent.api.tesco.com/v2/media/ghs/c6a9fd74-7c2c-4363-85af-cd182a1ec5ba/258391d8-4e19-4cfa-801a-8d415dd18549_280908519.jpeg?h=225&w=225,
292718839,Organix Mini Oaty Bites 11X10g,https://www.tesco.com/groceries/en-GB/shop/baby/all?department=Baby%20%26%20Toddler%20Food&viewAll=department&page=,£2.00,£1.82/100g,,,/groceries/en-GB/products/292718839,https://digitalcontent.api.tesco.com/v2/media/ghs/1dff5ac2-6911-47df-885f-7966e8797608/6ba6b124-5d97-4e2c-b8a6-dfc893e76460_428987406.jpeg?h=225&w=225,
261383169,Ella's Kitchen Apples Carrots Plus Parsnips 120G,https://www.tesco.com/groceries/en-GB/shop/baby/all?department=Baby%20%26%20Toddler%20Food&viewAll=department&page=,£1.30,£10.84/kg,,,/groceries/en-GB/products/261383169,https://digitalcontent.api.tesco.com/v2/media/ghs/d3a4614c-2747-4709-a57a-f774c3c9f574/d580dde0-145b-42c0-a5d1-3c4a5b33a45a_1870620762.jpeg?h=225&w=225,
312365373,Kendamil Organic Smooth Baby Rice 4-6 Months 120G,https://www.tesco.com/groceries/en-GB/shop/baby/all?department=Baby%20%26%20Toddler%20Food&viewAll=department&page=,£2.10,£17.50/kg,,New,/groceries/en-GB/products/312365373,https://digitalcontent.api.tesco.com/v2/media/ghs/bf95433c-3c9d-45f9-ba07-7fd291f9c4bb/e1622dcc-7c79-4f7f-8df2-1c908c861168_903933803.jpeg?h=225&w=225,
313181790,Little Freddie Organic Carrot & Chickpea 6M+ 120G,https://www.tesco.com/groceries/en-GB/shop/baby/all?department=Baby%20%26%20Toddler%20Food&viewAll=department&page=,£1.55,£1.30/100g,£1.00 Clubcard Price,,/groceries/en-GB/products/313181790,https://digitalcontent.api.tesco.com/v2/media/ghs/d29b4e97-2fe4-40c8-91a9-b67a428fd972/6bd28c57-64a8-48c9-bd5c-22d7b46445fe_706708018.jpeg?h=225&w=225,
278234919,Heinz Fruit Pouch Strawberry Raspberry & Banana 100G,https://www.tesco.com/groceries/en-GB/shop/baby/all?department=Baby%20%26%20Toddler%20Food&viewAll=department&page=,£1.00,£1.00/100g,Any 6 for £5 Clubcard Price - Selected Heinz Fruit Pouch 100g,,/groceries/en-GB/products/278234919,https://digitalcontent.api.tesco.com/v2/media/ghs/b2d9eee3-1554-4644-8a0f-01c19d869582/1073ddf3-1f60-43c8-aee8-fcfbfb20e3fa_1988654760.jpeg?h=225&w=225,
260827874,Organix Carrot Stix Multi Pack 4X15g,https://www.tesco.com/groceries/en-GB/shop/baby/all?department=Baby%20%26%20Toddler%20Food&viewAll=department&page=,£2.00,£3.34/100g,£1.50 Clubcard Price,,/groceries/en-GB/products/260827874,https://digitalcontent.api.tesco.com/v2/media/ghs/74696371-b7b9-4255-a9a5-10ed6f1d3ae0/022770b9-da1a-4568-84cb-3731548a13be_983563806.jpeg?h=225&w=225,
276873160,Ella's Kitchen Mangoes Pears Papayas Stage 1 X 120G,https://www.tesco.com/groceries/en-GB/shop/baby/all?department=Baby%20%26%20Toddler%20Food&viewAll=department&page=,£1.30,£1.09/100g,,,/groceries/en-GB/products/276873160,https://digitalcontent.api.tesco.com/v2/media/ghs/7811a7ed-ad79-491c-87de-75bdaba9cf5d/3809f052-dfc2-4992-98c6-507246d4153a_1193197392.jpeg?h=225&w=225,
276867761,Heinz Fruit Pouch Peach Mango & Banana 100G,https://www.tesco.com/groceries/en-GB/shop/baby/all?department=Baby%20%26%20Toddler%20Food&viewAll=department&page=,£1.00,£1.00/100g,Any 6 for £5 Clubcard Price - Selected Heinz Fruit Pouch 100g,,/groceries/en-GB/products/276867761,https://digitalcontent.api.tesco.com/v2/media/ghs/7649a189-c81b-4c1c-abeb-7a319eb5f476/98064383-a021-4f7c-8db6-c2b0d5fe6bee_121407282.jpeg?h=225&w=225,
271646161,Organix Noughts & Crosses 4X15g,https://www.tesco.com/groceries/en-GB/shop/baby/all?department=Baby%20%26%20Toddler%20Food&viewAll=department&page=,£2.00,£3.34/100g,£1.50 Clubcard Price,,/groceries/en-GB/products/271646161,https://digitalcontent.api.tesco.com/v2/media/ghs/b40b81b6-d80d-4e8b-8261-686ed25bbe37/2cf218eb-d7f8-4c9d-a2b2-4eb5f780aa29_1776015755.jpeg?h=225&w=225,
271028138,Ella's Kitchen Pears 70G,https://www.tesco.com/groceries/en-GB/shop/baby/all?department=Baby%20%26%20Toddler%20Food&viewAll=department&page=,£0.90,£1.29/100g,,,/groceries/en-GB/products/271028138,https://digitalcontent.api.tesco.com/v2/media/ghs/839855c3-a6a0-4359-8384-46566ab660c2/be0f3f80-7736-43f1-82c3-7efdf97ade06_1747827750.jpeg?h=225&w=225,
298597384,Tilda Kids Mild Curry Rice 125G,https://www.tesco.com/groceries/en-GB/shop/baby/all?department=Baby%20%26%20Toddler%20Food&viewAll=department&page=,£1.15,£9.20/kg,£1.00 Clubcard Price,,/groceries/en-GB/products/298597384,https://digitalcontent.api.tesco.com/v2/media/ghs/24603610-951d-477b-a167-0c65ac93be91/31891d87-4c7b-4d30-ab02-667e2f144a75_944696737.jpeg?h=225&w=225,
303349942,Tilda Kids Vegetable Paella 125G,https://www.tesco.com/groceries/en-GB/shop/baby/all?department=Baby%20%26%20Toddler%20Food&viewAll=department&page=,£1.15,£9.20/kg,£1.00 Clubcard Price,,/groceries/en-GB/products/303349942,https://digitalcontent.api.tesco.com/v2/media/ghs/a3abce5d-163f-4f83-aaf7-d21bfa40ba08/14b0aa3a-be67-4976-86d3-f0b65d4fffb8_2030693504.jpeg?h=225&w=225,
299234162,Heinz Pear & Apple Custard 4X100g,https://www.tesco.com/groceries/en-GB/shop/baby/all?department=Baby%20%26%20Toddler%20Food&viewAll=department&page=,£1.50,£0.38/100g,,,/groceries/en-GB/products/299234162,https://digitalcontent.api.tesco.com/v2/media/ghs/e3c7cd99-ba9d-475a-8829-b800e629d83d/5c0f2596-aab9-4968-bc2e-c12e7e7c5945_661370499.jpeg?h=225&w=225,
312994739,Little Freddie Organic Blueberry & Banana Greek Style Yogurt 6M+ 100G,https://www.tesco.com/groceries/en-GB/shop/baby/all?department=Baby%20%26%20Toddler%20Food&viewAll=department&page=,£1.30,£1.30/100g,£1.00 Clubcard Price,,/groceries/en-GB/products/312994739,https://digitalcontent.api.tesco.com/v2/media/ghs/6da2e25c-f26e-4ff2-93b8-6670679ce3fc/5777526c-41fe-45a3-9241-435dbe0b96ee_552711147.jpeg?h=225&w=225,
313001682,Little Freddie Organic Prune Greek Style Yogurt With Oats 6M+ 100G,https://www.tesco.com/groceries/en-GB/shop/baby/all?department=Baby%20%26%20Toddler%20Food&viewAll=department&page=,£1.30,£1.30/100g,£1.00 Clubcard Price,,/groceries/en-GB/products/313001682,https://digitalcontent.api.tesco.com/v2/media/ghs/dfbff75f-c544-45f0-bb71-cb66158eba5a/b5395e3a-871c-45fc-a242-6cac1b04d4ae_1819281098.jpeg?h=225&w=225,
313000406,Little Freddie Organic Pink Lady Greek Style Yogurt 6M+ 100G,https://www.tesco.com/groceries/en-GB/shop/baby/all?department=Baby%20%26%20Toddler%20Food&viewAll=department&page=,£1.30,£1.30/100g,£1.00 Clubcard Price,,/groceries/en-GB/products/313000406,https://digitalcontent.api.tesco.com/v2/media/ghs/21bc5750-6359-45f8-b9d5-4bbe5bd98be5/3f30330e-25f7-4c6d-b118-1eeac8cf98a1_26874129.jpeg?h=225&w=225,
264880549,Heinz 7 Month Mums Own Sunday Chicken Dinner 200G,https://www.tesco.com/groceries/en-GB/shop/baby/all?department=Baby%20%26%20Toddler%20Food&viewAll=department&page=,£0.90,£4.50/kg,,,/groceries/en-GB/products/264880549,https://digitalcontent.api.tesco.com/v2/media/ghs/dc879a0c-0896-45bf-9238-1994cf6056c5/2da0505b-8c6e-4718-9ec4-388598f5457c_197098958.jpeg?h=225&w=225,
286639164,Heinz Biscotti Mango & Apricot 60G,https://www.tesco.com/groceries/en-GB/shop/baby/all?department=Baby%20%26%20Toddler%20Food&viewAll=department&page=,£0.90,£1.50/100g,Any 4 for £3 Clubcard Price - Selected Heinz Biscotti 60g,,/groceries/en-GB/products/286639164,https://digitalcontent.api.tesco.com/v2/media/ghs/97cbe70a-7136-4edf-a71d-6ac987bdcc0d/e155fcdc-a6e1-4d87-a3bc-394cc00355da_1120737123.jpeg?h=225&w=225,
313384694,"Little Freddie Organic B/Sqsh, Lentil & Coconut 6M+ 120G",https://www.tesco.com/groceries/en-GB/shop/baby/all?department=Baby%20%26%20Toddler%20Food&viewAll=department&page=,£1.55,£1.30/100g,£1.00 Clubcard Price,,/groceries/en-GB/products/313384694,https://digitalcontent.api.tesco.com/v2/media/ghs/ee8d4453-4c86-45e9-9935-dfb2795d549c/15369e11-13bf-4363-9611-974433a2f978_1473599173.jpeg?h=225&w=225,
264776092,Heinz 7 Month Mums Own Very Mild Mango Chicken Curry 200G,https://www.tesco.com/groceries/en-GB/shop/baby/all?department=Baby%20%26%20Toddler%20Food&viewAll=department&page=,£0.90,£4.50/kg,,,/groceries/en-GB/products/264776092,https://digitalcontent.api.tesco.com/v2/media/ghs/3bd2e7eb-2318-47da-86f2-5a4e42e37894/fc5ac1eb-f2d2-4d07-b5dd-f822de799986_960307344.jpeg?h=225&w=225,
264880463,Heinz 7 Month Mums Own Spaghetti Bolognese 200G,https://www.tesco.com/groceries/en-GB/shop/baby/all?department=Baby%20%26%20Toddler%20Food&viewAll=department&page=,£0.90,£4.50/kg,,,/groceries/en-GB/products/264880463,https://digitalcontent.api.tesco.com/v2/media/ghs/49f14129-1abd-4e48-b297-288036cf6d33/f6bfbfd4-9a01-4add-8a07-ee14e65bb68e_361426331.jpeg?h=225&w=225,
304405499,Tesco Green Veggies 100G,https://www.tesco.com/groceries/en-GB/shop/baby/all?department=Baby%20%26%20Toddler%20Food&viewAll=department&page=,£0.70,£7.00/kg,,,/groceries/en-GB/products/304405499,https://digitalcontent.api.tesco.com/v2/media/ghs/78341d3a-5165-488d-8b9b-78ed727d7c89/285a15a6-e074-45e6-97ef-4c213e60a649_1820141854.jpeg?h=225&w=225,
256571904,Heinz 7 Month Mums Own Cottage Pie 200G,https://www.tesco.com/groceries/en-GB/shop/baby/all?department=Baby%20%26%20Toddler%20Food&viewAll=department&page=,£0.90,£4.50/kg,,,/groceries/en-GB/products/256571904,https://digitalcontent.api.tesco.com/v2/media/ghs/671501bc-cffb-441e-b3dd-6a26da0e1255/8109351a-cb10-42bc-998a-cf9fec1ca751_1448447656.jpeg?h=225&w=225,
301269187,Tesco Carrot Sweet Potato Swede Pouch 100G,https://www.tesco.com/groceries/en-GB/shop/baby/all?department=Baby%20%26%20Toddler%20Food&viewAll=department&page=,£0.70,£7.00/kg,,,/groceries/en-GB/products/301269187,https://digitalcontent.api.tesco.com/v2/media/ghs/6efaded7-bf7b-465f-b0c2-96f955f98b03/db31b5a7-6ae9-42b9-b550-77a274063f8f_775075631.jpeg?h=225&w=225,
304373536,Tesco Veggie & Salmon Pie 130G,https://www.tesco.com/groceries/en-GB/shop/baby/all?department=Baby%20%26%20Toddler%20Food&viewAll=department&page=,£0.85,£6.54/kg,,,/groceries/en-GB/products/304373536,https://digitalcontent.api.tesco.com/v2/media/ghs/6f0f9774-d72a-4b8a-86b0-71b8b69bfbfd/e336ac3f-ceb6-4d25-a4da-8f5b1e3e46d4_2037338732.jpeg?h=225&w=225,
283469522,Ella's Kitchen Pink One 450G,https://www.tesco.com/groceries/en-GB/shop/baby/all?department=Baby%20%26%20Toddler%20Food&viewAll=department&page=,£3.85,£0.86/100g,,,/groceries/en-GB/products/283469522,https://digitalcontent.api.tesco.com/v2/media/ghs/36223bba-1761-421f-8893-86acb92bbb17/6415543a-adc1-450f-9c27-a544f83c8d0b_1972577747.jpeg?h=225&w=225,
276872610,Ella's Kitchen The Orange One Multipack 450G,https://www.tesco.com/groceries/en-GB/shop/baby/all?department=Baby%20%26%20Toddler%20Food&viewAll=department&page=,£3.85,£0.86/100g,£3.25 Clubcard Price,,/groceries/en-GB/products/276872610,https://digitalcontent.api.tesco.com/v2/media/ghs/eddb3f54-2492-4033-accf-b126aeaef3ae/a99583d2-cf93-4ec5-98ef-aa4a7adc284c_673026180.jpeg?h=225&w=225,
296714660,Kiddylicious Coconut Rolls 56G,https://www.tesco.com/groceries/en-GB/shop/baby/all?department=Baby%20%26%20Toddler%20Food&viewAll=department&page=,£2.50,£4.47/100g,,,/groceries/en-GB/products/296714660,https://digitalcontent.api.tesco.com/v2/media/ghs/567cc159-e839-4586-a780-5aa8618ed096/45f3bc0a-0878-4368-8efd-06180a686522_431895712.jpeg?h=225&w=225,
282266328,Organix Baby Rice 100G,https://www.tesco.com/groceries/en-GB/shop/baby/all?department=Baby%20%26%20Toddler%20Food&viewAll=department&page=,£2.50,£2.50/100g,,New,/groceries/en-GB/products/282266328,https://digitalcontent.api.tesco.com/v2/media/ghs/717d1f8c-7424-4cf4-bb2e-86c1fb63c122/snapshotimagehandler_496676267.jpeg?h=225&w=225,
271413477,Ella's Kitchen Stage 3 Spaghetti Bolognese 190G,https://www.tesco.com/groceries/en-GB/shop/baby/all?department=Baby%20%26%20Toddler%20Food&viewAll=department&page=,£2.10,£11.06/kg,Any 5 for 4 Clubcard Price - Cheapest Product Free - Selected Ellas Kitchen Food Products 130g Or 190g,,/groceries/en-GB/products/271413477,https://digitalcontent.api.tesco.com/v2/media/ghs/d334fd69-ce94-40ae-af00-1e654d06b0bb/f0d7439f-ade8-4ec8-8703-c7d2c223247b_115154513.jpeg?h=225&w=225,
273881805,Ella's Kitchen Wonderfully Warming Beef Stew 190G,https://www.tesco.com/groceries/en-GB/shop/baby/all?department=Baby%20%26%20Toddler%20Food&viewAll=department&page=,£2.10,£11.06/kg,Any 5 for 4 Clubcard Price - Cheapest Product Free - Selected Ellas Kitchen Food Products 130g Or 190g,,/groceries/en-GB/products/273881805,https://digitalcontent.api.tesco.com/v2/media/ghs/5d6499ed-f23f-4d26-ae4c-f2f4f3f121fa/5c6ab05c-362f-4d5d-8d93-2d8da3ddf9b2_26952854.jpeg?h=225&w=225,
264772361,Ella's Kitchen Organic Cottage Pie With Cinnamon 190G,https://www.tesco.com/groceries/en-GB/shop/baby/all?department=Baby%20%26%20Toddler%20Food&viewAll=department&page=,£2.10,£11.06/kg,Any 5 for 4 Clubcard Price - Cheapest Product Free - Selected Ellas Kitchen Food Products 130g Or 190g,,/groceries/en-GB/products/264772361,https://digitalcontent.api.tesco.com/v2/media/ghs/35ce7859-9465-48c3-bd6b-967b40d4122e/4749866f-51ff-4428-9c6b-c4bf904ac5e3_572799711.jpeg?h=225&w=225,
273882453,Ella's Kitchen Lovely Lamb Roast Dinner 190G,https://www.tesco.com/groceries/en-GB/shop/baby/all?department=Baby%20%26%20Toddler%20Food&viewAll=department&page=,£2.10,£11.06/kg,Any 5 for 4 Clubcard Price - Cheapest Product Free - Selected Ellas Kitchen Food Products 130g Or 190g,,/groceries/en-GB/products/273882453,https://digitalcontent.api.tesco.com/v2/media/ghs/1e805dbb-5385-4c30-a0bd-f506f9607e3b/1c065d96-7139-40fe-bfe5-8e784c5e2f01_326811040.jpeg?h=225&w=225,
305524305,Ella's Kitchen Organic Peas & Sweetcorn Puff Pops 4 X 9G,https://www.tesco.com/groceries/en-GB/shop/baby/all?department=Baby%20%26%20Toddler%20Food&viewAll=department&page=,£2.25,£6.25/100g,,,/groceries/en-GB/products/305524305,https://digitalcontent.api.tesco.com/v2/media/ghs/adde9e7c-6514-421c-b3bf-0afb76446998/bdaa8baa-b8da-48a8-9bed-6d877a95cd45_1250895622.jpeg?h=225&w=225,
302295073,Organix Mini Flapjack Bites Oat & Banana 4X20g,https://www.tesco.com/groceries/en-GB/shop/baby/all?department=Baby%20%26%20Toddler%20Food&viewAll=department&page=,£2.60,£3.25/100g,,,/groceries/en-GB/products/302295073,https://digitalcontent.api.tesco.com/v2/media/ghs/1c14b7e5-e75d-465e-aa7f-4ea3906ec796/6776653f-ea64-47c1-afb1-edbcbe628758_762061512.jpeg?h=225&w=225,
301892208,Ella's Kitchen Chicken Curry With Veggie Rice 190G,https://www.tesco.com/groceries/en-GB/shop/baby/all?department=Baby%20%26%20Toddler%20Food&viewAll=department&page=,£2.10,£11.06/kg,Any 5 for 4 Clubcard Price - Cheapest Product Free - Selected Ellas Kitchen Food Products 130g Or 190g,,/groceries/en-GB/products/301892208,https://digitalcontent.api.tesco.com/v2/media/ghs/1c36733a-0220-45f5-b505-fc19ae359add/9179358a-0df7-47c2-9bb1-f71e238bdfb6_971031901.jpeg?h=225&w=225,
292759370,Ella's Kitchen Banana & Vanilla Bread Pudding 4X80g,https://www.tesco.com/groceries/en-GB/shop/baby/all?department=Baby%20%26%20Toddler%20Food&viewAll=department&page=,£2.25,£0.62/100g,,,/groceries/en-GB/products/292759370,https://digitalcontent.api.tesco.com/v2/media/ghs/c2fea279-e5cd-4412-9ed9-ba0b90fb7725/b88df83b-23f2-43aa-945d-c2d70e9218b0_1458940829.jpeg?h=225&w=225,
286600117,Kiddylicious Multi Wriggles Strawberry 48G,https://www.tesco.com/groceries/en-GB/shop/baby/all?department=Baby%20%26%20Toddler%20Food&viewAll=department&page=,£2.20,£4.59/100g,,,/groceries/en-GB/products/286600117,https://digitalcontent.api.tesco.com/v2/media/ghs/96b25845-3ace-4210-a872-4433ad296532/765c3aca-72fe-479a-8edd-5f6c7d8ba33c_1984499441.jpeg?h=225&w=225,
311214600,Organix Apple Rice Cake Clouds 4 Pack 72G,https://www.tesco.com/groceries/en-GB/shop/baby/all?department=Baby%20%26%20Toddler%20Food&viewAll=department&page=,£2.50,£34.73/kg,,,/groceries/en-GB/products/311214600,https://digitalcontent.api.tesco.com/v2/media/ghs/9e266279-d85c-48ea-b088-422f953e0a64/1a30fe0c-7425-4aa2-984d-a8852d93a2c2_1771589682.jpeg?h=225&w=225,
312108379,Kendamil 6 Month Plus Cauliflower Broccoli & Tomato Bake 150G,https://www.tesco.com/groceries/en-GB/shop/baby/all?department=Baby%20%26%20Toddler%20Food&viewAll=department&page=,£2.40,£16.00/kg,,New,/groceries/en-GB/products/312108379,https://digitalcontent.api.tesco.com/v2/media/ghs/b2777246-37c1-4adc-a33c-eabfb2a62cb5/4a8de36a-4e49-4b64-802c-f064ce60a5d9_375396032.jpeg?h=225&w=225,
273881978,Ella's Kitchen Cheery Chicken Roast Dinner 130G,https://www.tesco.com/groceries/en-GB/shop/baby/all?department=Baby%20%26%20Toddler%20Food&viewAll=department&page=,£1.70,£13.08/kg,Any 5 for 4 Clubcard Price - Cheapest Product Free - Selected Ellas Kitchen Food Products 130g Or 190g,,/groceries/en-GB/products/273881978,https://digitalcontent.api.tesco.com/v2/media/ghs/699e4ee5-cad9-448e-9070-19b4207e1cf0/3c3bd8a4-f6fa-4548-8966-18a6e4614178_698900834.jpeg?h=225&w=225,
311803427,Kendamil Banana Porridge 150G,https://www.tesco.com/groceries/en-GB/shop/baby/all?department=Baby%20%26%20Toddler%20Food&viewAll=department&page=,£2.40,£16.00/kg,,New,/groceries/en-GB/products/311803427,https://digitalcontent.api.tesco.com/v2/media/ghs/c16b4997-1cd5-41fe-99a1-fdd15f4d693e/a30495fd-1fef-4518-926c-a54e3f490575_741046511.jpeg?h=225&w=225,
312092902,Kendamil Creamy Porridge 150G,https://www.tesco.com/groceries/en-GB/shop/baby/all?department=Baby%20%26%20Toddler%20Food&viewAll=department&page=,£2.40,£16.00/kg,,New,/groceries/en-GB/products/312092902,https://digitalcontent.api.tesco.com/v2/media/ghs/9f1e2e61-4243-4796-851f-e1efb684669a/9e8749bc-0f3f-4b81-986b-c4b2bd7e75b6_197993266.jpeg?h=225&w=225,
286671458,Kiddylicious Wafers Banana 40G,https://www.tesco.com/groceries/en-GB/shop/baby/all?department=Baby%20%26%20Toddler%20Food&viewAll=department&page=,£2.50,£6.25/100g,£2.00 Clubcard Price,,/groceries/en-GB/products/286671458,https://digitalcontent.api.tesco.com/v2/media/ghs/f4c3289c-1c8d-4169-a6b6-87cdc1983290/20e1b2ee-c032-4e22-9f9f-5691d3a96b73_1174639952.jpeg?h=225&w=225,
283763061,Heinz Creamy Porridge Jar 120G,https://www.tesco.com/groceries/en-GB/shop/baby/all?department=Baby%20%26%20Toddler%20Food&viewAll=department&page=,£0.70,£0.58/100g,,,/groceries/en-GB/products/283763061,https://digitalcontent.api.tesco.com/v2/media/ghs/ecbcd93e-e45d-4b26-9dd2-1f0d1a072e8b/039223a5-a0bc-4d9c-9ec4-45a426b796a5_1966884967.jpeg?h=225&w=225,
305438678,Ella's Kitchen Dairy Free Coconut Milk Banana & Apple Yogurt 6+Mth 90G,https://www.tesco.com/groceries/en-GB/shop/baby/all?department=Baby%20%26%20Toddler%20Food&viewAll=department&page=,£1.10,£1.23/100g,,,/groceries/en-GB/products/305438678,https://digitalcontent.api.tesco.com/v2/media/ghs/948b4e62-6cf3-42a3-ab8f-dbd904a6cb6c/959a4756-0da8-4ad1-bb6e-2dddff80ffbe_1385973061.jpeg?h=225&w=225,
308459078,Kiddylicious Raspberry & Apple Fruity Drops 4X16g,https://www.tesco.com/groceries/en-GB/shop/baby/all?department=Baby%20%26%20Toddler%20Food&viewAll=department&page=,£2.50,£3.91/100g,£2.00 Clubcard Price,,/groceries/en-GB/products/308459078,https://digitalcontent.api.tesco.com/v2/media/ghs/4b84e27c-37a4-4790-b0d6-c25f477d5e3c/cbb96e79-12f2-4cbc-a688-0b6d1a5882fb_1907878755.jpeg?h=225&w=225,
266197629,Organix 12 Month Goodies Animal Biscuits 100G,https://www.tesco.com/groceries/en-GB/shop/baby/all?department=Baby%20%26%20Toddler%20Food&viewAll=department&page=,£2.00,"£2,000.00/100g",,,/groceries/en-GB/products/266197629,https://digitalcontent.api.tesco.com/v2/media/ghs/b43d75ca-2581-448c-b2d5-42755e397b7f/6bc0e99c-8495-4af0-8e1f-9fa6cf7e2013_1831337984.jpeg?h=225&w=225,
278047012,Ella's Bangers & Mash Stage 2 130G,https://www.tesco.com/groceries/en-GB/shop/baby/all?department=Baby%20%26%20Toddler%20Food&viewAll=department&page=,£1.70,£13.08/kg,Any 5 for 4 Clubcard Price - Cheapest Product Free - Selected Ellas Kitchen Food Products 130g Or 190g,,/groceries/en-GB/products/278047012,https://digitalcontent.api.tesco.com/v2/media/ghs/2f0f2f73-077d-4316-8529-ebfd36e74d64/15aef2e3-5758-475f-97bc-505bde480a57_1734141860.jpeg?h=225&w=225,
278047064,Ella's Vegetable Lasagne Stage 2 130G,https://www.tesco.com/groceries/en-GB/shop/baby/all?department=Baby%20%26%20Toddler%20Food&viewAll=department&page=,£1.70,£13.08/kg,Any 5 for 4 Clubcard Price - Cheapest Product Free - Selected Ellas Kitchen Food Products 130g Or 190g,,/groceries/en-GB/products/278047064,https://digitalcontent.api.tesco.com/v2/media/ghs/f5088cdc-8525-4edc-9f75-d9c0ea352166/b79dd6e9-8d00-411d-8ab7-190410dcf082_641836296.jpeg?h=225&w=225,
312832235,"Little Freddie Organic Chicken, S/Corn, Kale & Mash 130G",https://www.tesco.com/groceries/en-GB/shop/baby/all?department=Baby%20%26%20Toddler%20Food&viewAll=department&page=,£1.85,£1.43/100g,£1.40 Clubcard Price,,/groceries/en-GB/products/312832235,https://digitalcontent.api.tesco.com/v2/media/ghs/cee12487-9712-4675-a81e-6f68c371567b/6560d7ff-4984-4981-a887-85b3787b63ac_433818019.jpeg?h=225&w=225,
308830433,Organix Little Ruskits Vanilla Biscuits 10 X 6G,https://www.tesco.com/groceries/en-GB/shop/baby/all?department=Baby%20%26%20Toddler%20Food&viewAll=department&page=,£1.75,£2.92/100g,£1.50 Clubcard Price,,/groceries/en-GB/products/308830433,https://digitalcontent.api.tesco.com/v2/media/ghs/51c97efa-6caf-4174-8d92-3b37251cfa73/c005ef70-2d7c-4cc6-bd58-9c6d712f638f_2004768050.jpeg?h=225&w=225,
271413379,Ella's Spagi Bolognese Stage 2 130G,https://www.tesco.com/groceries/en-GB/shop/baby/all?department=Baby%20%26%20Toddler%20Food&viewAll=department&page=,£1.70,£13.08/kg,Any 5 for 4 Clubcard Price - Cheapest Product Free - Selected Ellas Kitchen Food Products 130g Or 190g,,/groceries/en-GB/products/271413379,https://digitalcontent.api.tesco.com/v2/media/ghs/5208931c-6f55-4c3f-bfb9-e1f5419b1e64/969bc62d-fbab-424f-9a85-1ad3eacae496_644052508.jpeg?h=225&w=225,
299234127,Heinz Fruit Medley Custard 4X100g,https://www.tesco.com/groceries/en-GB/shop/baby/all?department=Baby%20%26%20Toddler%20Food&viewAll=department&page=,£1.50,£0.38/100g,,,/groceries/en-GB/products/299234127,https://digitalcontent.api.tesco.com/v2/media/ghs/c79f09ae-ccee-483f-8e8c-fbc4ce14fb59/620e8d8e-5433-4058-abe5-6ef2b08cf43b_1406228535.jpeg?h=225&w=225,
263419346,Ella's Kitchen Butternut Carrot Apple Prune 120G,https://www.tesco.com/groceries/en-GB/shop/baby/all?department=Baby%20%26%20Toddler%20Food&viewAll=department&page=,£1.30,£1.09/100g,,,/groceries/en-GB/products/263419346,https://digitalcontent.api.tesco.com/v2/media/ghs/ee98cfd1-bec8-4c44-b62a-611e50621719/c795700f-e5db-4d77-bf9a-30a4af1e69e4_460063863.jpeg?h=225&w=225,
295474592,Ella's Kitchen Blueberry Apples Banana & Vanilla 120G,https://www.tesco.com/groceries/en-GB/shop/baby/all?department=Baby%20%26%20Toddler%20Food&viewAll=department&page=,£1.30,£1.09/100g,,,/groceries/en-GB/products/295474592,https://digitalcontent.api.tesco.com/v2/media/ghs/13bab823-91d1-4e6c-9a1b-3257e45764da/30ba531f-2656-477f-85a7-93585ec80fed_210417957.jpeg?h=225&w=225,
299233360,Heinz Cottage Pie 230G,https://www.tesco.com/groceries/en-GB/shop/baby/all?department=Baby%20%26%20Toddler%20Food&viewAll=department&page=,£1.70,£7.40/kg,Any 2 for £3 Clubcard Price - Selected Heinz 230g,,/groceries/en-GB/products/299233360,https://digitalcontent.api.tesco.com/v2/media/ghs/f54b1338-83bd-4547-88bb-b20b07abf468/6ad243d5-c54e-4ba2-95d2-7f44914abe7a_2049552952.jpeg?h=225&w=225,
305437161,Ella's Kitchen Organic Peach & Banana Melty Sticks 16G,https://www.tesco.com/groceries/en-GB/shop/baby/all?department=Baby%20%26%20Toddler%20Food&viewAll=department&page=,£1.20,£7.50/100g,,,/groceries/en-GB/products/305437161,https://digitalcontent.api.tesco.com/v2/media/ghs/e9aea21c-863b-4760-8de2-06bbff42e8bb/5225a913-f826-42b9-8d43-7f4982a3f4d2_135335497.jpeg?h=225&w=225,
271028720,Ella's Kitchen Bananas 70G,https://www.tesco.com/groceries/en-GB/shop/baby/all?department=Baby%20%26%20Toddler%20Food&viewAll=department&page=,£0.90,£1.29/100g,,,/groceries/en-GB/products/271028720,https://digitalcontent.api.tesco.com/v2/media/ghs/2a1b4de7-28f3-4935-af44-9cfba6f57d4f/7609a2e9-c615-43c5-ae1c-5cfa0adbbf92_649879792.jpeg?h=225&w=225,
301892082,Ella's Kitchen Cheese Plus Apple Melty Sticks 16G,https://www.tesco.com/groceries/en-GB/shop/baby/all?department=Baby%20%26%20Toddler%20Food&viewAll=department&page=,£1.20,£7.50/100g,,,/groceries/en-GB/products/301892082,https://digitalcontent.api.tesco.com/v2/media/ghs/24a85e52-8d68-4e94-a622-7b04e683d80b/b436913b-49ff-458f-b8bf-dc4dbc283c8e_974307879.jpeg?h=225&w=225,
297425262,Hipp Organic Banana Rice Breakfast 125G,https://www.tesco.com/groceries/en-GB/shop/baby/all?department=Baby%20%26%20Toddler%20Food&viewAll=department&page=,£0.90,£0.72/100g,,,/groceries/en-GB/products/297425262,https://digitalcontent.api.tesco.com/v2/media/ghs/af34a61d-8b18-4c5f-8e0f-8a581f7d1f0f/78ff33ec-b279-48ca-9365-78ba585369b7_843515287.jpeg?h=225&w=225,
252387000,Farleys Rusks Original 6 Months Plus 300G,https://www.tesco.com/groceries/en-GB/shop/baby/all?department=Baby%20%26%20Toddler%20Food&viewAll=department&page=,£1.75,£0.58/100g,,,/groceries/en-GB/products/252387000,https://digitalcontent.api.tesco.com/v2/media/ghs/e6ca4231-9b6c-411b-97ec-3d7a6f8e0d0e/8a009c50-4a48-4a0a-8ef2-5e240d521956_1915127980.jpeg?h=225&w=225,
299233071,Heinz Lamb & Vegetables 230G,https://www.tesco.com/groceries/en-GB/shop/baby/all?department=Baby%20%26%20Toddler%20Food&viewAll=department&page=,£1.70,£7.40/kg,Any 2 for £3 Clubcard Price - Selected Heinz 230g,,/groceries/en-GB/products/299233071,https://digitalcontent.api.tesco.com/v2/media/ghs/5d4bedab-0a20-4646-ac62-bac907d736e4/ce6ed24d-9f60-48ad-84e9-dfc2024abcc0_1792189197.jpeg?h=225&w=225,
271412564,"Ella's Mangoes, Mangoes,Mangoes 70G",https://www.tesco.com/groceries/en-GB/shop/baby/all?department=Baby%20%26%20Toddler%20Food&viewAll=department&page=,£0.90,£1.29/100g,,,/groceries/en-GB/products/271412564,https://digitalcontent.api.tesco.com/v2/media/ghs/741f4dfb-29e2-45f4-9e4d-ceea2feeba1d/38e17e72-30b7-4ead-aafe-cc54940d5864_2013816686.jpeg?h=225&w=225,
283762690,Heinz Beef & Sweet Potato Mash Jar 120G,https://www.tesco.com/groceries/en-GB/shop/baby/all?department=Baby%20%26%20Toddler%20Food&viewAll=department&page=,£0.70,£5.84/kg,,,/groceries/en-GB/products/283762690,https://digitalcontent.api.tesco.com/v2/media/ghs/a873cc90-da8c-4728-bf94-077b2d3290c3/ccf48cab-df36-4aa0-a6fa-2853640f0466_186646141.jpeg?h=225&w=225,
271646040,Ella's Kitchen Peaches Plus Banana Stage 1 X 120G,https://www.tesco.com/groceries/en-GB/shop/baby/all?department=Baby%20%26%20Toddler%20Food&viewAll=department&page=,£1.30,£1.09/100g,,,/groceries/en-GB/products/271646040,https://digitalcontent.api.tesco.com/v2/media/ghs/c6e3c516-1312-4ca5-947c-e4e61549ebb6/c2dcb15a-9835-4ea4-9922-0dc533aefb59_102039234.jpeg?h=225&w=225,
298597361,Tilda Kids Vegetable & Wholegrain Rice 125G,https://www.tesco.com/groceries/en-GB/shop/baby/all?department=Baby%20%26%20Toddler%20Food&viewAll=department&page=,£1.15,£9.20/kg,£1.00 Clubcard Price,,/groceries/en-GB/products/298597361,https://digitalcontent.api.tesco.com/v2/media/ghs/33070fc6-5f06-4ce4-b4ef-34aa1fb5ccb1/ce1e1dfa-5d9c-4078-ab08-346c9883d563_1933856933.jpeg?h=225&w=225,
283763683,Heinz Sweet Potato & Chicken Jar 120G,https://www.tesco.com/groceries/en-GB/shop/baby/all?department=Baby%20%26%20Toddler%20Food&viewAll=department&page=,£0.70,£5.84/kg,,,/groceries/en-GB/products/283763683,https://digitalcontent.api.tesco.com/v2/media/ghs/d8c691fd-6605-4b53-b498-3a771c74bc4c/7833d458-4afe-49cd-ae53-9aa753ae37cf_210116243.jpeg?h=225&w=225,
283762874,Heinz Cheesy Tomato Pasta Jar 120G,https://www.tesco.com/groceries/en-GB/shop/baby/all?department=Baby%20%26%20Toddler%20Food&viewAll=department&page=,£0.70,£5.84/kg,,,/groceries/en-GB/products/283762874,https://digitalcontent.api.tesco.com/v2/media/ghs/b036562d-a13b-4ff0-aa8d-8890af87ffcf/f74e4f34-b818-48f9-8b40-17b15ffe7c6a_1660161548.jpeg?h=225&w=225,
261389445,Heinz Chocolate Biscotti 60G,https://www.tesco.com/groceries/en-GB/shop/baby/all?department=Baby%20%26%20Toddler%20Food&viewAll=department&page=,£0.90,£1.50/100g,,,/groceries/en-GB/products/261389445,https://digitalcontent.api.tesco.com/v2/media/ghs/463107d3-2f78-4fa8-b61a-4533dbc3e147/affce179-bef5-4694-bd64-0ffa74a191ed_1552178678.jpeg?h=225&w=225,
308827259,Organix Veggie Mini Mix Ups 15G,https://www.tesco.com/groceries/en-GB/shop/baby/all?department=Baby%20%26%20Toddler%20Food&viewAll=department&page=,£0.75,£5.00/100g,Any 5 for £3 Clubcard Price - Selected Organix Or Kiddylicious 6g - 20g,,/groceries/en-GB/products/308827259,https://digitalcontent.api.tesco.com/v2/media/ghs/bedc521e-b70e-4fb7-b999-b7279e6fbae9/108794d5-5611-4165-aed1-c2346ac9f233_1731405194.jpeg?h=225&w=225,
299234467,Heinz Pasta Bake Tuna 200G,https://www.tesco.com/groceries/en-GB/shop/baby/all?department=Baby%20%26%20Toddler%20Food&viewAll=department&page=,£0.90,£4.50/kg,,,/groceries/en-GB/products/299234467,https://digitalcontent.api.tesco.com/v2/media/ghs/02366393-7069-4003-8908-b78ba2162044/c5d74b1f-20b6-41b3-88cc-80f7907cfd58_2049367286.jpeg?h=225&w=225,
301269106,Tesco Carrot Babyfood Pouch 70G,https://www.tesco.com/groceries/en-GB/shop/baby/all?department=Baby%20%26%20Toddler%20Food&viewAll=department&page=,£0.50,£0.72/100g,,,/groceries/en-GB/products/301269106,https://digitalcontent.api.tesco.com/v2/media/ghs/e2ba38b2-9a5c-49dd-af42-8a2657ff0172/9e7de526-d32d-480c-be74-9fb6b9a2b20a_365934066.jpeg?h=225&w=225,
294015942,Heinz Cereal Creamy Oat Porridge 240G,https://www.tesco.com/groceries/en-GB/shop/baby/all?department=Baby%20%26%20Toddler%20Food&viewAll=department&page=,£3.00,£1.25/100g,,,/groceries/en-GB/products/294015942,https://digitalcontent.api.tesco.com/v2/media/ghs/48590bea-cc36-40e3-b437-8eb7bd39733f/98d048d6-b7f9-4384-a0ab-f091106c822b_303640516.jpeg?h=225&w=225,
302291555,Organix Oat & Raisin Mini Flap Jack Bites 4X20g,https://www.tesco.com/groceries/en-GB/shop/baby/all?department=Baby%20%26%20Toddler%20Food&viewAll=department&page=,£2.60,£3.25/100g,,,/groceries/en-GB/products/302291555,https://digitalcontent.api.tesco.com/v2/media/ghs/f820f8f5-8061-4bd6-b114-3a6c2ab634e5/2a4a26df-bd6e-45d8-ad22-507ad45a8c1d_1166108198.jpeg?h=225&w=225,
295474730,Heinz Oat & Apple Porridge 240G,https://www.tesco.com/groceries/en-GB/shop/baby/all?department=Baby%20%26%20Toddler%20Food&viewAll=department&page=,£3.00,£1.25/100g,,,/groceries/en-GB/products/295474730,https://digitalcontent.api.tesco.com/v2/media/ghs/23f73a1c-e7a2-42f7-93fc-d82c73ea3984/21eab414-eff9-4646-a7b1-6a4e5f8344e6_1328113682.jpeg?h=225&w=225,
298648820,Organix Melty Carrot Puffs Multipack 4X18g,https://www.tesco.com/groceries/en-GB/shop/baby/all?department=Baby%20%26%20Toddler%20Food&viewAll=department&page=,£2.60,£3.62/100g,,,/groceries/en-GB/products/298648820,https://digitalcontent.api.tesco.com/v2/media/ghs/98b8467e-bd62-4f4c-a9a6-ebdd51fbe5bc/e14d159b-76fe-4119-8bdc-e36a0b24efe9_158859633.jpeg?h=225&w=225,
309479529,Ella's Kitchen Tomato & Basil Melty Sticks 4X6g,https://www.tesco.com/groceries/en-GB/shop/baby/all?department=Baby%20%26%20Toddler%20Food&viewAll=department&page=,£2.25,£9.38/100g,,,/groceries/en-GB/products/309479529,https://digitalcontent.api.tesco.com/v2/media/ghs/729e3840-9305-452c-8f52-889ec5aaeb1d/b59d6e36-305f-4d30-ad39-a737bdccc3e3_1689583273.jpeg?h=225&w=225,
278412692,Hipp Organic 1 Year Scrumptious Lasagne 230G,https://www.tesco.com/groceries/en-GB/shop/baby/all?department=Baby%20%26%20Toddler%20Food&viewAll=department&page=,£2.00,£8.70/kg,,,/groceries/en-GB/products/278412692,https://digitalcontent.api.tesco.com/v2/media/ghs/49e09266-2035-4f54-a708-fb31d5640311/3bfc21bd-15d7-4196-a7d8-e90ab66ab044_581088393.jpeg?h=225&w=225,
264772401,Ella's Kitchen Organic Tomato Pasta With Vegetables 190G,https://www.tesco.com/groceries/en-GB/shop/baby/all?department=Baby%20%26%20Toddler%20Food&viewAll=department&page=,£2.10,£11.06/kg,Any 5 for 4 Clubcard Price - Cheapest Product Free - Selected Ellas Kitchen Food Products 130g Or 190g,,/groceries/en-GB/products/264772401,https://digitalcontent.api.tesco.com/v2/media/ghs/5395507e-45ed-49aa-b370-2106cc111349/b5b9290e-24c4-4262-bd65-24feb5901b6d_33108655.jpeg?h=225&w=225,
308491096,Kiddylicious Strawberry & Banana Melt 12M+4Pk 24G,https://www.tesco.com/groceries/en-GB/shop/baby/all?department=Baby%20%26%20Toddler%20Food&viewAll=department&page=,£2.50,£10.42/100g,,,/groceries/en-GB/products/308491096,https://digitalcontent.api.tesco.com/v2/media/ghs/c2868f38-751e-4f1f-8c3e-5a53c71efa24/3957994f-bcc2-4270-8834-0b78377488ad_891736502.jpeg?h=225&w=225,
271413644,Ella's Thai Curry Stage 3 190G,https://www.tesco.com/groceries/en-GB/shop/baby/all?department=Baby%20%26%20Toddler%20Food&viewAll=department&page=,£2.10,£11.06/kg,Any 5 for 4 Clubcard Price - Cheapest Product Free - Selected Ellas Kitchen Food Products 130g Or 190g,,/groceries/en-GB/products/271413644,https://digitalcontent.api.tesco.com/v2/media/ghs/922c9da4-bd0c-452a-9209-12fa40cfc75d/790416b1-8a46-42f4-9160-eff8f30205be_1872010710.jpeg?h=225&w=225,
264772384,Ella's Kitchen Organic Salmon Risotto With Cheese 190G,https://www.tesco.com/groceries/en-GB/shop/baby/all?department=Baby%20%26%20Toddler%20Food&viewAll=department&page=,£2.10,£11.06/kg,Any 5 for 4 Clubcard Price - Cheapest Product Free - Selected Ellas Kitchen Food Products 130g Or 190g,,/groceries/en-GB/products/264772384,https://digitalcontent.api.tesco.com/v2/media/ghs/a526b2e0-afec-41ff-acf1-f088c91bec2a/7b82f15f-1bfb-42a7-8af1-c2e0c5a76527_878957228.jpeg?h=225&w=225,
305042322,Kiddylicious Buttons Raspberry & Beetroot 30G,https://www.tesco.com/groceries/en-GB/shop/baby/all?department=Baby%20%26%20Toddler%20Food&viewAll=department&page=,£2.50,£8.34/100g,,,/groceries/en-GB/products/305042322,https://digitalcontent.api.tesco.com/v2/media/ghs/4deb904f-3e93-498f-a2ac-7f1ec0b71f4e/544e4876-501d-4127-b7e0-aa1153e913c3_1297671911.jpeg?h=225&w=225,
311783046,Kiddylicious Peach & Banana Fruity Bakes 6X22g,https://www.tesco.com/groceries/en-GB/shop/baby/all?department=Baby%20%26%20Toddler%20Food&viewAll=department&page=,£2.35,£17.81/kg,,,/groceries/en-GB/products/311783046,https://digitalcontent.api.tesco.com/v2/media/ghs/ee3aeebc-c1e0-4896-9167-5a267120bed9/b60d0c1e-07e0-459a-b1b7-fe0ec5bdcbb1_2018748256.jpeg?h=225&w=225,
302316580,Organix Melty Veggie Sticks 4X15g,https://www.tesco.com/groceries/en-GB/shop/baby/all?department=Baby%20%26%20Toddler%20Food&viewAll=department&page=,£2.30,£3.84/100g,,,/groceries/en-GB/products/302316580,https://digitalcontent.api.tesco.com/v2/media/ghs/ea05437c-dfb3-4dbe-8356-0da5aaad7e52/28b99f81-0771-413a-afd6-b16692f6c939_1792915502.jpeg?h=225&w=225,
298642430,Ella's Kitchen Tomato-Y Pasta 130G,https://www.tesco.com/groceries/en-GB/shop/baby/all?department=Baby%20%26%20Toddler%20Food&viewAll=department&page=,£1.70,£13.08/kg,Any 5 for 4 Clubcard Price - Cheapest Product Free - Selected Ellas Kitchen Food Products 130g Or 190g,,/groceries/en-GB/products/298642430,https://digitalcontent.api.tesco.com/v2/media/ghs/1f55a864-0967-4634-9c79-b06a2e724249/1319c15f-6cee-4996-85e5-e4ff819da3c5_2090703408.jpeg?h=225&w=225,
312842413,Hipp Organic 10 Mth+ Mild Vegetable Curry 200G,https://www.tesco.com/groceries/en-GB/shop/baby/all?department=Baby%20%26%20Toddler%20Food&viewAll=department&page=,£1.80,£9.00/kg,,New,/groceries/en-GB/products/312842413,https://digitalcontent.api.tesco.com/v2/media/ghs/b9c42984-7c76-42cb-a075-12fc1af608ec/5c62fabc-09dc-4fbe-ab01-22a1adfb96f5_880392848.jpeg?h=225&w=225,
305052932,Organix Barbeque Gruffalo Claws 4X15g,https://www.tesco.com/groceries/en-GB/shop/baby/all?department=Baby%20%26%20Toddler%20Food&viewAll=department&page=,£2.00,£3.34/100g,,,/groceries/en-GB/products/305052932,https://digitalcontent.api.tesco.com/v2/media/ghs/36bbf3e5-eebc-453d-a978-ee058dfb64ee/ed79fb50-23de-45de-810b-864b0e54c250_809857670.jpeg?h=225&w=225,
268534580,Ella's Kitchen Organic Creamy Chicken & Sweetcorn Herb 130G,https://www.tesco.com/groceries/en-GB/shop/baby/all?department=Baby%20%26%20Toddler%20Food&viewAll=department&page=,£1.70,£13.08/kg,Any 5 for 4 Clubcard Price - Cheapest Product Free - Selected Ellas Kitchen Food Products 130g Or 190g,,/groceries/en-GB/products/268534580,https://digitalcontent.api.tesco.com/v2/media/ghs/8f14f938-e3e2-4d2e-899b-9d8f7e1ac5f3/e0276a41-ee3f-4250-8688-1c57d45bedc1_1293449859.jpeg?h=225&w=225,
295460493,Ella's Kitchen Mild Chilli Con Carne 130G,https://www.tesco.com/groceries/en-GB/shop/baby/all?department=Baby%20%26%20Toddler%20Food&viewAll=department&page=,£1.70,£13.08/kg,Any 5 for 4 Clubcard Price - Cheapest Product Free - Selected Ellas Kitchen Food Products 130g Or 190g,,/groceries/en-GB/products/295460493,https://digitalcontent.api.tesco.com/v2/media/ghs/063670ea-dda7-4794-95be-1cdc1cb72ba5/2b454160-2cc8-4c46-a844-0fc5a7cc9c3f_2088271448.jpeg?h=225&w=225,
308451864,Kiddylicious Strawberry & Apple Fruity Drops 4X16g,https://www.tesco.com/groceries/en-GB/shop/baby/all?department=Baby%20%26%20Toddler%20Food&viewAll=department&page=,£2.50,£3.91/100g,£2.00 Clubcard Price,,/groceries/en-GB/products/308451864,https://digitalcontent.api.tesco.com/v2/media/ghs/9f40fb03-063e-4de4-abb1-f01ab9175dda/66835fad-b682-4822-b806-ba0233505040_797798026.jpeg?h=225&w=225,
312835249,Little Freddie Organic Butternut Squash Risotto 7M+ 130G,https://www.tesco.com/groceries/en-GB/shop/baby/all?department=Baby%20%26%20Toddler%20Food&viewAll=department&page=,£1.85,£1.43/100g,£1.40 Clubcard Price,,/groceries/en-GB/products/312835249,https://digitalcontent.api.tesco.com/v2/media/ghs/7e1846cb-de40-4d80-ab22-ed86c7df77e4/db20a88e-f26d-48e6-9c1e-22c40f511f7e_1808643716.jpeg?h=225&w=225,
313168835,Little Freddie Organic Chicken Linquine & Vegetable 7M+ 130G,https://www.tesco.com/groceries/en-GB/shop/baby/all?department=Baby%20%26%20Toddler%20Food&viewAll=department&page=,£1.85,£1.43/100g,£1.40 Clubcard Price,,/groceries/en-GB/products/313168835,https://digitalcontent.api.tesco.com/v2/media/ghs/cafdaa23-dc4d-4420-965f-959d481e9442/695005a5-a2fa-450d-aedd-989d37662b4e_1935507628.jpeg?h=225&w=225,
313380669,Little Freddie Organic Beef Curry Coconut & Vegetable 7M+ 130G,https://www.tesco.com/groceries/en-GB/shop/baby/all?department=Baby%20%26%20Toddler%20Food&viewAll=department&page=,£1.85,£1.43/100g,£1.40 Clubcard Price,,/groceries/en-GB/products/313380669,https://digitalcontent.api.tesco.com/v2/media/ghs/90e50f75-2da4-4387-936e-dc9d872146f4/f92501b3-9358-4f83-80db-cb811a26a83c_1602309049.jpeg?h=225&w=225,
312988603,Little Freddie Organic Beef Lasagne 7M+ 130G,https://www.tesco.com/groceries/en-GB/shop/baby/all?department=Baby%20%26%20Toddler%20Food&viewAll=department&page=,£1.85,£1.43/100g,£1.40 Clubcard Price,,/groceries/en-GB/products/312988603,https://digitalcontent.api.tesco.com/v2/media/ghs/256dc3a3-3024-43b4-932e-d8032cff52e7/1944d99e-72a2-4f9a-b7a0-80a86563fd63_1875817853.jpeg?h=225&w=225,
309467274,Ella's Kitchen 7 Month Plus Veggie Biryani 130G,https://www.tesco.com/groceries/en-GB/shop/baby/all?department=Baby%20%26%20Toddler%20Food&viewAll=department&page=,£1.70,£13.08/kg,Any 5 for 4 Clubcard Price - Cheapest Product Free - Selected Ellas Kitchen Food Products 130g Or 190g,,/groceries/en-GB/products/309467274,https://digitalcontent.api.tesco.com/v2/media/ghs/def6205a-a69a-4039-b7cb-d45dd21eaf09/99a8c9ef-a7cb-4cae-b6b8-82e5b04d6746_691624404.jpeg?h=225&w=225,
268535020,Ella's Kitchen Vegetable Bake 130G,https://www.tesco.com/groceries/en-GB/shop/baby/all?department=Baby%20%26%20Toddler%20Food&viewAll=department&page=,£1.70,£13.08/kg,,,/groceries/en-GB/products/268535020,https://digitalcontent.api.tesco.com/v2/media/ghs/2037b556-0b8f-4b09-9a3e-4fded70b2d32/c3106831-2d1f-41cf-888c-44d1da30db2a_1267100949.jpeg?h=225&w=225,
261383912,"Ella's Kitchen Pears, Peas & Broccoli Puree 120G",https://www.tesco.com/groceries/en-GB/shop/baby/all?department=Baby%20%26%20Toddler%20Food&viewAll=department&page=,£1.30,£10.84/kg,,,/groceries/en-GB/products/261383912,https://digitalcontent.api.tesco.com/v2/media/ghs/b5ed0dad-f879-4c49-bbba-533b4d5dee3e/701f5164-c0d7-4325-9729-fd4d1d86c4af_1312512616.jpeg?h=225&w=225,
312845341,Hipp Organic Creamy Tomato Pasta Bake 200Ml 10+M,https://www.tesco.com/groceries/en-GB/shop/baby/all?department=Baby%20%26%20Toddler%20Food&viewAll=department&page=,£1.80,£9.00/kg,,New,/groceries/en-GB/products/312845341,https://digitalcontent.api.tesco.com/v2/media/ghs/17933db5-e420-467a-b833-beb266e94787/63910c54-4f2a-46c6-b6b1-50b99b9fc446_637714540.jpeg?h=225&w=225,
312718227,Piccolo Organic Spring Vegetable & Chicken Casserole 130G,https://www.tesco.com/groceries/en-GB/shop/baby/all?department=Baby%20%26%20Toddler%20Food&viewAll=department&page=,£1.70,£1.31/100g,,New,/groceries/en-GB/products/312718227,https://digitalcontent.api.tesco.com/v2/media/ghs/94de9fec-23f7-4045-9e76-eb58beed004e/7b55b2bc-05ff-44bd-9029-2ad9fd12025a_1768317613.jpeg?h=225&w=225,
268534862,Ella's Kitchen Organic Lamb Roast With Trimmings 130G,https://www.tesco.com/groceries/en-GB/shop/baby/all?department=Baby%20%26%20Toddler%20Food&viewAll=department&page=,£1.70,£13.08/kg,Any 5 for 4 Clubcard Price - Cheapest Product Free - Selected Ellas Kitchen Food Products 130g Or 190g,,/groceries/en-GB/products/268534862,https://digitalcontent.api.tesco.com/v2/media/ghs/7af55767-26c8-4f9a-ac6a-2b7b2eba736b/417f8f80-870a-4e16-afa8-3ccdb6cfc5d9_1211646449.jpeg?h=225&w=225,
272134483,Ella's Kitchen Peaches Pears Plus Baby Rice Stage 1 X 120G,https://www.tesco.com/groceries/en-GB/shop/baby/all?department=Baby%20%26%20Toddler%20Food&viewAll=department&page=,£1.30,£1.09/100g,,,/groceries/en-GB/products/272134483,https://digitalcontent.api.tesco.com/v2/media/ghs/63b76169-fecc-400e-84ed-6d85b00de30c/25ae4975-8ccb-4253-9b93-65e292f5b3c3_827548178.jpeg?h=225&w=225,
266901949,Ella's Kitchen Organic Sweet Potato Broccoli & Carrot 120G,https://www.tesco.com/groceries/en-GB/shop/baby/all?department=Baby%20%26%20Toddler%20Food&viewAll=department&page=,£1.30,£10.84/kg,,,/groceries/en-GB/products/266901949,https://digitalcontent.api.tesco.com/v2/media/ghs/0f8b473d-ba89-40cd-a072-7cfd7d241aa1/7b8dc2eb-6d3a-4acc-b7fa-ad9347100595_1760186812.jpeg?h=225&w=225,
299234087,Heinz Tomato Mozzarella Pasta Shells 230G,https://www.tesco.com/groceries/en-GB/shop/baby/all?department=Baby%20%26%20Toddler%20Food&viewAll=department&page=,£1.70,£7.40/kg,Any 2 for £3 Clubcard Price - Selected Heinz 230g,,/groceries/en-GB/products/299234087,https://digitalcontent.api.tesco.com/v2/media/ghs/754572c9-ee20-40bc-a667-5cadb59115a6/92a3f497-f731-4f20-9b6b-05f1b1bdb7aa_1023162520.jpeg?h=225&w=225,
278043114,Ella's Kitchen Carrots Peas Pears Stage 1 X 120G,https://www.tesco.com/groceries/en-GB/shop/baby/all?department=Baby%20%26%20Toddler%20Food&viewAll=department&page=,£1.30,£1.09/100g,,,/groceries/en-GB/products/278043114,https://digitalcontent.api.tesco.com/v2/media/ghs/fe183054-7602-402d-a676-a6b936d1907a/3504fa2a-228c-4ef1-8f1b-52764f551445_296961476.jpeg?h=225&w=225,
268534136,Ella's Kitchen Beef Stew 130G,https://www.tesco.com/groceries/en-GB/shop/baby/all?department=Baby%20%26%20Toddler%20Food&viewAll=department&page=,£1.70,£13.08/kg,Any 5 for 4 Clubcard Price - Cheapest Product Free - Selected Ellas Kitchen Food Products 130g Or 190g,,/groceries/en-GB/products/268534136,https://digitalcontent.api.tesco.com/v2/media/ghs/e796e286-7e28-45df-8fed-59f749b11dab/961d96e0-1da6-4aa8-b178-ea9e0fae6f38_1860100216.jpeg?h=225&w=225,
264901503,Organix Cheese & Herb Puffs 4X15g,https://www.tesco.com/groceries/en-GB/shop/baby/all?department=Baby%20%26%20Toddler%20Food&viewAll=department&page=,£2.00,£3.34/100g,£1.50 Clubcard Price,,/groceries/en-GB/products/264901503,https://digitalcontent.api.tesco.com/v2/media/ghs/810e195e-75e4-4b24-bae6-0a9eaa4eb0c4/7b18a298-3236-4138-b6ed-61e66c2e02f1_1967955961.jpeg?h=225&w=225,
252372207,Farleys Rusks Original 6 Months Plus 150G,https://www.tesco.com/groceries/en-GB/shop/baby/all?department=Baby%20%26%20Toddler%20Food&viewAll=department&page=,£1.50,£1.00/100g,,,/groceries/en-GB/products/252372207,https://digitalcontent.api.tesco.com/v2/media/ghs/853fd776-916b-493e-b899-a36d2e7baf32/d41b2b6c-da37-419c-af65-fd9f1bd7cfde_962272293.jpeg?h=225&w=225,
299234140,Heinz Banana Custard 4X100g,https://www.tesco.com/groceries/en-GB/shop/baby/all?department=Baby%20%26%20Toddler%20Food&viewAll=department&page=,£1.50,£0.38/100g,,,/groceries/en-GB/products/299234140,https://digitalcontent.api.tesco.com/v2/media/ghs/1715bf70-7360-4a5b-b1c7-bb89624c936b/5a0d35c5-b440-4c3c-aebb-d0cc6d257202_1761877911.jpeg?h=225&w=225,
299234104,Heinz Chicken & Sweetcorn Risotto 230G,https://www.tesco.com/groceries/en-GB/shop/baby/all?department=Baby%20%26%20Toddler%20Food&viewAll=department&page=,£1.70,£7.40/kg,Any 2 for £3 Clubcard Price - Selected Heinz 230g,,/groceries/en-GB/products/299234104,https://digitalcontent.api.tesco.com/v2/media/ghs/04f2a36b-8385-4024-9e5f-290a154dc8da/e27aeb5f-f354-409c-ad3a-67d28c088e68_312274536.jpeg?h=225&w=225,
313369338,Little Freddie Organic Bean & Sweet Potato Cassoulet 130G,https://www.tesco.com/groceries/en-GB/shop/baby/all?department=Baby%20%26%20Toddler%20Food&viewAll=department&page=,£1.85,£1.43/100g,£1.40 Clubcard Price,,/groceries/en-GB/products/313369338,https://digitalcontent.api.tesco.com/v2/media/ghs/d7afbbb0-37a1-45cb-bc9e-4c24a45aca2b/cd911984-947d-471f-a290-31c86f04a3aa_1586012660.jpeg?h=225&w=225,
295460412,Ella's Kitchen Sweet Potatoes & Parsnips 120G,https://www.tesco.com/groceries/en-GB/shop/baby/all?department=Baby%20%26%20Toddler%20Food&viewAll=department&page=,£1.30,£10.84/kg,,,/groceries/en-GB/products/295460412,https://digitalcontent.api.tesco.com/v2/media/ghs/c302b003-c025-457e-a6cc-a987e81e52bc/739fe79b-517c-4f11-8b38-85e9f57d29d8_1761179391.jpeg?h=225&w=225,
299583859,Piccolo Organic Banana Blueberry & Apple Baby Food 100G,https://www.tesco.com/groceries/en-GB/shop/baby/all?department=Baby%20%26%20Toddler%20Food&viewAll=department&page=,£1.20,£1.20/100g,£1.00 Clubcard Price,,/groceries/en-GB/products/299583859,https://digitalcontent.api.tesco.com/v2/media/ghs/38961bc2-8ce8-41b3-a8f0-dc932caab440/98364b7a-c73e-40d8-a261-ec7c20c307f6_1193048144.jpeg?h=225&w=225,
308464739,Hipp Organic Rice Pudding With Apple & Pear 7+Mth 160G,https://www.tesco.com/groceries/en-GB/shop/baby/all?department=Baby%20%26%20Toddler%20Food&viewAll=department&page=,£1.00,£0.62/100g,,,/groceries/en-GB/products/308464739,https://digitalcontent.api.tesco.com/v2/media/ghs/3ccca643-4c4c-4e77-9ce9-50339b613e6f/2a567420-332d-48a3-92ed-6353b3497234_1029598044.jpeg?h=225&w=225,
305945969,Piccolo Organic Pear Banana Coconut Milk Baby Rice 100G,https://www.tesco.com/groceries/en-GB/shop/baby/all?department=Baby%20%26%20Toddler%20Food&viewAll=department&page=,£1.20,£1.20/100g,£1.00 Clubcard Price,,/groceries/en-GB/products/305945969,https://digitalcontent.api.tesco.com/v2/media/ghs/3a478091-d9a9-40e2-9290-312a4281cd70/2fe96895-df90-4265-8868-db75064aad29_1037549746.jpeg?h=225&w=225,
309471746,Heinz By Nature Potato Bake Green Bean&Pea 7+M200g,https://www.tesco.com/groceries/en-GB/shop/baby/all?department=Baby%20%26%20Toddler%20Food&viewAll=department&page=,£0.90,£4.50/kg,,,/groceries/en-GB/products/309471746,https://digitalcontent.api.tesco.com/v2/media/ghs/789629e2-6818-4790-9723-79a4a713493c/65cf127c-d504-498c-9593-5f108145727c_2067649764.jpeg?h=225&w=225,
283762943,Heinz Egg Custard Jar 120G,https://www.tesco.com/groceries/en-GB/shop/baby/all?department=Baby%20%26%20Toddler%20Food&viewAll=department&page=,£0.70,£0.58/100g,,,/groceries/en-GB/products/283762943,https://digitalcontent.api.tesco.com/v2/media/ghs/6cf78581-b172-4cc0-bd35-befc8e8b89fb/4fec88c8-293a-4d5d-a880-6ae578797009_108289959.jpeg?h=225&w=225,
259141165,Hipp 6 Month Organic Vegetable And Rice With Chicken 125G Jar,https://www.tesco.com/groceries/en-GB/shop/baby/all?department=Baby%20%26%20Toddler%20Food&viewAll=department&page=,£0.90,£7.20/kg,,,/groceries/en-GB/products/259141165,https://digitalcontent.api.tesco.com/v2/media/ghs/75a77c0f-4c19-41ce-b3af-6193ba4d04b2/8976602c-4fea-41cb-84c1-70f9cfd832a4_963336393.jpeg?h=225&w=225,
301269164,Tesco Pea Parsnip Pear Pouch 100G,https://www.tesco.com/groceries/en-GB/shop/baby/all?department=Baby%20%26%20Toddler%20Food&viewAll=department&page=,£0.70,£0.70/100g,,,/groceries/en-GB/products/301269164,https://digitalcontent.api.tesco.com/v2/media/ghs/b443f967-ef0d-4310-bfae-720e4b373c60/c29a8f77-8a3a-4c7b-ad73-2fe4b2cf076f_1518024792.jpeg?h=225&w=225,
261079985,Hipp 7 Month Organic Pasta Italienne With Ham 190G,https://www.tesco.com/groceries/en-GB/shop/baby/all?department=Baby%20%26%20Toddler%20Food&viewAll=department&page=,£0.95,£5.00/kg,,,/groceries/en-GB/products/261079985,https://digitalcontent.api.tesco.com/v2/media/ghs/c9549380-17cb-4f24-9fda-4b79ed36e602/495dcfa9-5503-4636-9e69-c3935dca2811_149559614.jpeg?h=225&w=225,
282266392,Organix Banana & Plum Porridge 200G,https://www.tesco.com/groceries/en-GB/shop/baby/all?department=Baby%20%26%20Toddler%20Food&viewAll=department&page=,£2.50,£1.25/100g,,,/groceries/en-GB/products/282266392,https://digitalcontent.api.tesco.com/v2/media/ghs/4e199f35-ed8d-404a-af2b-e27dacd9dda9/004695d3-63b6-4d0b-bd3c-a868234b16f9_1291962577.jpeg?h=225&w=225,
311807688,Organix Banana Peach & Apple Muesli 10+ Months 200G,https://www.tesco.com/groceries/en-GB/shop/baby/all?department=Baby%20%26%20Toddler%20Food&viewAll=department&page=,£2.70,£13.50/kg,,,/groceries/en-GB/products/311807688,https://digitalcontent.api.tesco.com/v2/media/ghs/d0d35d77-aba7-4782-b97f-e8c9c98066d7/snapshotimagehandler_314151781.jpeg?h=225&w=225,
291377949,Organix Raisins 12 X 14G,https://www.tesco.com/groceries/en-GB/shop/baby/all?department=Baby%20%26%20Toddler%20Food&viewAll=department&page=,£2.65,£1.58/100g,,,/groceries/en-GB/products/291377949,https://digitalcontent.api.tesco.com/v2/media/ghs/6ec53c1c-32f7-4657-80a9-bf6609d1567e/8d45a403-39ad-4448-b589-e06ac7ae1472_1079665136.jpeg?h=225&w=225,
295474753,Heinz Sunrise Banana Porridge 240G,https://www.tesco.com/groceries/en-GB/shop/baby/all?department=Baby%20%26%20Toddler%20Food&viewAll=department&page=,£3.00,£1.25/100g,,,/groceries/en-GB/products/295474753,https://digitalcontent.api.tesco.com/v2/media/ghs/f75f32d5-bed4-4844-a8a8-1aea87e6623e/2af41e38-27a7-4a21-b5ea-2656b7e837e6_1855573300.jpeg?h=225&w=225,
312222577,Heinz Summer Fruit Porridge 220G,https://www.tesco.com/groceries/en-GB/shop/baby/all?department=Baby%20%26%20Toddler%20Food&viewAll=department&page=,£3.00,£13.64/kg,,,/groceries/en-GB/products/312222577,https://digitalcontent.api.tesco.com/v2/media/ghs/7938c22c-02cb-4bb4-80a7-1ae543ca9f27/67b6e9a7-05d2-46a6-b4b4-c468778dacf8_257492345.jpeg?h=225&w=225,
305044510,Organix Cheese & Onion Gruffalo Claws 4X15g,https://www.tesco.com/groceries/en-GB/shop/baby/all?department=Baby%20%26%20Toddler%20Food&viewAll=department&page=,£2.00,£3.34/100g,,,/groceries/en-GB/products/305044510,https://digitalcontent.api.tesco.com/v2/media/ghs/21bd0a6b-4405-45bd-a188-a1e776504ad5/0ace857d-78bb-4621-a9c9-16d96458de30_675110608.jpeg?h=225&w=225,
305252407,Kiddylicious Buttons Banana & Pumpkin 30G,https://www.tesco.com/groceries/en-GB/shop/baby/all?department=Baby%20%26%20Toddler%20Food&viewAll=department&page=,£2.50,£8.34/100g,,,/groceries/en-GB/products/305252407,https://digitalcontent.api.tesco.com/v2/media/ghs/b1752989-ff66-4866-970c-f29973712054/87e978a2-55f6-46ac-92fc-bacadebc856f_1731286580.jpeg?h=225&w=225,
305255053,Kiddylicious Banana & Strawberry Juicy Fruit Bar5x20g,https://www.tesco.com/groceries/en-GB/shop/baby/all?department=Baby%20%26%20Toddler%20Food&viewAll=department&page=,£2.50,£2.50/100g,,,/groceries/en-GB/products/305255053,https://digitalcontent.api.tesco.com/v2/media/ghs/1ab84fc4-5ffc-4524-aa36-c043503aab1a/cde2f1af-2a45-480b-8551-9c69b6162461_1723252944.jpeg?h=225&w=225,
283770271,Heinz Creamed Rice Pudding 6X120g,https://www.tesco.com/groceries/en-GB/shop/baby/all?department=Baby%20%26%20Toddler%20Food&viewAll=department&page=,£2.50,£0.35/100g,,,/groceries/en-GB/products/283770271,https://digitalcontent.api.tesco.com/v2/media/ghs/92850623-431c-419b-b310-01baa596fdb2/063734d1-4f64-4d4a-85b1-aa054587d70b_1941381927.jpeg?h=225&w=225,
278412726,"Hipp Organic Potato, Pumpkin & Chicken Scrumble 230G",https://www.tesco.com/groceries/en-GB/shop/baby/all?department=Baby%20%26%20Toddler%20Food&viewAll=department&page=,£2.00,£8.70/kg,,,/groceries/en-GB/products/278412726,https://digitalcontent.api.tesco.com/v2/media/ghs/38978a94-388e-4067-9ea7-a18eaa8d8b04/f57144d0-f5d4-4c6b-9c31-1cb38aad4bb6_1340784544.jpeg?h=225&w=225,
278412594,Hipp Organic Classic Spaghetti Bolognese 230G,https://www.tesco.com/groceries/en-GB/shop/baby/all?department=Baby%20%26%20Toddler%20Food&viewAll=department&page=,£2.00,£8.70/kg,,,/groceries/en-GB/products/278412594,https://digitalcontent.api.tesco.com/v2/media/ghs/259fd6bf-6fa9-44c8-ac04-a7a1a52ff1ef/111db002-37da-4595-a400-34b1073f1876_2072152661.jpeg?h=225&w=225,
278412824,Hipp Organic 1 Year Spaghetti With Tomato & Mozzarella Sauce 230G,https://www.tesco.com/groceries/en-GB/shop/baby/all?department=Baby%20%26%20Toddler%20Food&viewAll=department&page=,£2.00,£8.70/kg,,,/groceries/en-GB/products/278412824,https://digitalcontent.api.tesco.com/v2/media/ghs/6f3ccc90-5031-4cfb-a9d7-23f0a6a9709d/dc4531bd-9e51-42df-91c0-8b518bab602f_131069926.jpeg?h=225&w=225,
308473636,Kiddylicious Banana Crispy Tiddlers 4X12g,https://www.tesco.com/groceries/en-GB/shop/baby/all?department=Baby%20%26%20Toddler%20Food&viewAll=department&page=,£2.20,£4.59/100g,,,/groceries/en-GB/products/308473636,https://digitalcontent.api.tesco.com/v2/media/ghs/386f32f8-7db8-43d9-84f1-610f7c7ed412/b7fe09c0-6c1c-4018-84d8-0f57b54c213d_1137928785.jpeg?h=225&w=225,
308471919,Kiddylicious Cheesy Popped Hoops 5 X 10G,https://www.tesco.com/groceries/en-GB/shop/baby/all?department=Baby%20%26%20Toddler%20Food&viewAll=department&page=,£2.50,£5.00/100g,£2.00 Clubcard Price,,/groceries/en-GB/products/308471919,https://digitalcontent.api.tesco.com/v2/media/ghs/ebc3d8b3-6b39-4105-a019-e7d9d2a7064f/43205e01-907a-44af-bc82-531ffb26e18a_1409741595.jpeg?h=225&w=225,
291397050,Heinz Sweet & Sour Chicken Pouch 180G,https://www.tesco.com/groceries/en-GB/shop/baby/all?department=Baby%20%26%20Toddler%20Food&viewAll=department&page=,£1.70,£9.45/kg,,,/groceries/en-GB/products/291397050,https://digitalcontent.api.tesco.com/v2/media/ghs/7873c70a-fcc0-4493-ab63-3d8b2b032fa5/cf26ffdb-a239-4dcf-9fdb-64960acb2312_2088402818.jpeg?h=225&w=225,
305429279,Ella's Kitchen Dairy Free Rice Pudding Banana & Strawberry 7 Months 80G,https://www.tesco.com/groceries/en-GB/shop/baby/all?department=Baby%20%26%20Toddler%20Food&viewAll=department&page=,£1.50,£1.88/100g,,,/groceries/en-GB/products/305429279,https://digitalcontent.api.tesco.com/v2/media/ghs/a77e6968-76cb-41af-a70d-f7a3fbd76114/8d91b048-0d0e-42e7-8656-21beab79a71e_70492643.jpeg?h=225&w=225,
276873217,Ella's Kitchen Fish Pie With Parsley 130G,https://www.tesco.com/groceries/en-GB/shop/baby/all?department=Baby%20%26%20Toddler%20Food&viewAll=department&page=,£1.70,£13.08/kg,Any 5 for 4 Clubcard Price - Cheapest Product Free - Selected Ellas Kitchen Food Products 130g Or 190g,,/groceries/en-GB/products/276873217,https://digitalcontent.api.tesco.com/v2/media/ghs/b7da44d4-a0a0-44f8-a093-3e8f4267a957/06266395-19ae-47c7-a7aa-3f6b395a3eeb_1809218468.jpeg?h=225&w=225,
309762794,Piccolo Cooking Beef Bolognese Pasta Sauce 120G,https://www.tesco.com/groceries/en-GB/shop/baby/all?department=Baby%20%26%20Toddler%20Food&viewAll=department&page=,£1.50,£12.50/kg,,,/groceries/en-GB/products/309762794,https://digitalcontent.api.tesco.com/v2/media/ghs/2546849f-e933-45cd-9221-4907c0656703/28f82447-18a7-4db2-b4f8-7c0418ccc8d1_1972839088.jpeg?h=225&w=225,
252326344,Farleys Rusks Original Reduced Sugar 6 Months Plus 150G,https://www.tesco.com/groceries/en-GB/shop/baby/all?department=Baby%20%26%20Toddler%20Food&viewAll=department&page=,£1.50,£1.00/100g,,,/groceries/en-GB/products/252326344,https://digitalcontent.api.tesco.com/v2/media/ghs/b7e42390-1f0e-47e2-b5f9-28d8003c33e5/a85cb5b4-aeb8-4864-81ca-d8392911b531_556573077.jpeg?h=225&w=225,
309788683,Piccolo Cooking Classic Tomato Pasta Sauce 120G,https://www.tesco.com/groceries/en-GB/shop/baby/all?department=Baby%20%26%20Toddler%20Food&viewAll=department&page=,£1.50,£12.50/kg,,,/groceries/en-GB/products/309788683,https://digitalcontent.api.tesco.com/v2/media/ghs/dfb26370-e9ad-4745-a20b-f6f3e03275ef/e12a79c0-9529-46f8-acd5-aa3a98ebb197_811955981.jpeg?h=225&w=225,
299583894,Piccolo Organic Pear Apple & Spring Greens 100G,https://www.tesco.com/groceries/en-GB/shop/baby/all?department=Baby%20%26%20Toddler%20Food&viewAll=department&page=,£1.20,£12.00/kg,£1.00 Clubcard Price,,/groceries/en-GB/products/299583894,https://digitalcontent.api.tesco.com/v2/media/ghs/6b92a663-597c-4a76-ae4f-dcc5a174e085/14fe3268-838f-4f57-a895-aecd967b0dd8_1136771934.jpeg?h=225&w=225,
304379766,Heinz By Nature Apple Banana Apricot 4 X 100G,https://www.tesco.com/groceries/en-GB/shop/baby/all?department=Baby%20%26%20Toddler%20Food&viewAll=department&page=,£1.50,£0.38/100g,,,/groceries/en-GB/products/304379766,https://digitalcontent.api.tesco.com/v2/media/ghs/b9eff8ce-e37f-4c10-bf46-030ff39c8ace/67995688-d7ce-46c2-972c-b1f182a3c387_498116702.jpeg?h=225&w=225,
309195203,Heinz Splash Apple & Blackcurrant Juice 1+Years 500Ml,https://www.tesco.com/groceries/en-GB/shop/baby/all?department=Baby%20%26%20Toddler%20Food&viewAll=department&page=,£1.50,£0.30/100ml,,,/groceries/en-GB/products/309195203,https://digitalcontent.api.tesco.com/v2/media/ghs/48ee8691-dc7f-460e-adbd-1268470fb1f9/4bd9fdf9-be1f-4e13-a8f2-6095ed53c578_1925642123.jpeg?h=225&w=225,
295460470,"Ella's Kitchen S/Corn, Pumpkin & Broccoli 120G",https://www.tesco.com/groceries/en-GB/shop/baby/all?department=Baby%20%26%20Toddler%20Food&viewAll=department&page=,£1.30,£10.84/kg,,,/groceries/en-GB/products/295460470,https://digitalcontent.api.tesco.com/v2/media/ghs/73013d98-0ef6-4406-b2a0-047b04e13f9f/2fc141a5-7947-48b7-99b5-591d7f604956_1892899591.jpeg?h=225&w=225,
308486696,Ella's Kitchen Organic Pear Apricot Pineapple Plus Ginger 4M+ 120G,https://www.tesco.com/groceries/en-GB/shop/baby/all?department=Baby%20%26%20Toddler%20Food&viewAll=department&page=,£1.30,£1.09/100g,,,/groceries/en-GB/products/308486696,https://digitalcontent.api.tesco.com/v2/media/ghs/c8bf8b64-f7ab-40ed-88a9-9fb07e6c6fbb/8728359e-d927-4af8-8531-e8f27b6d0c96_250488904.jpeg?h=225&w=225,
295460337,Organix Goodies Banana Puffcorn 4 X 10G,https://www.tesco.com/groceries/en-GB/shop/baby/all?department=Baby%20%26%20Toddler%20Food&viewAll=department&page=,£2.10,£5.25/100g,,,/groceries/en-GB/products/295460337,https://digitalcontent.api.tesco.com/v2/media/ghs/26ed5f48-9232-48dd-9865-10989efcbbc8/8b09bd39-ca2b-4f69-8dce-82278985fa0b_128343421.jpeg?h=225&w=225,
311273235,Ella's Kitchen Sweet Potato & Hummus 6+ Months 100G,https://www.tesco.com/groceries/en-GB/shop/baby/all?department=Baby%20%26%20Toddler%20Food&viewAll=department&page=,£1.40,£1.40/100g,,,/groceries/en-GB/products/311273235,https://digitalcontent.api.tesco.com/v2/media/ghs/a75871c7-0cfe-4baf-a909-ffe90077c5ae/637d6a13-da11-4ac1-94c6-f6324f2a3b57_1403166374.jpeg?h=225&w=225,
299556921,Piccolo Organic Blushing Berries 100G Fruit,https://www.tesco.com/groceries/en-GB/shop/baby/all?department=Baby%20%26%20Toddler%20Food&viewAll=department&page=,£1.20,£1.20/100g,£1.00 Clubcard Price,,/groceries/en-GB/products/299556921,https://digitalcontent.api.tesco.com/v2/media/ghs/1df1409b-0f34-462b-9eb8-bbfebd50fcb0/b58d5853-6f17-4704-b889-3b8e178b97f3_467260382.jpeg?h=225&w=225,
308090553,Kiddylicious Blueberry Wafers 6Mth 4Pack 16G,https://www.tesco.com/groceries/en-GB/shop/baby/all?department=Baby%20%26%20Toddler%20Food&viewAll=department&page=,£1.00,£6.25/100g,,,/groceries/en-GB/products/308090553,https://digitalcontent.api.tesco.com/v2/media/ghs/24663dbc-b8de-4ae9-bedd-5cc0556057d0/bb39cfc0-5f1e-4591-9d6d-561650688ae9_1751483470.jpeg?h=225&w=225,
282247449,Ella's Kitchen Sweet Potato 70G,https://www.tesco.com/groceries/en-GB/shop/baby/all?department=Baby%20%26%20Toddler%20Food&viewAll=department&page=,£0.90,£12.86/kg,,,/groceries/en-GB/products/282247449,https://digitalcontent.api.tesco.com/v2/media/ghs/a280e0bb-a19a-4731-b348-4f9d832382a6/2ca5a063-001e-478c-a1e9-f2a14e89dc65_1823463472.jpeg?h=225&w=225,
308454705,Kiddylicious Banana Wafers 6 Months 4Pack 16G,https://www.tesco.com/groceries/en-GB/shop/baby/all?department=Baby%20%26%20Toddler%20Food&viewAll=department&page=,£1.00,£6.25/100g,,,/groceries/en-GB/products/308454705,https://digitalcontent.api.tesco.com/v2/media/ghs/e78501db-7b41-4b88-ad1b-d5a71a09236a/e0bb4758-77a2-48f9-8068-7568b9bb2756_1637311947.jpeg?h=225&w=225,
261079893,Hipp 4 Month Organic Cheesy Spinach & Potato Bake 125G,https://www.tesco.com/groceries/en-GB/shop/baby/all?department=Baby%20%26%20Toddler%20Food&viewAll=department&page=,£0.90,£7.20/kg,,,/groceries/en-GB/products/261079893,https://digitalcontent.api.tesco.com/v2/media/ghs/4724030b-0bfc-40cb-bbe9-ba5eaa0b608f/e01d8582-f214-4a8d-88e7-bef3e42e7fb1_782772068.jpeg?h=225&w=225,
305745896,Heinz Mixed Vegetable Jar 120G,https://www.tesco.com/groceries/en-GB/shop/baby/all?department=Baby%20%26%20Toddler%20Food&viewAll=department&page=,£0.70,£5.84/kg,,,/groceries/en-GB/products/305745896,https://digitalcontent.api.tesco.com/v2/media/ghs/aaa07308-6cca-44c0-ba30-5bb43cc7605c/5fb65ca8-3f21-4a68-8b14-70d868db4f10_406614975.jpeg?h=225&w=225,
312694622,Piccolo Organic Squeezy Yogurt Strawberry & Banana Kids 4X100g,https://www.tesco.com/groceries/en-GB/shop/baby/all?department=Baby%20%26%20Toddler%20Food&viewAll=department&page=,£4.50,£1.13/100g,,,/groceries/en-GB/products/312694622,https://digitalcontent.api.tesco.com/v2/media/ghs/9d08cf0a-7233-4bb9-962f-dadb19afff81/69b04cd6-3c02-406b-b3d7-42c919f74299_186203826.jpeg?h=225&w=225,
312846069,Piccolo Organic Squeezy Yogurt Tropical Kids 4X100g,https://www.tesco.com/groceries/en-GB/shop/baby/all?department=Baby%20%26%20Toddler%20Food&viewAll=department&page=,£4.50,£1.13/100g,,,/groceries/en-GB/products/312846069,https://digitalcontent.api.tesco.com/v2/media/ghs/c75cf58f-e7d6-4b46-8409-84dba8a33de0/f0abf9a7-e8b1-469c-af65-074180e7156b_1383525432.jpeg?h=225&w=225,
312587093,Piccolo Organic Cupcake Mix Cocoa Kids 250G,https://www.tesco.com/groceries/en-GB/shop/baby/all?department=Baby%20%26%20Toddler%20Food&viewAll=department&page=,£4.00,£16.00/kg,,,/groceries/en-GB/products/312587093,https://digitalcontent.api.tesco.com/v2/media/ghs/81bb2a28-f102-4963-80d1-49acaddcbcb7/82b1479e-1a98-491a-97a2-ef8edd18c460_1926498412.jpeg?h=225&w=225,
312234436,Piccolo Organic Cupcake Mix Carrot Cake 250G,https://www.tesco.com/groceries/en-GB/shop/baby/all?department=Baby%20%26%20Toddler%20Food&viewAll=department&page=,£4.00,£16.00/kg,,,/groceries/en-GB/products/312234436,https://digitalcontent.api.tesco.com/v2/media/ghs/3e086d44-748a-4868-809f-44d1c2cd1203/e82c67f4-f1e1-4ab0-96e6-f84ea620bf36_99986986.jpeg?h=225&w=225,
309774394,Aptamil Organic Banana & Strawberry Porridge 180G,https://www.tesco.com/groceries/en-GB/shop/baby/all?department=Baby%20%26%20Toddler%20Food&viewAll=department&page=,£3.50,£1.95/100g,,,/groceries/en-GB/products/309774394,https://digitalcontent.api.tesco.com/v2/media/ghs/7e10caee-4188-44fc-ae1d-2cc53f71d06b/a201ca38-392e-4b79-8619-9bf14d2ec9d0_1301323816.jpeg?h=225&w=225,
312846766,Piccolo Organic Squeezy Fruit Tropical Kids 4X90g,https://www.tesco.com/groceries/en-GB/shop/baby/all?department=Baby%20%26%20Toddler%20Food&viewAll=department&page=,£4.00,£1.12/100g,,,/groceries/en-GB/products/312846766,https://digitalcontent.api.tesco.com/v2/media/ghs/3ed8fb79-9550-43fa-b27b-48068350f996/04d29c45-14bb-4f2d-9c1a-0f06ca8cdf4c_1795597978.jpeg?h=225&w=225,
312700023,Piccolo Organic Squeezy Fruit Apple Raspberry & Blueberry 4X90g,https://www.tesco.com/groceries/en-GB/shop/baby/all?department=Baby%20%26%20Toddler%20Food&viewAll=department&page=,£4.00,£1.12/100g,,,/groceries/en-GB/products/312700023,https://digitalcontent.api.tesco.com/v2/media/ghs/6cdee1cf-b320-4166-bc3d-0cce32f9d181/1e25db47-0bb8-444e-bb98-9a76a63beb97_627561415.jpeg?h=225&w=225,
305255069,Aptamil Multigrain Cereal 200G,https://www.tesco.com/groceries/en-GB/shop/baby/all?department=Baby%20%26%20Toddler%20Food&viewAll=department&page=,£3.50,£1.75/100g,,,/groceries/en-GB/products/305255069,https://digitalcontent.api.tesco.com/v2/media/ghs/d263a191-2195-4d61-abbc-ac0af242cd52/724dddcd-4e8c-4c0c-90ae-f36185af1863_2120223940.jpeg?h=225&w=225,
312219806,Heinz Veggie Pasta With Cheese Porridge 200G,https://www.tesco.com/groceries/en-GB/shop/baby/all?department=Baby%20%26%20Toddler%20Food&viewAll=department&page=,£3.00,£15.00/kg,,,/groceries/en-GB/products/312219806,https://digitalcontent.api.tesco.com/v2/media/ghs/0d67300d-1086-4b61-9929-9add11c96298/849fa3f1-5b23-405c-b0fc-9ef34f8d166c_1241894175.jpeg?h=225&w=225,
282266222,Organix Strawberry & Banana Porridge 120G,https://www.tesco.com/groceries/en-GB/shop/baby/all?department=Baby%20%26%20Toddler%20Food&viewAll=department&page=,£2.25,£1.88/100g,,,/groceries/en-GB/products/282266222,https://digitalcontent.api.tesco.com/v2/media/ghs/8d3aa30a-f28a-45e4-a7a0-311e76388b6b/d21fd3a5-0d07-4aa2-9d31-8d58c1e5a746_772153231.jpeg?h=225&w=225,
311949289,Heinz Pumpkin Carrot & Sweetcorn Porridge 200G,https://www.tesco.com/groceries/en-GB/shop/baby/all?department=Baby%20%26%20Toddler%20Food&viewAll=department&page=,£3.00,£15.00/kg,,,/groceries/en-GB/products/311949289,https://digitalcontent.api.tesco.com/v2/media/ghs/e8adefc7-7063-4e6c-ab6e-170a7cb200f8/788c9f1a-7de4-4f70-8274-aa07e453f693_1656272417.jpeg?h=225&w=225,
308451449,Hipp Organic Lasagne Bolognese Meal 15+ Months Meal 250G,https://www.tesco.com/groceries/en-GB/shop/baby/all?department=Baby%20%26%20Toddler%20Food&viewAll=department&page=,£2.40,£9.60/kg,,,/groceries/en-GB/products/308451449,https://digitalcontent.api.tesco.com/v2/media/ghs/187f6c4d-66bf-4799-8791-f94354301d3b/912db80e-3fc6-472e-8de7-cc685190036a_504546480.jpeg?h=225&w=225,
308475231,Hipp Organic Vegetable Cannelloni Meal 15+ Months 250G,https://www.tesco.com/groceries/en-GB/shop/baby/all?department=Baby%20%26%20Toddler%20Food&viewAll=department&page=,£2.40,£9.60/kg,,,/groceries/en-GB/products/308475231,https://digitalcontent.api.tesco.com/v2/media/ghs/537d2900-4d86-4192-bfac-9c660934b07a/e12b30b8-1539-48fa-a48e-7e1874829bbe_1116565853.jpeg?h=225&w=225,
308825549,Organix Veggie Mini Mix Ups 4 X 15G,https://www.tesco.com/groceries/en-GB/shop/baby/all?department=Baby%20%26%20Toddler%20Food&viewAll=department&page=,£2.30,£3.84/100g,,,/groceries/en-GB/products/308825549,https://digitalcontent.api.tesco.com/v2/media/ghs/afa774d0-9133-4951-8fed-83cf36beae04/f33d6504-c22e-4d42-9a00-07ef3b77f001_554969057.jpeg?h=225&w=225,
308450934,Kiddylicious Bbq Flavoured Lentil Rice Popped Hoop5x10g,https://www.tesco.com/groceries/en-GB/shop/baby/all?department=Baby%20%26%20Toddler%20Food&viewAll=department&page=,£2.50,£5.00/100g,£2.00 Clubcard Price,,/groceries/en-GB/products/308450934,https://digitalcontent.api.tesco.com/v2/media/ghs/89b11282-8bb7-4f7f-8bfd-e7bf58f012e5/a91124c8-bd5a-4141-b201-110c2e2d3a0c_989441537.jpeg?h=225&w=225,
309458059,Heinz Let's Cook Cheese Sauce 7+Month 2 X 80G,https://www.tesco.com/groceries/en-GB/shop/baby/all?department=Baby%20%26%20Toddler%20Food&viewAll=department&page=,£1.80,£11.25/kg,,,/groceries/en-GB/products/309458059,https://digitalcontent.api.tesco.com/v2/media/ghs/7a43f988-4e76-42fb-8ba2-fe83206b2a74/bece5a48-ce49-4a46-8096-e1d9fb709fa4_759741989.jpeg?h=225&w=225,
309467199,Heinz Let's Cook Bolognese Sauce 7+Mth 2X80g,https://www.tesco.com/groceries/en-GB/shop/baby/all?department=Baby%20%26%20Toddler%20Food&viewAll=department&page=,£1.80,£11.25/kg,,,/groceries/en-GB/products/309467199,https://digitalcontent.api.tesco.com/v2/media/ghs/c6a71cb3-0bd1-4261-9317-70407e8fa5b6/ed79399f-17fd-44b7-aaf4-1cee50d9bd75_649052639.jpeg?h=225&w=225,
309484799,Heinz Let's Cook Tomato & Ricotta Sauce 7+Mth 2X80g,https://www.tesco.com/groceries/en-GB/shop/baby/all?department=Baby%20%26%20Toddler%20Food&viewAll=department&page=,£1.80,£11.25/kg,,,/groceries/en-GB/products/309484799,https://digitalcontent.api.tesco.com/v2/media/ghs/3f0b9358-1500-4e78-8497-2f555e442fd1/e7481a86-e074-4b7f-8a95-76acec8b07ea_487632441.jpeg?h=225&w=225,
308493071,Kiddylicious Mixed Pepper Veggie Buttons 5X8g,https://www.tesco.com/groceries/en-GB/shop/baby/all?department=Baby%20%26%20Toddler%20Food&viewAll=department&page=,£2.50,£6.25/100g,£2.00 Clubcard Price,,/groceries/en-GB/products/308493071,https://digitalcontent.api.tesco.com/v2/media/ghs/25a75729-cf8b-4760-943d-a456a029ef13/d8f6d48f-a523-4768-ae52-c0ca2b4f2090_1287682772.jpeg?h=225&w=225,
308469210,Kiddylicious Butternut Squash & Beetroot 5X8g,https://www.tesco.com/groceries/en-GB/shop/baby/all?department=Baby%20%26%20Toddler%20Food&viewAll=department&page=,£2.50,£6.25/100g,£2.00 Clubcard Price,,/groceries/en-GB/products/308469210,https://digitalcontent.api.tesco.com/v2/media/ghs/c13cb772-a206-4f55-a87c-838ecd0a96c9/33c4ed53-c47a-4b95-935f-8287d671168c_1821303233.jpeg?h=225&w=225,
309488001,Heinz Let's Cook Animal Shape Pasta 340G,https://www.tesco.com/groceries/en-GB/shop/baby/all?department=Baby%20%26%20Toddler%20Food&viewAll=department&page=,£1.70,£5.00/kg,,,/groceries/en-GB/products/309488001,https://digitalcontent.api.tesco.com/v2/media/ghs/635253c2-f121-44a9-b17d-efa55df2de11/c1815da3-3b9c-4de0-b1a9-60a960ba72a1_228469201.jpeg?h=225&w=225,
299583970,Piccolo Organic 3 Grain Risotto Meal 130G,https://www.tesco.com/groceries/en-GB/shop/baby/all?department=Baby%20%26%20Toddler%20Food&viewAll=department&page=,£1.70,£13.08/kg,,,/groceries/en-GB/products/299583970,https://digitalcontent.api.tesco.com/v2/media/ghs/2a9fd9ef-1116-47be-b348-f9fc93a8a7d3/954b61c7-b5ec-4e33-b77e-c2a99ed22707_751946161.jpeg?h=225&w=225,
309761461,Heinz Let's Cook Little Shapes Pasta 6+Months 340G,https://www.tesco.com/groceries/en-GB/shop/baby/all?department=Baby%20%26%20Toddler%20Food&viewAll=department&page=,£1.70,£5.00/kg,,,/groceries/en-GB/products/309761461,https://digitalcontent.api.tesco.com/v2/media/ghs/acea8024-1817-4c93-853e-167913c56f91/6761d975-2f0f-4e94-80b7-a049f59edd62_122493941.jpeg?h=225&w=225,
299583957,Piccolo Organic Squash Macaroni & Cheese Meal 130G,https://www.tesco.com/groceries/en-GB/shop/baby/all?department=Baby%20%26%20Toddler%20Food&viewAll=department&page=,£1.70,£13.08/kg,,,/groceries/en-GB/products/299583957,https://digitalcontent.api.tesco.com/v2/media/ghs/c06da8e6-13c0-4a0c-960c-0d4165f95f07/d4309d88-8e66-4e9b-897b-e853b95112f5_1106054596.jpeg?h=225&w=225,
278234038,Heinz Savoury Pouch Tomato Mozzarella Pasta Shapes 130G,https://www.tesco.com/groceries/en-GB/shop/baby/all?department=Baby%20%26%20Toddler%20Food&viewAll=department&page=,£1.40,£10.77/kg,,,/groceries/en-GB/products/278234038,https://digitalcontent.api.tesco.com/v2/media/ghs/3ac132a1-6def-4034-be5e-5b36af49de9e/24e893f3-109a-492e-94ef-a2387ce7d496_547150058.jpeg?h=225&w=225,
299583934,Piccolo Organic Carrot Squash & Sweet Potato Baby Food 100G,https://www.tesco.com/groceries/en-GB/shop/baby/all?department=Baby%20%26%20Toddler%20Food&viewAll=department&page=,£1.20,£12.00/kg,£1.00 Clubcard Price,,/groceries/en-GB/products/299583934,https://digitalcontent.api.tesco.com/v2/media/ghs/3c155c00-ffc3-4ecf-9889-eea4dcaa78b1/51c7efd8-9fea-464e-b8c7-0e680e3a66b1_1192997050.jpeg?h=225&w=225,
311960672,Baby Shark Training Seat,https://www.tesco.com/groceries/en-GB/shop/baby/all?department=Toilet%20Training&viewAll=department&page=,£10.00,£10.00/each,,,/groceries/en-GB/products/311960672,https://digitalcontent.api.tesco.com/v2/media/ghs/4a82a09e-5418-448b-82b0-09451d140216/23cddacc-4e51-47c2-9f4b-66aae499ba07_612089188.jpeg?h=225&w=225,
311952820,Baby Shark Steady Potty,https://www.tesco.com/groceries/en-GB/shop/baby/all?department=Toilet%20Training&viewAll=department&page=,£10.00,£10.00/each,,,/groceries/en-GB/products/311952820,https://digitalcontent.api.tesco.com/v2/media/ghs/7991f449-ce8f-4fd6-9401-c6ed365a8acf/88efa6d0-957c-4b3a-9725-aa65056e8639_1764904622.jpeg?h=225&w=225,
294319577,Fred&Flo Easy Clean Toilet Seat,https://www.tesco.com/groceries/en-GB/shop/baby/all?department=Toilet%20Training&viewAll=department&page=,£6.00,£6.00/each,,,/groceries/en-GB/products/294319577,https://digitalcontent.api.tesco.com/v2/media/ghs/95756ddb-1cb4-46a1-aaec-72e069585c39/27079713-2335-48fb-9a48-24cf7c93578f_1477962188.jpeg?h=225&w=225,
302225186,Fred&Flo Step Stool White & Teal,https://www.tesco.com/groceries/en-GB/shop/baby/all?department=Toilet%20Training&viewAll=department&page=,£6.00,£6.00/each,,,/groceries/en-GB/products/302225186,https://digitalcontent.api.tesco.com/v2/media/ghs/52ad7ebd-ca8d-4a63-92dd-b1f361b2015f/73ea4f6c-dd36-44df-969c-8d4d9f8a31ca_790458228.jpeg?h=225&w=225,
290499259,Fred&Flo Potty Assortment,https://www.tesco.com/groceries/en-GB/shop/baby/all?department=Toilet%20Training&viewAll=department&page=,£6.00,£6.00/each,,,/groceries/en-GB/products/290499259,https://digitalcontent.api.tesco.com/v2/media/ghs/11f21dbd-9412-4d01-8756-99b583a817bb/9afad602-6611-4668-a37d-1df327d1261f_108520758.jpeg?h=225&w=225,
301883726,Tommee Tippee No Touch Digital Thermometer 0M+,https://www.tesco.com/groceries/en-GB/shop/baby/all?department=Mum%20to%20Be&viewAll=department&page=,£50.00,£50.00/each,,,/groceries/en-GB/products/301883726,https://digitalcontent.api.tesco.com/v2/media/ghs/e3caa56c-7e12-4a2e-8b5f-7ce644c48ead/6bb0fb0d-dadc-49d2-8b99-7f022f3f9e1d_1053643799.jpeg?h=225&w=225,
299442670,Braun Thermoscan 3,https://www.tesco.com/groceries/en-GB/shop/baby/all?department=Mum%20to%20Be&viewAll=department&page=,£35.00,£35.00/each,£27.99 Clubcard Price,,/groceries/en-GB/products/299442670,https://digitalcontent.api.tesco.com/v2/media/ghs/cacea620-671f-49b7-895f-d82b28b1691e/75373b32-086e-4d01-ac97-203cb7b6eff0_572692518.jpeg?h=225&w=225,
282299208,Tommee Tippee Perfect Prepared Filter,https://www.tesco.com/groceries/en-GB/shop/baby/all?department=Mum%20to%20Be&viewAll=department&page=,£13.50,£13.50/each,,,/groceries/en-GB/products/282299208,https://digitalcontent.api.tesco.com/v2/media/ghs/5794d566-de3a-4b65-8fef-d29dd768fc6f/688d48ad-e573-41e2-af0c-432270b36b02_1837192386.jpeg?h=225&w=225,
273712333,Seven Seas Pregnancy Breast Feeding Vitamins 56 Pack,https://www.tesco.com/groceries/en-GB/shop/baby/all?department=Mum%20to%20Be&viewAll=department&page=,£16.80,£0.30/each,Any 3 for 2 Clubcard Price - Cheapest Product Free - Selected Vitamins Or Supplements,,/groceries/en-GB/products/273712333,https://digitalcontent.api.tesco.com/v2/media/ghs/26d716e8-9de9-456d-8f2a-8892aa79b0a3/c01b1a3b-d7b4-4611-8865-6d330febf360_571042818.jpeg?h=225&w=225,
259178657,Pregnacare Breast Feeding 84S,https://www.tesco.com/groceries/en-GB/shop/baby/all?department=Mum%20to%20Be&viewAll=department&page=,£16.00,£0.19/each,Any 3 for 2 Clubcard Price - Cheapest Product Free - Selected Vitamins Or Supplements,,/groceries/en-GB/products/259178657,https://digitalcontent.api.tesco.com/v2/media/ghs/a07a21cd-7e68-4c2d-bef5-e8be19d0206b/2357c549-9a61-436b-b935-25cb7113e1ac_1509522895.jpeg?h=225&w=225,
265277894,Tommee Tippee Closer To Nature Healthcare & Grooming Kit,https://www.tesco.com/groceries/en-GB/shop/baby/all?department=Mum%20to%20Be&viewAll=department&page=,£20.00,£20.00/each,,,/groceries/en-GB/products/265277894,https://digitalcontent.api.tesco.com/v2/media/ghs/e9e542f8-33e6-4ebd-8317-fa07949ecf1a/cc113cc6-ba1d-4675-84b8-c38e50f0c273_657665759.jpeg?h=225&w=225,
274501881,Lansinoh Hpa Lanolin Nipple Cream 40Ml,https://www.tesco.com/groceries/en-GB/shop/baby/all?department=Mum%20to%20Be&viewAll=department&page=,£11.50,£28.75/100ml,,,/groceries/en-GB/products/274501881,https://digitalcontent.api.tesco.com/v2/media/ghs/4bf85464-0e2d-43c8-a2f1-fd260a896493/c77e4f0a-f875-4ef2-9337-2d4ba228e7b9_738806983.jpeg?h=225&w=225,
282264699,Bio-Oil 125Ml,https://www.tesco.com/groceries/en-GB/shop/baby/all?department=Mum%20to%20Be&viewAll=department&page=,£14.70,£11.76/100ml,,,/groceries/en-GB/products/282264699,https://digitalcontent.api.tesco.com/v2/media/ghs/22d511a8-edd4-4ca9-aeaa-39e466adbab6/a7b999bd-0c78-458b-941c-4ec9b89ce49d_519666479.jpeg?h=225&w=225,
298905418,Tommee Tippee Digital Pen Thermometer,https://www.tesco.com/groceries/en-GB/shop/baby/all?department=Mum%20to%20Be&viewAll=department&page=,£15.00,£15.00/each,,,/groceries/en-GB/products/298905418,https://digitalcontent.api.tesco.com/v2/media/ghs/ce2447be-421c-41ed-bae7-73c596e75f36/df0990b0-c7a3-49b7-ac45-720876913fdd_311960290.jpeg?h=225&w=225,
286060784,Braun Thermometer Digital Stick,https://www.tesco.com/groceries/en-GB/shop/baby/all?department=Mum%20to%20Be&viewAll=department&page=,£17.50,£17.50/each,£11.50 Clubcard Price,,/groceries/en-GB/products/286060784,https://digitalcontent.api.tesco.com/v2/media/ghs/95465b5d-f132-4e9f-a824-430159c3129e/3a503440-e4ff-4cfe-9752-7be6a36bac0c_391913601.jpeg?h=225&w=225,
274501777,Lansinoh Ultra Thin Nursing Pads X60,https://www.tesco.com/groceries/en-GB/shop/baby/all?department=Mum%20to%20Be&viewAll=department&page=,£5.80,£0.10/each,,,/groceries/en-GB/products/274501777,https://digitalcontent.api.tesco.com/v2/media/ghs/df055bfb-708c-41c7-af6e-722ed71960cf/8a3a0142-db76-4034-94dd-29e603e1720d_1702288053.jpeg?h=225&w=225,
310654938,Step Ahead Mum To Be Nipple Cream 40Ml,https://www.tesco.com/groceries/en-GB/shop/baby/all?department=Mum%20to%20Be&viewAll=department&page=,£5.00,£12.50/100ml,,,/groceries/en-GB/products/310654938,https://digitalcontent.api.tesco.com/v2/media/ghs/58c6bf6e-8f08-4e9b-8ea0-04b8c97e5591/90b8b0cf-ebdd-4ff8-ac81-c080acdefeb4_364695386.jpeg?h=225&w=225,
310129737,Step Ahead Mum To Be Perineum Spray 75Ml,https://www.tesco.com/groceries/en-GB/shop/baby/all?department=Mum%20to%20Be&viewAll=department&page=,£6.00,£8.00/100ml,,,/groceries/en-GB/products/310129737,https://digitalcontent.api.tesco.com/v2/media/ghs/d57f4ebf-39dc-4dde-b98e-25b414612161/22e920ea-cf0c-47c6-b214-ce0bc056a46e_1604292444.jpeg?h=225&w=225,
282281684,Tommee Tippee Closer To Nature 0-6 Months Anytime Soother X2,https://www.tesco.com/groceries/en-GB/shop/baby/all?department=Mum%20to%20Be&viewAll=department&page=,£5.60,£2.80/each,Any 2 for £8 Clubcard Price - Selected Tommee Tippee Products,,/groceries/en-GB/products/282281684,https://digitalcontent.api.tesco.com/v2/media/ghs/c2228dd9-3c7f-4e87-abd4-4ae36c67ed7b/9346fd81-f33e-4a9e-a526-ca4fd292d5ef_873826914.jpeg?h=225&w=225,
255405822,Palmers Massage Lotion For Stretch Marks 250Ml,https://www.tesco.com/groceries/en-GB/shop/baby/all?department=Mum%20to%20Be&viewAll=department&page=,£5.00,£2.00/100ml,,,/groceries/en-GB/products/255405822,https://digitalcontent.api.tesco.com/v2/media/ghs/db27d0c4-4ebf-4098-9f28-0a705d1ba230/753565e2-b311-41c1-ac52-b7b8025d797c_1823688015.jpeg?h=225&w=225,
278399234,Mam Night 0+M Soother,https://www.tesco.com/groceries/en-GB/shop/baby/all?department=Mum%20to%20Be&viewAll=department&page=,£6.00,£6.00/each,£5.00 Clubcard Price,,/groceries/en-GB/products/278399234,https://digitalcontent.api.tesco.com/v2/media/ghs/1b5016d0-920d-4b2e-b81b-a326a6eef7d0/adbe6128-39ac-4c53-aeae-bdf47695941c_915339671.jpeg?h=225&w=225,
283789105,Mam Soother Air 0+ Months,https://www.tesco.com/groceries/en-GB/shop/baby/all?department=Mum%20to%20Be&viewAll=department&page=,£6.85,£6.85/each,,,/groceries/en-GB/products/283789105,https://digitalcontent.api.tesco.com/v2/media/ghs/34b52ac1-9d7a-47cd-a1fc-83c706d8460f/a73ab3a0-271f-42c0-bd41-f24d98559af4_769746917.jpeg?h=225&w=225,
311278466,Step Ahead Mum To Be Stretch Mark Cream 100Ml,https://www.tesco.com/groceries/en-GB/shop/baby/all?department=Mum%20to%20Be&viewAll=department&page=,£4.00,£4.00/100ml,,,/groceries/en-GB/products/311278466,https://digitalcontent.api.tesco.com/v2/media/ghs/977cf93e-495f-4ba2-9d35-3a30d4752a68/081bc0a7-e1ed-400a-bbf2-680ab9b221e2_1929258131.jpeg?h=225&w=225,
310110822,Step Ahead Mum To Be Magic Bump Mask 50Ml,https://www.tesco.com/groceries/en-GB/shop/baby/all?department=Mum%20to%20Be&viewAll=department&page=,£4.00,£8.00/100ml,,,/groceries/en-GB/products/310110822,https://digitalcontent.api.tesco.com/v2/media/ghs/d936abca-1370-4953-8ee0-665607e6c127/99082e35-39d9-498e-bae1-c38cf7a547a7_181412276.jpeg?h=225&w=225,
313168708,Lil-Lets 10 Extra Long Maternity Maxi Pads Plus Wings,https://www.tesco.com/groceries/en-GB/shop/baby/all?department=Mum%20to%20Be&viewAll=department&page=,£2.20,£0.22/each,,New,/groceries/en-GB/products/313168708,https://digitalcontent.api.tesco.com/v2/media/ghs/be369866-f815-4785-8fc3-1e11fe191bc2/973ceb7e-4d8b-42ee-84f4-eab2dc6c2a65_773563419.jpeg?h=225&w=225,
312576463,Lil-Lets 12 Ultra Thin Maternity Ultra Pads Plus Wings,https://www.tesco.com/groceries/en-GB/shop/baby/all?department=Mum%20to%20Be&viewAll=department&page=,£2.20,£0.18/each,,New,/groceries/en-GB/products/312576463,https://digitalcontent.api.tesco.com/v2/media/ghs/d6de76b2-5f72-4ae1-be87-717125361db2/ac3fa014-8d1c-4e7c-b0c3-3a2afbd69ae5_1999920196.jpeg?h=225&w=225,
302715672,Tesco Maternity Towel 20 Pack,https://www.tesco.com/groceries/en-GB/shop/baby/all?department=Mum%20to%20Be&viewAll=department&page=,£1.65,£0.08/each,,,/groceries/en-GB/products/302715672,https://digitalcontent.api.tesco.com/v2/media/ghs/8401230b-b2a3-4cb6-a691-22d88f952a83/cb2ab16b-4f53-4dea-afb2-1f4016026eb8_852577379.jpeg?h=225&w=225,
302715659,Tesco Slim Maternity Towels 24 Pack,https://www.tesco.com/groceries/en-GB/shop/baby/all?department=Mum%20to%20Be&viewAll=department&page=,£2.10,£0.09/each,,,/groceries/en-GB/products/302715659,https://digitalcontent.api.tesco.com/v2/media/ghs/c6288744-0242-499f-b153-2afe5208d6a6/fb58b3d7-2c4b-4659-8fa7-5ab044677b8c_1083338113.jpeg?h=225&w=225,
302715735,Tesco Medium Maternity Brief 5 Pack,https://www.tesco.com/groceries/en-GB/shop/baby/all?department=Mum%20to%20Be&viewAll=department&page=,£1.95,£0.39/each,,,/groceries/en-GB/products/302715735,https://digitalcontent.api.tesco.com/v2/media/ghs/af32c94e-1950-4921-a760-4099f5a36e26/07a89aa6-7d7c-4bda-b0a2-ac62f4f0eb54_1452402732.jpeg?h=225&w=225,
302715758,Tesco Large Maternity Brief 5 Pack,https://www.tesco.com/groceries/en-GB/shop/baby/all?department=Mum%20to%20Be&viewAll=department&page=,£1.95,£0.39/each,,,/groceries/en-GB/products/302715758,https://digitalcontent.api.tesco.com/v2/media/ghs/c6e1d8cb-b92c-41c7-8ca5-ec44d417c584/d1069dae-e09c-41a1-90ff-230dd09dc83c_586112148.jpeg?h=225&w=225,
312693456,Tommee Tippee Single Electric Breast Pump,https://www.tesco.com/groceries/en-GB/shop/baby/all?department=Breast%20Feeding%20Accessories&viewAll=department&page=,£140.00,£140.00/each,,,/groceries/en-GB/products/312693456,https://digitalcontent.api.tesco.com/v2/media/ghs-mktg/b0b04216-fa73-466d-a9d7-c9fcfa1ce9b3/no-image.jpeg,
312713549,Tommee Tippee Manual Breast Pump,https://www.tesco.com/groceries/en-GB/shop/baby/all?department=Breast%20Feeding%20Accessories&viewAll=department&page=,£30.00,£30.00/each,,New,/groceries/en-GB/products/312713549,https://digitalcontent.api.tesco.com/v2/media/ghs-mktg/b0b04216-fa73-466d-a9d7-c9fcfa1ce9b3/no-image.jpeg,
274501881,Lansinoh Hpa Lanolin Nipple Cream 40Ml,https://www.tesco.com/groceries/en-GB/shop/baby/all?department=Breast%20Feeding%20Accessories&viewAll=department&page=,£11.50,£28.75/100ml,,,/groceries/en-GB/products/274501881,https://digitalcontent.api.tesco.com/v2/media/ghs/4bf85464-0e2d-43c8-a2f1-fd260a896493/c77e4f0a-f875-4ef2-9337-2d4ba228e7b9_738806983.jpeg?h=225&w=225,
306938874,Weleda Nipple Balm 25G,https://www.tesco.com/groceries/en-GB/shop/baby/all?department=Breast%20Feeding%20Accessories&viewAll=department&page=,£8.00,£3.20/10g,,,/groceries/en-GB/products/306938874,https://digitalcontent.api.tesco.com/v2/media/ghs/3c2529df-25ca-4715-8bca-c7c292ea6395/83c6a7dc-8c44-42fd-bdb5-c86021177aeb_1624589031.jpeg?h=225&w=225,
257278528,Tommee Tippee Closer To Nature Milk Feed Bibs X2,https://www.tesco.com/groceries/en-GB/shop/baby/all?department=Breast%20Feeding%20Accessories&viewAll=department&page=,£5.50,£2.75/each,,,/groceries/en-GB/products/257278528,https://digitalcontent.api.tesco.com/v2/media/ghs/f9af7496-9a07-4b48-9876-51fecf2b7975/ef5d7859-93cd-4658-813d-c25d0b9b4d56_1332440167.jpeg?h=225&w=225,
283816938,Lansinoh Breastmilk Storage Bags X25,https://www.tesco.com/groceries/en-GB/shop/baby/all?department=Breast%20Feeding%20Accessories&viewAll=department&page=,£5.50,£0.22/each,,,/groceries/en-GB/products/283816938,https://digitalcontent.api.tesco.com/v2/media/ghs/07715988-41ba-4fdd-9721-958b2d5ea885/6deca9cb-ded3-4b5d-b736-e9998516cc79_754715651.jpeg?h=225&w=225,
274501777,Lansinoh Ultra Thin Nursing Pads X60,https://www.tesco.com/groceries/en-GB/shop/baby/all?department=Breast%20Feeding%20Accessories&viewAll=department&page=,£5.80,£0.10/each,,,/groceries/en-GB/products/274501777,https://digitalcontent.api.tesco.com/v2/media/ghs/df055bfb-708c-41c7-af6e-722ed71960cf/8a3a0142-db76-4034-94dd-29e603e1720d_1702288053.jpeg?h=225&w=225,
302353926,Fred & Flo Muslin Cloths White 3 Pack,https://www.tesco.com/groceries/en-GB/shop/baby/all?department=Breast%20Feeding%20Accessories&viewAll=department&page=,£5.80,£1.94/each,,,/groceries/en-GB/products/302353926,https://digitalcontent.api.tesco.com/v2/media/ghs/cbd985c7-7f66-4bdf-82ce-fb068e1b50ea/f79de5ba-8e40-4e53-ad22-81c69e9148d9_127851046.jpeg?h=225&w=225,
302715770,Tesco Ultra Slim Breast Pad 40 Pack,https://www.tesco.com/groceries/en-GB/shop/baby/all?department=Breast%20Feeding%20Accessories&viewAll=department&page=,£3.70,£0.09/each,,,/groceries/en-GB/products/302715770,https://digitalcontent.api.tesco.com/v2/media/ghs/92f3fb91-f2e7-42e0-85e2-951095566058/5c38a416-0798-4f6b-aca6-ee2d3454f458_1770286789.jpeg?h=225&w=225,
308115399,Tommee Tippee Disposable Breast Pads Large 40 Pack,https://www.tesco.com/groceries/en-GB/shop/baby/all?department=Breast%20Feeding%20Accessories&viewAll=department&page=,£5.00,£0.12/each,Any 2 for £8 Clubcard Price - Selected Tommee Tippee Products,,/groceries/en-GB/products/308115399,https://digitalcontent.api.tesco.com/v2/media/ghs/081dee88-fa55-42ef-bea3-c7c6216666e6/37565111-5c3f-4d3b-a891-b1ef17191211_22897036.jpeg?h=225&w=225,
308118937,Tommee Tippee 40 Disposable Breast Pads Medium,https://www.tesco.com/groceries/en-GB/shop/baby/all?department=Breast%20Feeding%20Accessories&viewAll=department&page=,£5.00,£0.12/each,Any 2 for £8 Clubcard Price - Selected Tommee Tippee Products,,/groceries/en-GB/products/308118937,https://digitalcontent.api.tesco.com/v2/media/ghs/fd559c74-c335-47cb-b395-72e2568aee5f/53b10686-63d7-408f-814a-eee827a3e910_1544881750.jpeg?h=225&w=225,
305432903,Tommee Tippee Super-Steam Advanced Electric Steriliser White,https://www.tesco.com/groceries/en-GB/shop/baby/all?department=Baby%20Bottles%20%26%20Accessories&viewAll=department&page=,£73.50,£73.50/each,,,/groceries/en-GB/products/305432903,https://digitalcontent.api.tesco.com/v2/media/ghs/40bc44fd-9d19-452f-9a6c-7dacfff579e4/bf16f7c3-7b26-49fe-843c-8a3e47e53ae6_1031675849.jpeg?h=225&w=225,
310688915,Tommee Tippee Advanced Anti-Colic Starter Kit 0+ Month,https://www.tesco.com/groceries/en-GB/shop/baby/all?department=Baby%20Bottles%20%26%20Accessories&viewAll=department&page=,£39.00,£39.00/each,,,/groceries/en-GB/products/310688915,https://digitalcontent.api.tesco.com/v2/media/ghs/b2e1de2f-d6b4-41d4-8b87-92c772948434/3ff762ef-3c2c-4fb8-b7f2-44e523ce8738_1266303625.jpeg?h=225&w=225,
310691732,Tommee Tippee Carton Newborn Starter Set 0+ Months,https://www.tesco.com/groceries/en-GB/shop/baby/all?department=Baby%20Bottles%20%26%20Accessories&viewAll=department&page=,£37.00,£37.00/each,,,/groceries/en-GB/products/310691732,https://digitalcontent.api.tesco.com/v2/media/ghs/57a79ae3-fb5f-4b51-afd8-9e8157c28693/5570d0c5-b4c4-4b06-836a-37349c681dc5_117914238.jpeg?h=225&w=225,
282299208,Tommee Tippee Perfect Prepared Filter,https://www.tesco.com/groceries/en-GB/shop/baby/all?department=Baby%20Bottles%20%26%20Accessories&viewAll=department&page=,£13.50,£13.50/each,,,/groceries/en-GB/products/282299208,https://digitalcontent.api.tesco.com/v2/media/ghs/5794d566-de3a-4b65-8fef-d29dd768fc6f/688d48ad-e573-41e2-af0c-432270b36b02_1837192386.jpeg?h=225&w=225,
310183619,Tommee Tippee Closer To Nature Bottle 260Ml 3Ppk,https://www.tesco.com/groceries/en-GB/shop/baby/all?department=Baby%20Bottles%20%26%20Accessories&viewAll=department&page=,£18.00,£6.00/each,,,/groceries/en-GB/products/310183619,https://digitalcontent.api.tesco.com/v2/media/ghs/e1498a1f-06db-437f-9c85-0f668eb1ed5d/d48fac17-8a5e-4aca-a013-fa373bdc9529_553580259.jpeg?h=225&w=225,
291094857,Mam Anti Colic Bottle 0+ Months 260Ml X3,https://www.tesco.com/groceries/en-GB/shop/baby/all?department=Baby%20Bottles%20%26%20Accessories&viewAll=department&page=,£18.00,£6.00/each,,New,/groceries/en-GB/products/291094857,https://digitalcontent.api.tesco.com/v2/media/ghs/a950807b-6443-4bbf-ad00-1232754771a5/snapshotimagehandler_563773275.jpeg?h=225&w=225,
291094644,Mam Anti Colic Bottle 0+ Months 160Ml X2,https://www.tesco.com/groceries/en-GB/shop/baby/all?department=Baby%20Bottles%20%26%20Accessories&viewAll=department&page=,£14.50,£7.25/each,,,/groceries/en-GB/products/291094644,https://digitalcontent.api.tesco.com/v2/media/ghs/7cc1e13e-b865-46ba-bd63-13cd5748ea69/c617fa5d-b94c-4ae0-8148-bb6a3c38f1c4_769594590.jpeg?h=225&w=225,
268606743,Mam 2 Pack Bottles 260Ml,https://www.tesco.com/groceries/en-GB/shop/baby/all?department=Baby%20Bottles%20%26%20Accessories&viewAll=department&page=,£14.00,£7.00/each,£11.50 Clubcard Price,,/groceries/en-GB/products/268606743,https://digitalcontent.api.tesco.com/v2/media/ghs/95547602-2395-4fc0-9057-b08e242c5e00/5a602c7c-78e9-4f69-8542-66b01e8eb396_1084685049.jpeg?h=225&w=225,
310667042,Tommee Tippee Closer To Nature Decorated Baby Bottles 2X260ml,https://www.tesco.com/groceries/en-GB/shop/baby/all?department=Baby%20Bottles%20%26%20Accessories&viewAll=department&page=,£14.00,£7.00/each,,,/groceries/en-GB/products/310667042,https://digitalcontent.api.tesco.com/v2/media/ghs-mktg/b0b04216-fa73-466d-a9d7-c9fcfa1ce9b3/no-image.jpeg,
310106471,Tommee Tippee Closer To Nature Baby Bottles 2 X340ml,https://www.tesco.com/groceries/en-GB/shop/baby/all?department=Baby%20Bottles%20%26%20Accessories&viewAll=department&page=,£13.00,£6.50/each,,New,/groceries/en-GB/products/310106471,https://digitalcontent.api.tesco.com/v2/media/ghs/7106adb1-a577-4e1d-a080-82fb786ee8ea/27599fdd-022e-40f3-86c6-b6666359b1c1_1569626916.jpeg?h=225&w=225,
310116997,Tommee Tippee Advanced Anti-Colic Bottles 3X260ml 0+ Month,https://www.tesco.com/groceries/en-GB/shop/baby/all?department=Baby%20Bottles%20%26%20Accessories&viewAll=department&page=,£17.00,£5.67/each,,,/groceries/en-GB/products/310116997,https://digitalcontent.api.tesco.com/v2/media/ghs/a2ee71ee-7f3d-4c05-b505-92845a509200/589f0482-6ffc-4364-b10c-de1eabe24832_1722376931.jpeg?h=225&w=225,
257278528,Tommee Tippee Closer To Nature Milk Feed Bibs X2,https://www.tesco.com/groceries/en-GB/shop/baby/all?department=Baby%20Bottles%20%26%20Accessories&viewAll=department&page=,£5.50,£2.75/each,,,/groceries/en-GB/products/257278528,https://digitalcontent.api.tesco.com/v2/media/ghs/f9af7496-9a07-4b48-9876-51fecf2b7975/ef5d7859-93cd-4658-813d-c25d0b9b4d56_1332440167.jpeg?h=225&w=225,
311782329,Nuby Catch All Bibs 2 Pack,https://www.tesco.com/groceries/en-GB/shop/baby/all?department=Baby%20Bottles%20%26%20Accessories&viewAll=department&page=,£6.00,£3.00/each,,,/groceries/en-GB/products/311782329,https://digitalcontent.api.tesco.com/v2/media/ghs/437768c9-f6c3-4168-abb8-983e17c28cc5/bb4980d4-9fcf-4f63-b24f-edcc54a760ba_2061153247.jpeg?h=225&w=225,
291094805,Mam Anti Colic Bottle 2+ Months 260Ml,https://www.tesco.com/groceries/en-GB/shop/baby/all?department=Baby%20Bottles%20%26%20Accessories&viewAll=department&page=,£7.50,£7.50/each,,,/groceries/en-GB/products/291094805,https://digitalcontent.api.tesco.com/v2/media/ghs/b3d75d32-5514-46fc-9b07-17673d52a357/2add93ec-264a-4c7e-9fbe-8260814da632_1900642887.jpeg?h=225&w=225,
283816938,Lansinoh Breastmilk Storage Bags X25,https://www.tesco.com/groceries/en-GB/shop/baby/all?department=Baby%20Bottles%20%26%20Accessories&viewAll=department&page=,£5.50,£0.22/each,,,/groceries/en-GB/products/283816938,https://digitalcontent.api.tesco.com/v2/media/ghs/07715988-41ba-4fdd-9721-958b2d5ea885/6deca9cb-ded3-4b5d-b736-e9998516cc79_754715651.jpeg?h=225&w=225,
311433755,Tommee Tippee Closer To Nature Baby Bottle 260Ml 0+ Months,https://www.tesco.com/groceries/en-GB/shop/baby/all?department=Baby%20Bottles%20%26%20Accessories&viewAll=department&page=,£7.50,£7.50/each,£4.67 Clubcard Price,,/groceries/en-GB/products/311433755,https://digitalcontent.api.tesco.com/v2/media/ghs/88cf6663-64c9-435b-bc07-739bedc6a930/52d6b2b9-8cc8-43d0-855a-603db8caaa46_1713654327.jpeg?h=225&w=225,
308470144,Nuby Snug & Dry Organic Cotton Bib 2 Pack,https://www.tesco.com/groceries/en-GB/shop/baby/all?department=Baby%20Bottles%20%26%20Accessories&viewAll=department&page=,£5.25,£2.63/each,,,/groceries/en-GB/products/308470144,https://digitalcontent.api.tesco.com/v2/media/ghs/b2b2f040-2f28-4c52-af1b-fc58f2ab5861/b325c5b0-9278-4e25-8399-2be0ce2e232c_1581662440.jpeg?h=225&w=225,
310667353,Tommee Tippee Closer To Nature Advanced Anti Colic Bottle 260Ml 0M+,https://www.tesco.com/groceries/en-GB/shop/baby/all?department=Baby%20Bottles%20%26%20Accessories&viewAll=department&page=,£8.00,£8.00/each,£5.33 Clubcard Price,,/groceries/en-GB/products/310667353,https://digitalcontent.api.tesco.com/v2/media/ghs/fe0ff1ca-4de8-46a4-b3a1-598e0bf8f9a8/e739d01e-c001-42ca-98a3-92259cd9de91_681744201.jpeg?h=225&w=225,
255469659,Tommee Tippee Bottle And Teat Brush,https://www.tesco.com/groceries/en-GB/shop/baby/all?department=Baby%20Bottles%20%26%20Accessories&viewAll=department&page=,£4.00,£4.00/each,,,/groceries/en-GB/products/255469659,https://digitalcontent.api.tesco.com/v2/media/ghs/52e2bae7-6d89-4e6f-b998-3e81b93f7d52/caaaf0a1-2678-4b93-9001-077346750d96_878710268.jpeg?h=225&w=225,
311806015,Nuby Coverall Bib 12 Months Plus,https://www.tesco.com/groceries/en-GB/shop/baby/all?department=Baby%20Bottles%20%26%20Accessories&viewAll=department&page=,£5.00,£5.00/each,,New,/groceries/en-GB/products/311806015,https://digitalcontent.api.tesco.com/v2/media/ghs/c5cca785-fabc-4d65-9a60-bbe2c1bb4bec/a941b553-3803-475e-9ffa-ac3ce2da862e_1207909529.jpeg?h=225&w=225,
262475520,Mam Ultivent Fast Flow Teat X2,https://www.tesco.com/groceries/en-GB/shop/baby/all?department=Baby%20Bottles%20%26%20Accessories&viewAll=department&page=,£5.25,£2.63/each,,,/groceries/en-GB/products/262475520,https://digitalcontent.api.tesco.com/v2/media/ghs/e7ecdf37-6cb5-4e77-9d35-647f46d5e0c0/57d0f579-2484-4fbf-91b0-ad1eab0bfb38_595806984.jpeg?h=225&w=225,
312851917,Mam Easy Active Baby Bottle 330Ml,https://www.tesco.com/groceries/en-GB/shop/baby/all?department=Baby%20Bottles%20%26%20Accessories&viewAll=department&page=,£7.00,£7.00/each,,New,/groceries/en-GB/products/312851917,https://digitalcontent.api.tesco.com/v2/media/ghs/023a9cf7-d22e-4b49-8628-5de1dd5a124c/fdd18dcc-75f5-4ec6-9779-5c59aef72b58_137751988.jpeg?h=225&w=225,
252879927,Tommee Tippee Roll N Go Bib - available in various colours,https://www.tesco.com/groceries/en-GB/shop/baby/all?department=Baby%20Bottles%20%26%20Accessories&viewAll=department&page=,£3.90,£3.90/each,,,/groceries/en-GB/products/252879927,https://digitalcontent.api.tesco.com/v2/media/ghs/5a3e24ed-87f4-4409-841d-a40985a9aad0/60795ba7-7dd6-4b84-b455-3d9de0fdcdaa_2004567944.jpeg?h=225&w=225,
291107251,Mam Medium Flow Teat 2+ Months,https://www.tesco.com/groceries/en-GB/shop/baby/all?department=Baby%20Bottles%20%26%20Accessories&viewAll=department&page=,£5.25,£5.25/each,,,/groceries/en-GB/products/291107251,https://digitalcontent.api.tesco.com/v2/media/ghs/6039a2f3-7c43-4bfc-9168-9b93b52cb192/8a749e69-e684-45ad-bf50-6c3b53880e3f_1421658329.jpeg?h=225&w=225,
310173361,Tommee Tippee Closer To Nature Fast Flow Teats 2 Pack 6M+,https://www.tesco.com/groceries/en-GB/shop/baby/all?department=Baby%20Bottles%20%26%20Accessories&viewAll=department&page=,£5.00,£2.50/each,Any 2 for £8 Clubcard Price - Selected Tommee Tippee Products,,/groceries/en-GB/products/310173361,https://digitalcontent.api.tesco.com/v2/media/ghs/60214e19-09fa-461d-ab84-4268483195f4/d87082f1-1506-44ee-aeba-ebc7a01351b4_656026343.jpeg?h=225&w=225,
310664068,Tommee Tippee Closer To Nature Medium Flow Teats X2 3 Mth+,https://www.tesco.com/groceries/en-GB/shop/baby/all?department=Baby%20Bottles%20%26%20Accessories&viewAll=department&page=,£5.00,£2.50/each,Any 2 for £8 Clubcard Price - Selected Tommee Tippee Products,,/groceries/en-GB/products/310664068,https://digitalcontent.api.tesco.com/v2/media/ghs/997fa79e-1115-485e-bfff-938638104d50/c3509756-3a84-4cc1-8769-4550b3ac5c81_801631113.jpeg?h=225&w=225,
310699597,Tommee Tippee Closer To Nature Advanced 2 Anticolic Fast Flow Teats 6M+,https://www.tesco.com/groceries/en-GB/shop/baby/all?department=Baby%20Bottles%20%26%20Accessories&viewAll=department&page=,£4.50,£2.25/each,Any 2 for £8 Clubcard Price - Selected Tommee Tippee Products,,/groceries/en-GB/products/310699597,https://digitalcontent.api.tesco.com/v2/media/ghs/5c8c8c7f-ac9d-46fe-a7c9-34df874e7a9a/4fa35557-56a8-41a5-841a-5fcb685b7281_934029053.jpeg?h=225&w=225,
310143178,Tommee Tippee Closer To Nature Advanced 2 Anti-Colic Medium Flow Teats 3M+,https://www.tesco.com/groceries/en-GB/shop/baby/all?department=Baby%20Bottles%20%26%20Accessories&viewAll=department&page=,£4.50,£2.25/each,Any 2 for £8 Clubcard Price - Selected Tommee Tippee Products,,/groceries/en-GB/products/310143178,https://digitalcontent.api.tesco.com/v2/media/ghs/7b9a2a7d-d67f-4a20-b700-6a19953e0182/138ea907-0234-4395-9bf6-3b312c7d1bf7_312565951.jpeg?h=225&w=225,
291275131,Nuby Roly Poly Silicone Bib,https://www.tesco.com/groceries/en-GB/shop/baby/all?department=Baby%20Bottles%20%26%20Accessories&viewAll=department&page=,£4.20,£4.20/each,,,/groceries/en-GB/products/291275131,https://digitalcontent.api.tesco.com/v2/media/ghs/22fe2c83-e188-4296-b7fe-7c9bdfdc908b/d690b0e2-f5c1-431d-9cab-ad468cd7e0ed_2145694214.jpeg?h=225&w=225,
302353926,Fred & Flo Muslin Cloths White 3 Pack,https://www.tesco.com/groceries/en-GB/shop/baby/all?department=Baby%20Bottles%20%26%20Accessories&viewAll=department&page=,£5.80,£1.94/each,,,/groceries/en-GB/products/302353926,https://digitalcontent.api.tesco.com/v2/media/ghs/cbd985c7-7f66-4bdf-82ce-fb068e1b50ea/f79de5ba-8e40-4e53-ad22-81c69e9148d9_127851046.jpeg?h=225&w=225,
308117316,Tommee Tippee Single Glass Bottle 250Ml,https://www.tesco.com/groceries/en-GB/shop/baby/all?department=Baby%20Bottles%20%26%20Accessories&viewAll=department&page=,£8.00,£8.00/each,£5.33 Clubcard Price,,/groceries/en-GB/products/308117316,https://digitalcontent.api.tesco.com/v2/media/ghs/c68a3238-0f10-4fcd-92d4-e8372957fe7c/dce5e14c-da91-4bb7-af13-d6679a3e40d3_2040094075.jpeg?h=225&w=225,
251317420,Tommee Tippee Comfi Neck Catch All Bib 6 Months+,https://www.tesco.com/groceries/en-GB/shop/baby/all?department=Baby%20Bottles%20%26%20Accessories&viewAll=department&page=,£2.60,£2.60/each,,,/groceries/en-GB/products/251317420,https://digitalcontent.api.tesco.com/v2/media/ghs/29798a69-30ba-4f9d-a2c2-6ccff6034016/3f62de3c-2491-4e3b-b4e8-11468910a15c_1701601431.jpeg?h=225&w=225,
268606046,Mam 6+ Months X Cut Teats X2,https://www.tesco.com/groceries/en-GB/shop/baby/all?department=Baby%20Bottles%20%26%20Accessories&viewAll=department&page=,£4.25,£2.13/each,,New,/groceries/en-GB/products/268606046,https://digitalcontent.api.tesco.com/v2/media/ghs/2ec5c585-990e-4258-88dd-e5449c790d22/63f79f5e-41a8-4d29-899d-14b253db155e_385216257.jpeg?h=225&w=225,
301253885,Fred & Flo Bottle And Teat Brush,https://www.tesco.com/groceries/en-GB/shop/baby/all?department=Baby%20Bottles%20%26%20Accessories&viewAll=department&page=,£2.80,£2.80/each,,,/groceries/en-GB/products/301253885,https://digitalcontent.api.tesco.com/v2/media/ghs/a7093ab2-f17d-4d03-98d1-b1b72e5951b2/56d6db57-d25f-42c7-8360-617c5b728d10_146666967.jpeg?h=225&w=225,
301253787,Fred & Flo Wide Neck Bottle 2 X 250Ml,https://www.tesco.com/groceries/en-GB/shop/baby/all?department=Baby%20Bottles%20%26%20Accessories&viewAll=department&page=,£3.95,£1.98/each,,,/groceries/en-GB/products/301253787,https://digitalcontent.api.tesco.com/v2/media/ghs/d25d4a85-7716-4c2e-a545-41b3a79ab3e0/d1de80cb-913b-4f1f-b7b0-99ddd7680fd4_200152601.jpeg?h=225&w=225,
307351696,Fred & Flo Newborn Bibs 3 Pack,https://www.tesco.com/groceries/en-GB/shop/baby/all?department=Baby%20Bottles%20%26%20Accessories&viewAll=department&page=,£3.70,£1.24/each,,,/groceries/en-GB/products/307351696,https://digitalcontent.api.tesco.com/v2/media/ghs/c530da3e-f852-4497-88ed-6a9172dea58c/310266a7-8b94-4d62-8a7b-50dd09faeb1e_563579480.jpeg?h=225&w=225,
308852384,Nimble Milk Buster Baby Bottle Cleaner 200Ml,https://www.tesco.com/groceries/en-GB/shop/baby/all?department=Baby%20Bottles%20%26%20Accessories&viewAll=department&page=,£4.00,£20.00/litre,£3.00 Clubcard Price,,/groceries/en-GB/products/308852384,https://digitalcontent.api.tesco.com/v2/media/ghs/c3382e59-70b0-4b50-b221-e55d596eee7f/f38bdaa9-eb18-4dee-90e7-a7be12e92214_225192257.jpeg?h=225&w=225,
301253862,Fred & Flo Bottle To Cup Trainer 250Ml,https://www.tesco.com/groceries/en-GB/shop/baby/all?department=Baby%20Bottles%20%26%20Accessories&viewAll=department&page=,£2.60,£2.60/each,,,/groceries/en-GB/products/301253862,https://digitalcontent.api.tesco.com/v2/media/ghs/6ccc9e60-3285-482e-8ec0-3e2c979b9ce1/bf924c14-78b8-4b6e-b690-d386271dba08_561399458.jpeg?h=225&w=225,
301253902,Fred & Flo Milk Powder Dispenser,https://www.tesco.com/groceries/en-GB/shop/baby/all?department=Baby%20Bottles%20%26%20Accessories&viewAll=department&page=,£2.25,£2.25/each,,,/groceries/en-GB/products/301253902,https://digitalcontent.api.tesco.com/v2/media/ghs/15862239-965e-4949-b689-0470a8077211/57751b1e-6fc1-499d-aefb-a3d17589588c_1923460141.jpeg?h=225&w=225,
301253849,Fred & Flo Standard Neck Teat Fast Flow 3 Pack,https://www.tesco.com/groceries/en-GB/shop/baby/all?department=Baby%20Bottles%20%26%20Accessories&viewAll=department&page=,£2.10,£0.70/each,,,/groceries/en-GB/products/301253849,https://digitalcontent.api.tesco.com/v2/media/ghs/72ee8b79-0b69-4193-9c5b-70bb6d94f5e1/7296a209-bb98-42ee-bcb0-9c669cb4d793_1985248984.jpeg?h=225&w=225,
301253827,Fred & Flo Standard Neck Bottle 3 X 250Ml,https://www.tesco.com/groceries/en-GB/shop/baby/all?department=Baby%20Bottles%20%26%20Accessories&viewAll=department&page=,£3.20,£1.07/each,,,/groceries/en-GB/products/301253827,https://digitalcontent.api.tesco.com/v2/media/ghs/89526596-7bb0-49a1-b476-b60276d42618/d61bd4dc-0889-4acc-be30-78303d6531b0_699741136.jpeg?h=225&w=225,
301253804,Fred & Flo Wide Neck Teat Fast Flow 2 Pack,https://www.tesco.com/groceries/en-GB/shop/baby/all?department=Baby%20Bottles%20%26%20Accessories&viewAll=department&page=,£1.70,£0.85/each,,,/groceries/en-GB/products/301253804,https://digitalcontent.api.tesco.com/v2/media/ghs/49b6a42a-20c3-453a-82e6-ec457647ecb7/5c34df29-4ec0-40ec-a53e-a157965d3126_1288754320.jpeg?h=225&w=225,
300962577,Tesco Essentials Baby Feeding Bottle 250Ml,https://www.tesco.com/groceries/en-GB/shop/baby/all?department=Baby%20Bottles%20%26%20Accessories&viewAll=department&page=,£1.30,£1.30/each,,,/groceries/en-GB/products/300962577,https://digitalcontent.api.tesco.com/v2/media/ghs/194247e6-3996-4dca-8727-1861da55534b/4391d573-3d0a-470d-b3c4-c551144b333d_1251511535.jpeg?h=225&w=225,
311951798,Nuby Monkey Supergrip Plate 6+ Months,https://www.tesco.com/groceries/en-GB/shop/baby/all?department=Baby%20Weaning%20%26%20Accessories&viewAll=department&page=,£12.50,£12.50/each,,,/groceries/en-GB/products/311951798,https://digitalcontent.api.tesco.com/v2/media/ghs/0c9db3f4-87bb-4664-8a2c-6533c7e97a2a/92330412-2f51-4ce9-a0a1-0d817f742c77_319595340.jpeg?h=225&w=225,
257278528,Tommee Tippee Closer To Nature Milk Feed Bibs X2,https://www.tesco.com/groceries/en-GB/shop/baby/all?department=Baby%20Weaning%20%26%20Accessories&viewAll=department&page=,£5.50,£2.75/each,,,/groceries/en-GB/products/257278528,https://digitalcontent.api.tesco.com/v2/media/ghs/f9af7496-9a07-4b48-9876-51fecf2b7975/ef5d7859-93cd-4658-813d-c25d0b9b4d56_1332440167.jpeg?h=225&w=225,
309161036,Fred & Flo Lunchbox Set,https://www.tesco.com/groceries/en-GB/shop/baby/all?department=Baby%20Weaning%20%26%20Accessories&viewAll=department&page=,£8.00,£8.00/each,,,/groceries/en-GB/products/309161036,https://digitalcontent.api.tesco.com/v2/media/ghs/b36ced48-4377-4677-a1b3-61f135d2d6b2/474290c1-d84b-4d82-8b4a-d819ffa2bf23_1484240330.jpeg?h=225&w=225,
305728329,Munchkin Stay Put Suction Bowl 3 Pack,https://www.tesco.com/groceries/en-GB/shop/baby/all?department=Baby%20Weaning%20%26%20Accessories&viewAll=department&page=,£8.00,£2.67/each,,New,/groceries/en-GB/products/305728329,https://digitalcontent.api.tesco.com/v2/media/ghs/ffe99d67-b488-40e9-9b32-d122d0bd517d/ac71bb63-4c67-4f5a-9030-097b9849f7d9_689605447.jpeg?h=225&w=225,
308470144,Nuby Snug & Dry Organic Cotton Bib 2 Pack,https://www.tesco.com/groceries/en-GB/shop/baby/all?department=Baby%20Weaning%20%26%20Accessories&viewAll=department&page=,£5.25,£2.63/each,,,/groceries/en-GB/products/308470144,https://digitalcontent.api.tesco.com/v2/media/ghs/b2b2f040-2f28-4c52-af1b-fc58f2ab5861/b325c5b0-9278-4e25-8399-2be0ce2e232c_1581662440.jpeg?h=225&w=225,
294781120,Munchkin Lil Apple Plates 3 Pack,https://www.tesco.com/groceries/en-GB/shop/baby/all?department=Baby%20Weaning%20%26%20Accessories&viewAll=department&page=,£6.00,£2.00/each,,New,/groceries/en-GB/products/294781120,https://digitalcontent.api.tesco.com/v2/media/ghs/5c4a71f3-41da-4d78-a83a-0259c2d9bfdf/8c854776-ed38-472b-b6ef-c344d83405e4_347066083.jpeg?h=225&w=225,
311939897,Munchkin Simple Clean Straw Cup 296Ml,https://www.tesco.com/groceries/en-GB/shop/baby/all?department=Baby%20Weaning%20%26%20Accessories&viewAll=department&page=,£6.00,£6.00/each,,New,/groceries/en-GB/products/311939897,https://digitalcontent.api.tesco.com/v2/media/ghs/e530e069-355b-4ce0-957a-668ee032f9a8/16c75084-72ec-4be6-9a77-18b361274f0b_1358127181.jpeg?h=225&w=225,
272201334,Tommee Tippee Explora Easy Scoop Feeding 2 Bowls & 1 Lid,https://www.tesco.com/groceries/en-GB/shop/baby/all?department=Baby%20Weaning%20%26%20Accessories&viewAll=department&page=,£5.40,£2.70/each,,,/groceries/en-GB/products/272201334,https://digitalcontent.api.tesco.com/v2/media/ghs/ef093d05-e866-4457-8782-34f4e300d4e8/ac069004-50ef-4119-ab3b-88f59ba2589c_623340017.jpeg?h=225&w=225,
287185393,Munchkin Miracle 360 Sippy Cup,https://www.tesco.com/groceries/en-GB/shop/baby/all?department=Baby%20Weaning%20%26%20Accessories&viewAll=department&page=,£6.50,£6.50/each,,,/groceries/en-GB/products/287185393,https://digitalcontent.api.tesco.com/v2/media/ghs/423d8293-c2fe-48ca-a0c5-0022ea11ca0b/431c3952-0c51-42ff-bc8d-6d8ced43faa4_2108856684.jpeg?h=225&w=225,
283970155,Munchkin Soft Tip Spoons X 6,https://www.tesco.com/groceries/en-GB/shop/baby/all?department=Baby%20Weaning%20%26%20Accessories&viewAll=department&page=,£4.50,£0.75/each,,,/groceries/en-GB/products/283970155,https://digitalcontent.api.tesco.com/v2/media/ghs/cd79f0fb-8f74-4ab1-8c27-72619e802a74/849b56be-3e0a-4acd-a6fb-ba110a1d3a1b_421524793.jpeg?h=225&w=225,
303805408,Tommee Tippee 360 Handled Cup 6M+,https://www.tesco.com/groceries/en-GB/shop/baby/all?department=Baby%20Weaning%20%26%20Accessories&viewAll=department&page=,£6.00,£6.00/each,,,/groceries/en-GB/products/303805408,https://digitalcontent.api.tesco.com/v2/media/ghs/0deee934-efed-4d68-8948-6e54a7ed3030/afc34dd5-ddd9-4022-b7ca-27630ec36d13_119033682.jpeg?h=225&w=225,
308110698,Tommee Tippee Big Kids First Cutlery Set,https://www.tesco.com/groceries/en-GB/shop/baby/all?department=Baby%20Weaning%20%26%20Accessories&viewAll=department&page=,£5.25,£5.25/each,,,/groceries/en-GB/products/308110698,https://digitalcontent.api.tesco.com/v2/media/ghs/43c72b91-aabd-4152-a933-2dda7b97f83c/8378eef2-d8fa-4fc0-9120-70fe2d477fa0_1660115782.jpeg?h=225&w=225,
303879412,Nuby Cup Mighty Swig,https://www.tesco.com/groceries/en-GB/shop/baby/all?department=Baby%20Weaning%20%26%20Accessories&viewAll=department&page=,£7.20,£7.20/each,,,/groceries/en-GB/products/303879412,https://digitalcontent.api.tesco.com/v2/media/ghs/0cd3dbe4-5978-4f37-a072-1b4eb50cc5e4/b253fbe9-543e-411c-aedb-f0100bcde814_582834823.jpeg?h=225&w=225,
294780985,Munchkin Cup Tip & Sip 7Oz/207Ml,https://www.tesco.com/groceries/en-GB/shop/baby/all?department=Baby%20Weaning%20%26%20Accessories&viewAll=department&page=,£6.00,£6.00/each,,,/groceries/en-GB/products/294780985,https://digitalcontent.api.tesco.com/v2/media/ghs/edd2728c-e9e5-4823-812f-ed7a14f2ef21/42fc3093-1011-4da9-a9db-6a4fec616c15_738507444.jpeg?h=225&w=225,
294781108,Munchkin Love A Bowls 4 Pack,https://www.tesco.com/groceries/en-GB/shop/baby/all?department=Baby%20Weaning%20%26%20Accessories&viewAll=department&page=,£6.00,£1.50/each,,New,/groceries/en-GB/products/294781108,https://digitalcontent.api.tesco.com/v2/media/ghs/ed8dfd3e-11b0-4347-838d-eb4a43bef64e/455d9faf-b84b-49fa-b529-e1e0494a1072_506248197.jpeg?h=225&w=225,
311799327,Munchkin Stay Put Suction Plate,https://www.tesco.com/groceries/en-GB/shop/baby/all?department=Baby%20Weaning%20%26%20Accessories&viewAll=department&page=,£6.00,£6.00/each,,New,/groceries/en-GB/products/311799327,https://digitalcontent.api.tesco.com/v2/media/ghs/e2c6b27d-c586-4656-a060-35a3d7266f5b/75647214-d708-4ed6-ac0c-e1e401ee3f7c_121158487.jpeg?h=225&w=225,
266745189,Nuby Super Sipper Flip It,https://www.tesco.com/groceries/en-GB/shop/baby/all?department=Baby%20Weaning%20%26%20Accessories&viewAll=department&page=,£4.55,£4.55/each,,,/groceries/en-GB/products/266745189,https://digitalcontent.api.tesco.com/v2/media/ghs/606fa55c-f68e-46a8-9c96-415b62d66108/1f6c325a-a414-4891-ad5c-cc67fcde1417_786643400.jpeg?h=225&w=225,
308491326,Munchkin Splash Toddler Cutlery Set 18M+,https://www.tesco.com/groceries/en-GB/shop/baby/all?department=Baby%20Weaning%20%26%20Accessories&viewAll=department&page=,£6.00,£6.00/each,,,/groceries/en-GB/products/308491326,https://digitalcontent.api.tesco.com/v2/media/ghs/8de69dbd-6c9b-4a7e-a685-4b2000b4df7a/6b391444-621c-4035-b982-eb3fa60960e9_891089743.jpeg?h=225&w=225,
291275131,Nuby Roly Poly Silicone Bib,https://www.tesco.com/groceries/en-GB/shop/baby/all?department=Baby%20Weaning%20%26%20Accessories&viewAll=department&page=,£4.20,£4.20/each,,,/groceries/en-GB/products/291275131,https://digitalcontent.api.tesco.com/v2/media/ghs/22fe2c83-e188-4296-b7fe-7c9bdfdc908b/d690b0e2-f5c1-431d-9cab-ad468cd7e0ed_2145694214.jpeg?h=225&w=225,
272190518,Tommee Tippee Explora Freezer Tray 4X 2Oz Pots White,https://www.tesco.com/groceries/en-GB/shop/baby/all?department=Baby%20Weaning%20%26%20Accessories&viewAll=department&page=,£5.00,£1.25/each,,,/groceries/en-GB/products/272190518,https://digitalcontent.api.tesco.com/v2/media/ghs/d9314d45-19ee-463e-894d-b80842d9d4ca/e64ccd37-da08-41c2-a1ee-fd1723594e84_1878688953.jpeg?h=225&w=225,
301254227,Fred & Flo Baby Ice Lolly Moulds 4 Pack,https://www.tesco.com/groceries/en-GB/shop/baby/all?department=Baby%20Weaning%20%26%20Accessories&viewAll=department&page=,£4.20,£1.05/each,,,/groceries/en-GB/products/301254227,https://digitalcontent.api.tesco.com/v2/media/ghs/ed8c8d2c-baab-4de6-b06a-404ab4bcfca1/b3be3a08-77a7-4a59-a7e4-db29388843ff_1137669006.jpeg?h=225&w=225,
287185341,Munchkin Miracle 360 Trainer Cup,https://www.tesco.com/groceries/en-GB/shop/baby/all?department=Baby%20Weaning%20%26%20Accessories&viewAll=department&page=,£5.25,£5.25/each,,,/groceries/en-GB/products/287185341,https://digitalcontent.api.tesco.com/v2/media/ghs/3f5ca9d4-c04d-466d-a5b9-08e62081ceba/d3fa7696-cddb-4690-b50d-18a7f58a9562_1697912654.jpeg?h=225&w=225,
308108431,Tommee Tippee Easigrip Self Feeding Spoons 6M+ 5Pack,https://www.tesco.com/groceries/en-GB/shop/baby/all?department=Baby%20Weaning%20%26%20Accessories&viewAll=department&page=,£3.80,£0.76/each,,,/groceries/en-GB/products/308108431,https://digitalcontent.api.tesco.com/v2/media/ghs/4998c2c0-6259-4886-b209-288db6f798e6/47dd981a-f1b9-45e6-80b7-42b72c0ca8aa_1037507823.jpeg?h=225&w=225,
310683984,Tommee Tippee Weaning Sippee Cup 190Ml 4M+ Assorted,https://www.tesco.com/groceries/en-GB/shop/baby/all?department=Baby%20Weaning%20%26%20Accessories&viewAll=department&page=,£6.00,£6.00/each,Any 2 for £8 Clubcard Price - Selected Tommee Tippee Products,,/groceries/en-GB/products/310683984,https://digitalcontent.api.tesco.com/v2/media/ghs/cdb89675-6d39-4e91-82ea-985ba5918ca3/d19287c1-8a86-4bf9-80df-911bf8f616d8_1108155090.jpeg?h=225&w=225,
310672035,Tommee Tippee Training Straw Cup 300Ml 6M+ Assorted,https://www.tesco.com/groceries/en-GB/shop/baby/all?department=Baby%20Weaning%20%26%20Accessories&viewAll=department&page=,£6.00,£6.00/each,Any 2 for £8 Clubcard Price - Selected Tommee Tippee Products,,/groceries/en-GB/products/310672035,https://digitalcontent.api.tesco.com/v2/media/ghs/0ab9ab9b-b76a-4c9b-831c-06607281c1c4/05508789-0dbf-46c9-b736-cf6e61aced34_1896167835.jpeg?h=225&w=225,
251317420,Tommee Tippee Comfi Neck Catch All Bib 6 Months+,https://www.tesco.com/groceries/en-GB/shop/baby/all?department=Baby%20Weaning%20%26%20Accessories&viewAll=department&page=,£2.60,£2.60/each,,,/groceries/en-GB/products/251317420,https://digitalcontent.api.tesco.com/v2/media/ghs/29798a69-30ba-4f9d-a2c2-6ccff6034016/3f62de3c-2491-4e3b-b4e8-11468910a15c_1701601431.jpeg?h=225&w=225,
308083781,Tommee Tippee Weaning Spoons 4M+ 5Pack,https://www.tesco.com/groceries/en-GB/shop/baby/all?department=Baby%20Weaning%20%26%20Accessories&viewAll=department&page=,£3.80,£0.76/each,,,/groceries/en-GB/products/308083781,https://digitalcontent.api.tesco.com/v2/media/ghs/1c23a4f2-b086-4484-90d0-736da64c4126/8dbc3fc3-fd33-4b96-b2ba-b680a36c008e_1146202833.jpeg?h=225&w=225,
268605358,Nuby Grip & Sip Cup,https://www.tesco.com/groceries/en-GB/shop/baby/all?department=Baby%20Weaning%20%26%20Accessories&viewAll=department&page=,£3.70,£3.70/each,,,/groceries/en-GB/products/268605358,https://digitalcontent.api.tesco.com/v2/media/ghs/f892d98d-5d9d-4179-b3a6-01aaeb268fba/297fdfef-5784-449b-bf1d-1a5704f7cd9d_1166264012.jpeg?h=225&w=225,
310110690,Tommee Tippee Superstar Sippee Cup 390Ml 12M+ Assorted,https://www.tesco.com/groceries/en-GB/shop/baby/all?department=Baby%20Weaning%20%26%20Accessories&viewAll=department&page=,£6.00,£6.00/each,Any 2 for £8 Clubcard Price - Selected Tommee Tippee Products,,/groceries/en-GB/products/310110690,https://digitalcontent.api.tesco.com/v2/media/ghs/0704fc8f-9630-49b2-8ac8-057ead82a0a5/05b167bc-e4f1-4cf6-83c0-f73d65dded33_678725897.jpeg?h=225&w=225,
310112590,Tommee Tippee Superstar Water Bottle 12M+ 266Ml,https://www.tesco.com/groceries/en-GB/shop/baby/all?department=Baby%20Weaning%20%26%20Accessories&viewAll=department&page=,£6.00,£6.00/each,Any 2 for £8 Clubcard Price - Selected Tommee Tippee Products,,/groceries/en-GB/products/310112590,https://digitalcontent.api.tesco.com/v2/media/ghs/12483435-ef2c-4d00-b71d-286c0ea8e5ab/ef358c5b-2c0e-4f28-9772-764b7495ad77_372661852.jpeg?h=225&w=225,
294780904,Munchkin Cup Clip Lock Trainer 237Ml,https://www.tesco.com/groceries/en-GB/shop/baby/all?department=Baby%20Weaning%20%26%20Accessories&viewAll=department&page=,£4.50,£4.50/each,,New,/groceries/en-GB/products/294780904,https://digitalcontent.api.tesco.com/v2/media/ghs/62e4f050-7e88-45f7-b90d-024bbf8ed9a9/94f55da9-f3c1-4108-9429-829a634a5ef7_1591100177.jpeg?h=225&w=225,
310676941,Tommee Tippee Training Sippee Cup 300Ml 6M+ Assorted,https://www.tesco.com/groceries/en-GB/shop/baby/all?department=Baby%20Weaning%20%26%20Accessories&viewAll=department&page=,£6.00,£6.00/each,Any 2 for £8 Clubcard Price - Selected Tommee Tippee Products,,/groceries/en-GB/products/310676941,https://digitalcontent.api.tesco.com/v2/media/ghs/3bd8ee90-dd05-40a4-a987-3061f47c0ce0/31197ea4-c63a-4df3-83a4-81a819273293_2132987004.jpeg?h=225&w=225,
309202248,Fred & Flo Divided Plate,https://www.tesco.com/groceries/en-GB/shop/baby/all?department=Baby%20Weaning%20%26%20Accessories&viewAll=department&page=,£3.15,£3.15/each,,,/groceries/en-GB/products/309202248,https://digitalcontent.api.tesco.com/v2/media/ghs/7c5fcdf6-5304-438f-9fd8-9de9a1d23a27/2a4213ee-7c27-4d51-a15e-81d6a1915794_1001294181.jpeg?h=225&w=225,
283970034,Munchkin White Hot Safety Spoons X 4,https://www.tesco.com/groceries/en-GB/shop/baby/all?department=Baby%20Weaning%20%26%20Accessories&viewAll=department&page=,£3.00,£0.75/each,,New,/groceries/en-GB/products/283970034,https://digitalcontent.api.tesco.com/v2/media/ghs/d7195441-8640-41ab-9c6c-188ef9208571/f53fcf9f-ab0e-475a-817f-01d393ba395a_2054640138.jpeg?h=225&w=225,
283521152,Nuby Simply Flip It,https://www.tesco.com/groceries/en-GB/shop/baby/all?department=Baby%20Weaning%20%26%20Accessories&viewAll=department&page=,£2.50,£2.50/each,,,/groceries/en-GB/products/283521152,https://digitalcontent.api.tesco.com/v2/media/ghs/bd54e023-d19a-4687-a482-25e34239721b/57dbdb94-a40b-4e57-8568-8c16f45c2c91_1958364414.jpeg?h=225&w=225,
301254204,Fred & Flo Toddler Fork And Spoon Set,https://www.tesco.com/groceries/en-GB/shop/baby/all?department=Baby%20Weaning%20%26%20Accessories&viewAll=department&page=,£3.15,£3.15/each,,,/groceries/en-GB/products/301254204,https://digitalcontent.api.tesco.com/v2/media/ghs/8cf8fb2f-360d-4aeb-961f-74941160945a/45b19dbe-4e44-4658-b219-7f410261c312_788547878.jpeg?h=225&w=225,
313160227,Pinkfong Baby Shark Straw Sipper,https://www.tesco.com/groceries/en-GB/shop/baby/all?department=Baby%20Weaning%20%26%20Accessories&viewAll=department&page=,£3.00,£3.00/each,,New,/groceries/en-GB/products/313160227,https://digitalcontent.api.tesco.com/v2/media/ghs/fcfdcf11-d029-4153-a2f8-ecd530e63fd1/c26278d7-ec48-4c4f-860b-aa56bd92524b_1720387962.jpeg?h=225&w=225,
301253862,Fred & Flo Bottle To Cup Trainer 250Ml,https://www.tesco.com/groceries/en-GB/shop/baby/all?department=Baby%20Weaning%20%26%20Accessories&viewAll=department&page=,£2.60,£2.60/each,,,/groceries/en-GB/products/301253862,https://digitalcontent.api.tesco.com/v2/media/ghs/6ccc9e60-3285-482e-8ec0-3e2c979b9ce1/bf924c14-78b8-4b6e-b690-d386271dba08_561399458.jpeg?h=225&w=225,
301254089,Fred & Flo Non Spill Cup 300Ml,https://www.tesco.com/groceries/en-GB/shop/baby/all?department=Baby%20Weaning%20%26%20Accessories&viewAll=department&page=,£2.60,£2.60/each,,,/groceries/en-GB/products/301254089,https://digitalcontent.api.tesco.com/v2/media/ghs/115f17d4-db05-48a8-9265-056a7ab542f5/26c40913-7fa6-46ff-8e54-4dd21c006b48_740896419.jpeg?h=225&w=225,
257203516,Tommee Tippee Essential Basics First Cup 190Ml 4 Months+,https://www.tesco.com/groceries/en-GB/shop/baby/all?department=Baby%20Weaning%20%26%20Accessories&viewAll=department&page=,£2.00,£2.00/each,,,/groceries/en-GB/products/257203516,https://digitalcontent.api.tesco.com/v2/media/ghs/40783ddc-da3d-41de-b959-69337e24f169/1748fb3d-199b-415d-845b-ff8f7295159b_230304143.jpeg?h=225&w=225,
313188517,Pinkfong Baby Shark Feeding Bowl,https://www.tesco.com/groceries/en-GB/shop/baby/all?department=Baby%20Weaning%20%26%20Accessories&viewAll=department&page=,£1.50,£1.50/each,,New,/groceries/en-GB/products/313188517,https://digitalcontent.api.tesco.com/v2/media/ghs/da0441fe-d945-4bb6-b474-a1afef989316/7357cfea-0edc-4bef-b4f6-9d7a7f5e4b3f_1038290341.jpeg?h=225&w=225,
312837800,Pinkfong Baby Shark Feeding Plate,https://www.tesco.com/groceries/en-GB/shop/baby/all?department=Baby%20Weaning%20%26%20Accessories&viewAll=department&page=,£1.50,£1.50/each,,New,/groceries/en-GB/products/312837800,https://digitalcontent.api.tesco.com/v2/media/ghs/63bcf7b6-4858-480a-a625-479a69bf7391/0faee922-fb5a-488a-84ec-9768a036c9f8_1209006713.jpeg?h=225&w=225,
301254106,Fred & Flo Non Spill Beaker 380Ml,https://www.tesco.com/groceries/en-GB/shop/baby/all?department=Baby%20Weaning%20%26%20Accessories&viewAll=department&page=,£2.45,£2.45/each,,,/groceries/en-GB/products/301254106,https://digitalcontent.api.tesco.com/v2/media/ghs/d8be3824-d0ce-4046-a603-4c0d410b7027/685124f8-8829-4d10-80b6-476ccfbca561_1300751739.jpeg?h=225&w=225,
301254141,Fred & Flo Easy Scoop Bowl,https://www.tesco.com/groceries/en-GB/shop/baby/all?department=Baby%20Weaning%20%26%20Accessories&viewAll=department&page=,£1.50,£1.50/each,,,/groceries/en-GB/products/301254141,https://digitalcontent.api.tesco.com/v2/media/ghs/1eb2afe2-cd8c-492d-8a99-b9808037212f/c1e2fa50-2ca1-422f-b5b2-ee83a434da9c_1769451098.jpeg?h=225&w=225,
301254164,Fred & Flo Easy Scoop Plate,https://www.tesco.com/groceries/en-GB/shop/baby/all?department=Baby%20Weaning%20%26%20Accessories&viewAll=department&page=,£1.50,£1.50/each,,,/groceries/en-GB/products/301254164,https://digitalcontent.api.tesco.com/v2/media/ghs/1ac89f82-3b0d-437e-be1a-9fcd57c91835/9ed01d04-ba1c-4946-b281-8c9aba49a594_847591918.jpeg?h=225&w=225,
299388941,Nuby Incredible Gulp Beaker,https://www.tesco.com/groceries/en-GB/shop/baby/all?department=Baby%20Weaning%20%26%20Accessories&viewAll=department&page=,£7.50,£7.50/each,,,/groceries/en-GB/products/299388941,https://digitalcontent.api.tesco.com/v2/media/ghs/8834c5ff-373a-47cd-810e-d6d3c0d258e6/cc98d80a-d958-4799-942a-0480771306e9_1742041243.jpeg?h=225&w=225,
299388906,Nuby Super Slurp Pop Up Beaker,https://www.tesco.com/groceries/en-GB/shop/baby/all?department=Baby%20Weaning%20%26%20Accessories&viewAll=department&page=,£7.15,£7.15/each,,,/groceries/en-GB/products/299388906,https://digitalcontent.api.tesco.com/v2/media/ghs/5861784a-a282-4f92-b1b8-0fcbf200375f/909f6864-2a3a-4d27-86d2-12023b017630_67188947.jpeg?h=225&w=225,
266316248,Nuby Fresh Food Feeder,https://www.tesco.com/groceries/en-GB/shop/baby/all?department=Baby%20Weaning%20%26%20Accessories&viewAll=department&page=,£4.70,£4.70/each,,,/groceries/en-GB/products/266316248,https://digitalcontent.api.tesco.com/v2/media/ghs/f7c342e4-f0ea-47ba-b7ec-6dd42e163942/d360fd9e-acda-4e61-a0e9-e8c3610f90ab_1360305591.jpeg?h=225&w=225,
252879927,Tommee Tippee Roll N Go Bib - available in various colours,https://www.tesco.com/groceries/en-GB/shop/baby/all?department=Baby%20Weaning%20%26%20Accessories&viewAll=department&page=,£3.90,£3.90/each,,,/groceries/en-GB/products/252879927,https://digitalcontent.api.tesco.com/v2/media/ghs/5a3e24ed-87f4-4409-841d-a40985a9aad0/60795ba7-7dd6-4b84-b455-3d9de0fdcdaa_2004567944.jpeg?h=225&w=225,
305525609,Nuby Boogie Lights Toddler Cup With Straw,https://www.tesco.com/groceries/en-GB/shop/baby/all?department=Baby%20Weaning%20%26%20Accessories&viewAll=department&page=,£5.25,£5.25/each,,,/groceries/en-GB/products/305525609,https://digitalcontent.api.tesco.com/v2/media/ghs/290e590c-fd13-4816-a23b-a665e64bf55a/054eaa9c-4d0c-40bb-957a-7618792a0210_193160340.jpeg?h=225&w=225,
307760119,Tommee Tippee Smushmee Food Catcher X2,https://www.tesco.com/groceries/en-GB/shop/baby/all?department=Baby%20Weaning%20%26%20Accessories&viewAll=department&page=,£5.25,£2.63/each,,,/groceries/en-GB/products/307760119,https://digitalcontent.api.tesco.com/v2/media/ghs/1c9dcbca-d4f7-49d8-bbf3-e6d707690da6/fe90c5b7-0170-4a14-a99c-c2c58105af03_760403898.jpeg?h=225&w=225,
301254043,Fred & Flo Weaning Bowl And Spoon Set,https://www.tesco.com/groceries/en-GB/shop/baby/all?department=Baby%20Weaning%20%26%20Accessories&viewAll=department&page=,£3.15,£3.15/each,,,/groceries/en-GB/products/301254043,https://digitalcontent.api.tesco.com/v2/media/ghs/1cde2df8-a46c-41b7-9375-c811d0a9d79c/14f241e8-2b06-4324-a988-00ff934b4c9d_84409803.jpeg?h=225&w=225,
302520130,Matchstick Monkey Mini Teether,https://www.tesco.com/groceries/en-GB/shop/baby/all?department=Dummies%20%26%20Teething&viewAll=department&page=,£8.40,£8.40/each,,,/groceries/en-GB/products/302520130,https://digitalcontent.api.tesco.com/v2/media/ghs/73e131a6-938c-4ef3-93e8-2e477a1d251b/e99cceab-8b97-4d2c-8a7c-fabaab40e854_1460924043.jpeg?h=225&w=225,
278399292,Mam Original 12+ Months Soother,https://www.tesco.com/groceries/en-GB/shop/baby/all?department=Dummies%20%26%20Teething&viewAll=department&page=,£6.85,£6.85/each,,,/groceries/en-GB/products/278399292,https://digitalcontent.api.tesco.com/v2/media/ghs/79387035-ce1c-4453-b823-33d5cda39ff2/74235a5a-326e-44b7-b0f1-3ea66e3e901b_640326685.jpeg?h=225&w=225,
302520090,Matchstick Monkey Teething Toy,https://www.tesco.com/groceries/en-GB/shop/baby/all?department=Dummies%20%26%20Teething&viewAll=department&page=,£10.50,£10.50/each,,,/groceries/en-GB/products/302520090,https://digitalcontent.api.tesco.com/v2/media/ghs/ed45b472-bd45-4ffd-8a09-0a563368f9af/982585ab-b347-4307-b1a5-706569ad33d7_949353484.jpeg?h=225&w=225,
283816512,Mam Soother Night 12+ Months,https://www.tesco.com/groceries/en-GB/shop/baby/all?department=Dummies%20%26%20Teething&viewAll=department&page=,£6.85,£6.85/each,,,/groceries/en-GB/products/283816512,https://digitalcontent.api.tesco.com/v2/media/ghs/f600394b-5216-43e0-802d-278deca53f48/163dbce7-15fa-4be6-a43a-73c239cf1d5f_1951119612.jpeg?h=225&w=225,
266749225,Nuby Icybite Keys Teether,https://www.tesco.com/groceries/en-GB/shop/baby/all?department=Dummies%20%26%20Teething&viewAll=department&page=,£5.50,£5.50/each,,,/groceries/en-GB/products/266749225,https://digitalcontent.api.tesco.com/v2/media/ghs/80b87292-89df-42e7-9ccb-60146c402a87/faade5e0-2aa5-42c1-99d0-a5178e228fcb_1926406591.jpeg?h=225&w=225,
265885859,Bright Starts Snuggle & Teethe,https://www.tesco.com/groceries/en-GB/shop/baby/all?department=Dummies%20%26%20Teething&viewAll=department&page=,£6.00,£6.00/each,,,/groceries/en-GB/products/265885859,https://digitalcontent.api.tesco.com/v2/media/ghs/cf0529f6-dc72-4355-aabd-f1cbcd5471cc/0d73a4c3-29b0-4b6a-999b-bdb5dcdb5e42_2000804533.jpeg?h=225&w=225,
283789128,Mam Soother Air 12+ Months,https://www.tesco.com/groceries/en-GB/shop/baby/all?department=Dummies%20%26%20Teething&viewAll=department&page=,£6.85,£6.85/each,,,/groceries/en-GB/products/283789128,https://digitalcontent.api.tesco.com/v2/media/ghs/2fa7e145-a911-4068-b554-d4136ec14662/74096b25-b5d9-48ca-aa1e-121f3c4245ee_613863750.jpeg?h=225&w=225,
262418779,Mam 6+ Months Air Soothers X2,https://www.tesco.com/groceries/en-GB/shop/baby/all?department=Dummies%20%26%20Teething&viewAll=department&page=,£6.85,£3.43/each,,,/groceries/en-GB/products/262418779,https://digitalcontent.api.tesco.com/v2/media/ghs/5302e486-97fd-4c94-a158-70fca00d7cfc/8229ff7e-35cd-452a-9375-5e7efe1bcbeb_616392928.jpeg?h=225&w=225,
298904834,Mam Cute 0+ Months Soother,https://www.tesco.com/groceries/en-GB/shop/baby/all?department=Dummies%20%26%20Teething&viewAll=department&page=,£6.05,£6.05/each,,,/groceries/en-GB/products/298904834,https://digitalcontent.api.tesco.com/v2/media/ghs/0bde393b-a862-46f7-8b5a-b52b97c289ec/8b978993-e86a-40c7-bfee-aa2ced28e87c_500078293.jpeg?h=225&w=225,
310653029,Tommee Tippee Orthodontic Soothers 2 Pack 6-18M,https://www.tesco.com/groceries/en-GB/shop/baby/all?department=Dummies%20%26%20Teething&viewAll=department&page=,£6.00,£3.00/each,,New,/groceries/en-GB/products/310653029,https://digitalcontent.api.tesco.com/v2/media/ghs/d9347e94-a4cb-439b-83f1-34c08bfbbe4c/7fef4483-aeae-4d38-a0ba-57c38ba34cd2_97454548.jpeg?h=225&w=225,
311211350,Nuby Avocado Teether,https://www.tesco.com/groceries/en-GB/shop/baby/all?department=Dummies%20%26%20Teething&viewAll=department&page=,£6.00,£6.00/each,,,/groceries/en-GB/products/311211350,https://digitalcontent.api.tesco.com/v2/media/ghs/c386f52b-5740-44c6-ab53-ed41cfa6fe26/d72b3dc9-f35f-46e2-aa3f-7776575bacbe_1574115709.jpeg?h=225&w=225,
310162218,Tommee Tippee Anytime Orthodontic Soothers 2 Pack 18-36M,https://www.tesco.com/groceries/en-GB/shop/baby/all?department=Dummies%20%26%20Teething&viewAll=department&page=,£6.00,£3.00/each,,,/groceries/en-GB/products/310162218,https://digitalcontent.api.tesco.com/v2/media/ghs/553c2a31-4879-4e1e-9ecc-6f9e4edf8e22/c81fc03f-0006-40c1-b481-5c92fbddd03a_1958791485.jpeg?h=225&w=225,
282281684,Tommee Tippee Closer To Nature 0-6 Months Anytime Soother X2,https://www.tesco.com/groceries/en-GB/shop/baby/all?department=Dummies%20%26%20Teething&viewAll=department&page=,£5.60,£2.80/each,Any 2 for £8 Clubcard Price - Selected Tommee Tippee Products,,/groceries/en-GB/products/282281684,https://digitalcontent.api.tesco.com/v2/media/ghs/c2228dd9-3c7f-4e87-abd4-4ae36c67ed7b/9346fd81-f33e-4a9e-a526-ca4fd292d5ef_873826914.jpeg?h=225&w=225,
291301562,Tommee Tippee Closer To Nature Fun Soother X2 Clipstrip,https://www.tesco.com/groceries/en-GB/shop/baby/all?department=Dummies%20%26%20Teething&viewAll=department&page=,£5.60,£2.80/each,Any 2 for £8 Clubcard Price - Selected Tommee Tippee Products,,/groceries/en-GB/products/291301562,https://digitalcontent.api.tesco.com/v2/media/ghs/52393213-0070-468b-815b-1c504fcc49cf/snapshotimagehandler_22379798.jpeg?h=225&w=225,
295329552,Tommee Tippee Closer To Nature 18-36M Fun Soothers 2 Pack,https://www.tesco.com/groceries/en-GB/shop/baby/all?department=Dummies%20%26%20Teething&viewAll=department&page=,£5.60,£2.80/each,Any 2 for £8 Clubcard Price - Selected Tommee Tippee Products,,/groceries/en-GB/products/295329552,https://digitalcontent.api.tesco.com/v2/media/ghs/0521aaae-30df-4545-bbb7-520cb75837f4/88235ff2-467c-40a8-a504-64c685030481_2110347810.jpeg?h=225&w=225,
282281845,Tommee Tippee Closer To Nature 6-18Mth Night Sootherx2,https://www.tesco.com/groceries/en-GB/shop/baby/all?department=Dummies%20%26%20Teething&viewAll=department&page=,£5.60,£2.80/each,Any 2 for £8 Clubcard Price - Selected Tommee Tippee Products,,/groceries/en-GB/products/282281845,https://digitalcontent.api.tesco.com/v2/media/ghs/2b95a68d-d1a5-4eaa-b268-84a6708ad42c/90a2ec7a-71ea-4358-aaf6-a99e9e16e2fb_1588753786.jpeg?h=225&w=225,
295329530,Tommee Tippee 18-36Mth Night Soothers 2 Pack,https://www.tesco.com/groceries/en-GB/shop/baby/all?department=Dummies%20%26%20Teething&viewAll=department&page=,£5.60,£2.80/each,Any 2 for £8 Clubcard Price - Selected Tommee Tippee Products,,/groceries/en-GB/products/295329530,https://digitalcontent.api.tesco.com/v2/media/ghs/d1ac5759-6893-480b-ad05-ec18122f1b8d/60f33a7c-43b0-42a5-84c7-41d900614514_352924102.jpeg?h=225&w=225,
282281753,Tommee Tippee Closer To Nature 0-6M Fun Soother,https://www.tesco.com/groceries/en-GB/shop/baby/all?department=Dummies%20%26%20Teething&viewAll=department&page=,£5.60,£2.80/each,,,/groceries/en-GB/products/282281753,https://digitalcontent.api.tesco.com/v2/media/ghs/fcea7531-c83a-4e82-80e4-f7c433074a33/snapshotimagehandler_332602412.jpeg?h=225&w=225,
301254008,Fred & Flo Water Filled Teethers 2 Pack,https://www.tesco.com/groceries/en-GB/shop/baby/all?department=Dummies%20%26%20Teething&viewAll=department&page=,£3.60,£1.80/each,,,/groceries/en-GB/products/301254008,https://digitalcontent.api.tesco.com/v2/media/ghs/db27cd52-ba7b-4dbb-886a-9f1905dc38f0/4fdae341-09d0-4811-a894-74fc5a6aae8b_1100090211.jpeg?h=225&w=225,
267314220,Mam Night Soother 6+ Mths X2,https://www.tesco.com/groceries/en-GB/shop/baby/all?department=Dummies%20%26%20Teething&viewAll=department&page=,£6.00,£3.00/each,£5.00 Clubcard Price,,/groceries/en-GB/products/267314220,https://digitalcontent.api.tesco.com/v2/media/ghs/2154fcc6-19f7-4e0b-8c46-68b1eeb79c3c/5086ed0e-8e46-440c-a290-be79d09cd3bf_929194751.jpeg?h=225&w=225,
278399234,Mam Night 0+M Soother,https://www.tesco.com/groceries/en-GB/shop/baby/all?department=Dummies%20%26%20Teething&viewAll=department&page=,£6.00,£6.00/each,£5.00 Clubcard Price,,/groceries/en-GB/products/278399234,https://digitalcontent.api.tesco.com/v2/media/ghs/1b5016d0-920d-4b2e-b81b-a326a6eef7d0/adbe6128-39ac-4c53-aeae-bdf47695941c_915339671.jpeg?h=225&w=225,
301803068,Mam Clip It Soother Clip,https://www.tesco.com/groceries/en-GB/shop/baby/all?department=Dummies%20%26%20Teething&viewAll=department&page=,£5.75,£5.75/each,,,/groceries/en-GB/products/301803068,https://digitalcontent.api.tesco.com/v2/media/ghs/cc8d7950-89d8-4cf7-90ae-ca30babac1c2/c42c33a3-f92d-4b9f-9081-2f8d448a2c72_1406460496.jpeg?h=225&w=225,
283789105,Mam Soother Air 0+ Months,https://www.tesco.com/groceries/en-GB/shop/baby/all?department=Dummies%20%26%20Teething&viewAll=department&page=,£6.85,£6.85/each,,,/groceries/en-GB/products/283789105,https://digitalcontent.api.tesco.com/v2/media/ghs/34b52ac1-9d7a-47cd-a1fc-83c706d8460f/a73ab3a0-271f-42c0-bd41-f24d98559af4_769746917.jpeg?h=225&w=225,
305733363,Ashton & Parsons Teething Gel 10Ml,https://www.tesco.com/groceries/en-GB/shop/baby/all?department=Dummies%20%26%20Teething&viewAll=department&page=,£5.00,£50.00/100ml,,,/groceries/en-GB/products/305733363,https://digitalcontent.api.tesco.com/v2/media/ghs/2aef1842-bf9e-40d9-ab5b-1313519c56ba/8d037e0c-ea1c-4a17-badd-637f892c4209_780501116.jpeg?h=225&w=225,
265284891,Tommee Tippee Decorative Soothers 6-18 Months X2,https://www.tesco.com/groceries/en-GB/shop/baby/all?department=Dummies%20%26%20Teething&viewAll=department&page=,£2.90,£1.45/each,,,/groceries/en-GB/products/265284891,https://digitalcontent.api.tesco.com/v2/media/ghs/8b0ad0a5-0a60-4a29-b47d-e5deff346c06/b9f8b57a-c937-4b54-9116-500e2b6d3318_2096037788.jpeg?h=225&w=225,
308469803,Mam Start 0-2 Months Soother,https://www.tesco.com/groceries/en-GB/shop/baby/all?department=Dummies%20%26%20Teething&viewAll=department&page=,£6.00,£6.00/each,£5.00 Clubcard Price,,/groceries/en-GB/products/308469803,https://digitalcontent.api.tesco.com/v2/media/ghs/fbcd5fba-16c9-4664-a1aa-3b4db733240f/7a376e3f-8c38-4304-a9af-ae8cb6212199_1280809991.jpeg?h=225&w=225,
308475594,Mam Perfect Night 12+M Soother,https://www.tesco.com/groceries/en-GB/shop/baby/all?department=Dummies%20%26%20Teething&viewAll=department&page=,£6.80,£6.80/each,£5.50 Clubcard Price,,/groceries/en-GB/products/308475594,https://digitalcontent.api.tesco.com/v2/media/ghs/143765a0-7f8d-4590-9e1d-86fa34233494/e890c97e-a077-4f36-a8da-e6de5d9f19e9_1043332396.jpeg?h=225&w=225,
301253925,Fred & Flo Newborn Soothers 2 Pack,https://www.tesco.com/groceries/en-GB/shop/baby/all?department=Dummies%20%26%20Teething&viewAll=department&page=,£2.75,£1.38/each,,,/groceries/en-GB/products/301253925,https://digitalcontent.api.tesco.com/v2/media/ghs/5b54133a-c771-4934-9e40-9f9de8e6af87/1d5c6792-648a-4948-a118-4f133ad71789_1262068685.jpeg?h=225&w=225,
301253960,Fred & Flo Air Flow Soothers 2 Pack,https://www.tesco.com/groceries/en-GB/shop/baby/all?department=Dummies%20%26%20Teething&viewAll=department&page=,£2.80,£1.40/each,,,/groceries/en-GB/products/301253960,https://digitalcontent.api.tesco.com/v2/media/ghs/adc6cc7c-5bac-4299-bc83-ca1ae6efea08/55b5ce46-7a2e-4a53-9315-887172f3befa_1930359268.jpeg?h=225&w=225,
301253948,Fred & Flo Day And Night Soothers 2 Pack,https://www.tesco.com/groceries/en-GB/shop/baby/all?department=Dummies%20%26%20Teething&viewAll=department&page=,£2.65,£1.33/each,,,/groceries/en-GB/products/301253948,https://digitalcontent.api.tesco.com/v2/media/ghs/297309a9-4d14-4c14-a1c4-2b44f2493d8f/e2968935-c18e-47d4-9ec4-37034564e952_1109210187.jpeg?h=225&w=225,
300963524,Tesco Essentials Baby Soothers 3 Pack,https://www.tesco.com/groceries/en-GB/shop/baby/all?department=Dummies%20%26%20Teething&viewAll=department&page=,£1.90,£0.63/each,,,/groceries/en-GB/products/300963524,https://digitalcontent.api.tesco.com/v2/media/ghs/1577a6eb-296d-40b2-9361-45993fcad24c/dea830ad-8d20-4e28-a0e1-7568e751bfbd_1576724231.jpeg?h=225&w=225,
305432903,Tommee Tippee Super-Steam Advanced Electric Steriliser White,https://www.tesco.com/groceries/en-GB/shop/baby/all?department=Sterilising%20%26%20Antibacterial&viewAll=department&page=,£73.50,£73.50/each,,,/groceries/en-GB/products/305432903,https://digitalcontent.api.tesco.com/v2/media/ghs/40bc44fd-9d19-452f-9a6c-7dacfff579e4/bf16f7c3-7b26-49fe-843c-8a3e47e53ae6_1031675849.jpeg?h=225&w=225,
273643086,Napisan 800G,https://www.tesco.com/groceries/en-GB/shop/baby/all?department=Sterilising%20%26%20Antibacterial&viewAll=department&page=,£4.20,£5.25/kg,,,/groceries/en-GB/products/273643086,https://digitalcontent.api.tesco.com/v2/media/ghs/0f866dc5-d3e5-456e-9447-bb352bf94d55/a2b6a23c-5982-43d5-bf0a-6f2e89fbab5e_1209849717.jpeg?h=225&w=225,
312990847,Nimble Germ Zapper Hand Sanitiser 60Ml,https://www.tesco.com/groceries/en-GB/shop/baby/all?department=Sterilising%20%26%20Antibacterial&viewAll=department&page=,£3.50,£5.84/100ml,,,/groceries/en-GB/products/312990847,https://digitalcontent.api.tesco.com/v2/media/ghs/dd0f885e-353c-4a31-b66f-ad7ea1452cbd/1552f0d2-9a64-43d1-b016-ada619b7721a_427485764.jpeg?h=225&w=225,
308486483,Nimble Cuddle Lover Baby Fabric Softener 1L,https://www.tesco.com/groceries/en-GB/shop/baby/all?department=Sterilising%20%26%20Antibacterial&viewAll=department&page=,£5.00,£5.00/litre,£3.75 Clubcard Price,,/groceries/en-GB/products/308486483,https://digitalcontent.api.tesco.com/v2/media/ghs/3ad8a278-2c34-4a23-8d86-d6b3952e912e/843d3bf5-0b24-43f6-9065-e8d78bb6cd67_766212732.jpeg?h=225&w=225,
308851771,Milton Antibacterial Hand Sanitiser 50Ml,https://www.tesco.com/groceries/en-GB/shop/baby/all?department=Sterilising%20%26%20Antibacterial&viewAll=department&page=,£3.00,£6.00/100ml,,,/groceries/en-GB/products/308851771,https://digitalcontent.api.tesco.com/v2/media/ghs/3cf2b051-6329-4d9e-b65f-1f664c103f59/f48125f9-4107-4d9d-8149-5f5a0daa352b_929835922.jpeg?h=225&w=225,
252602530,Milton Sterilising Fluid 500Ml,https://www.tesco.com/groceries/en-GB/shop/baby/all?department=Sterilising%20%26%20Antibacterial&viewAll=department&page=,£2.35,£4.70/litre,,,/groceries/en-GB/products/252602530,https://digitalcontent.api.tesco.com/v2/media/ghs/7f44b352-3f56-412d-ba2c-9d60b58356c8/bac6fbcf-d0d9-47bc-a546-fe16b1fa5e2a_694475343.jpeg?h=225&w=225,
308852384,Nimble Milk Buster Baby Bottle Cleaner 200Ml,https://www.tesco.com/groceries/en-GB/shop/baby/all?department=Sterilising%20%26%20Antibacterial&viewAll=department&page=,£4.00,£20.00/litre,£3.00 Clubcard Price,,/groceries/en-GB/products/308852384,https://digitalcontent.api.tesco.com/v2/media/ghs/c3382e59-70b0-4b50-b221-e55d596eee7f/f38bdaa9-eb18-4dee-90e7-a7be12e92214_225192257.jpeg?h=225&w=225,
301455928,Fred & Flo Antibacterial Surface Wipes 30'S,https://www.tesco.com/groceries/en-GB/shop/baby/all?department=Sterilising%20%26%20Antibacterial&viewAll=department&page=,£1.30,£0.04/each,,,/groceries/en-GB/products/301455928,https://digitalcontent.api.tesco.com/v2/media/ghs/bcacd536-5462-4c08-8e37-ab98eeacb99c/0cf81a16-543a-485e-a98b-67a63daa3cfb_953973052.jpeg?h=225&w=225,
308843314,Nimble Sticky Stopper Antibacterial Cleaner 500Ml,https://www.tesco.com/groceries/en-GB/shop/baby/all?department=Sterilising%20%26%20Antibacterial&viewAll=department&page=,£3.00,£6.00/litre,£2.25 Clubcard Price,,/groceries/en-GB/products/308843314,https://digitalcontent.api.tesco.com/v2/media/ghs/52b268ff-6800-4d1a-ba8f-5d295820f1f5/1540ec3b-de4c-4e53-88da-456d80ee99e9_1931596763.jpeg?h=225&w=225,
306492956,Milton 40 Sterilising Tabs 160G,https://www.tesco.com/groceries/en-GB/shop/baby/all?department=Sterilising%20%26%20Antibacterial&viewAll=department&page=,£2.70,£16.88/kg,,,/groceries/en-GB/products/306492956,https://digitalcontent.api.tesco.com/v2/media/ghs/8ef4e483-f91c-44ea-af7c-474c384989e9/d16b32b4-09e2-44a2-a527-ce01142c2625_1436348468.jpeg?h=225&w=225,
302169753,Fred & Flo Sterilising Tablets 56 Pack,https://www.tesco.com/groceries/en-GB/shop/baby/all?department=Sterilising%20%26%20Antibacterial&viewAll=department&page=,£1.50,£0.03/each,,,/groceries/en-GB/products/302169753,https://digitalcontent.api.tesco.com/v2/media/ghs/38aca1e7-9f5f-4dd9-a9f3-b3004cb91a9b/6075810c-94e1-4af8-b42a-9fb8f597c07d_578835699.jpeg?h=225&w=225,
273643086,Napisan 800G,https://www.tesco.com/groceries/en-GB/shop/baby/all?department=Baby%20Laundry&viewAll=department&page=,£4.20,£5.25/kg,,,/groceries/en-GB/products/273643086,https://digitalcontent.api.tesco.com/v2/media/ghs/0f866dc5-d3e5-456e-9447-bb352bf94d55/a2b6a23c-5982-43d5-bf0a-6f2e89fbab5e_1209849717.jpeg?h=225&w=225,
308486483,Nimble Cuddle Lover Baby Fabric Softener 1L,https://www.tesco.com/groceries/en-GB/shop/baby/all?department=Baby%20Laundry&viewAll=department&page=,£5.00,£5.00/litre,£3.75 Clubcard Price,,/groceries/en-GB/products/308486483,https://digitalcontent.api.tesco.com/v2/media/ghs/3ad8a278-2c34-4a23-8d86-d6b3952e912e/843d3bf5-0b24-43f6-9065-e8d78bb6cd67_766212732.jpeg?h=225&w=225,
264397281,Comfort Pure Fabric Conditioner 85Wash/3 Litre,https://www.tesco.com/groceries/en-GB/shop/baby/all?department=Baby%20Laundry&viewAll=department&page=,£4.50,£1.50/litre,,,/groceries/en-GB/products/264397281,https://digitalcontent.api.tesco.com/v2/media/ghs/2258236f-dc58-419c-a6fe-d9f1da99c1d2/f1e0d140-7276-4826-85a6-939b562c2a92_1802415261.jpeg?h=225&w=225,
307090877,Bright Starts Rainforest Vibes Bouncer,https://www.tesco.com/groceries/en-GB/shop/baby/all?department=Toys%20%26%20Nursery%20Accessories&viewAll=department&page=,£29.00,£29.00/each,,,/groceries/en-GB/products/307090877,https://digitalcontent.api.tesco.com/v2/media/ghs/7714ae7b-522e-457a-a76e-4bf54cdc552c/6e8860e1-8b4e-4ab2-b435-bc6d3e1f3454_1378067631.jpeg?h=225&w=225,
310087624,Tesco Wwf 2 Pack Cotbed Fitted Sheets,https://www.tesco.com/groceries/en-GB/shop/baby/all?department=Toys%20%26%20Nursery%20Accessories&viewAll=department&page=,£12.00,£6.00/each,,,/groceries/en-GB/products/310087624,https://digitalcontent.api.tesco.com/v2/media/ghs/1c41406e-6b69-48c5-9038-fff9d192a82b/f6b0ff16-9d98-4f18-8410-c7657f4503ca_2044286577.jpeg?h=225&w=225,
270771036,Lamaze Emily Doll,https://www.tesco.com/groceries/en-GB/shop/baby/all?department=Toys%20%26%20Nursery%20Accessories&viewAll=department&page=,£14.00,£14.00/each,£12.00 Clubcard Price,,/groceries/en-GB/products/270771036,https://digitalcontent.api.tesco.com/v2/media/ghs/1c3b1d2a-d980-40c3-bfa6-10e3264f3eba/6f8b0853-4c38-4509-88ba-f5a4ea3f940c_501107344.jpeg?h=225&w=225,
310157980,Peppa Pig Air Adventure,https://www.tesco.com/groceries/en-GB/shop/baby/all?department=Toys%20%26%20Nursery%20Accessories&viewAll=department&page=,£24.00,£24.00/each,£18.00 Clubcard Price,,/groceries/en-GB/products/310157980,https://digitalcontent.api.tesco.com/v2/media/ghs/cd988469-6e2c-42ff-9364-64ef74531f97/2bb16d99-37e8-4d05-8869-94e997955628_1407703555.jpeg?h=225&w=225,
299960338,Little Life Buggy Organiser,https://www.tesco.com/groceries/en-GB/shop/baby/all?department=Toys%20%26%20Nursery%20Accessories&viewAll=department&page=,£15.00,£15.00/each,,,/groceries/en-GB/products/299960338,https://digitalcontent.api.tesco.com/v2/media/ghs/3235becc-250a-46bf-8dd1-605305f31614/439961ee-bfec-442c-b35f-3a93fc27b65c_1164667022.jpeg?h=225&w=225,
289744420,Brica Munchkin Baby Insight Mirror,https://www.tesco.com/groceries/en-GB/shop/baby/all?department=Toys%20%26%20Nursery%20Accessories&viewAll=department&page=,£15.00,£15.00/each,,,/groceries/en-GB/products/289744420,https://digitalcontent.api.tesco.com/v2/media/ghs/98c3e78a-18a1-4fe8-9343-8c1c6ffc39ae/7c411bf1-4f96-4500-97fd-47622833be49_1498603757.jpeg?h=225&w=225,
310087676,Fred & Flo Striped Blue Chenille Blanket,https://www.tesco.com/groceries/en-GB/shop/baby/all?department=Toys%20%26%20Nursery%20Accessories&viewAll=department&page=,£10.00,£10.00/each,,,/groceries/en-GB/products/310087676,https://digitalcontent.api.tesco.com/v2/media/ghs/7d85006a-a64a-4d81-9518-fafb5f270d29/bbd7028e-a552-4c4f-93cd-a411ef30a7a5_1585514583.jpeg?h=225&w=225,
266174962,Lamaze Octopus Pirate- Captain Calamari,https://www.tesco.com/groceries/en-GB/shop/baby/all?department=Toys%20%26%20Nursery%20Accessories&viewAll=department&page=,£16.00,£16.00/each,£14.00 Clubcard Price,,/groceries/en-GB/products/266174962,https://digitalcontent.api.tesco.com/v2/media/ghs/3a057e67-f324-4808-8646-bd9d66fb75c0/18d42e47-390a-4982-8a40-ee0449c3e7fd_599548351.jpeg?h=225&w=225,
311463621,Mini Hinch Stripe Knit Blanket,https://www.tesco.com/groceries/en-GB/shop/baby/all?department=Toys%20%26%20Nursery%20Accessories&viewAll=department&page=,£9.00,£9.00/each,,,/groceries/en-GB/products/311463621,https://digitalcontent.api.tesco.com/v2/media/ghs/998130af-fb33-4c24-963b-08d54733d5fe/858f2034-8fd7-4a16-afea-3a0fe62330bf_590656107.jpeg?h=225&w=225,
311463638,Mini Hinch Cellular Blanket,https://www.tesco.com/groceries/en-GB/shop/baby/all?department=Toys%20%26%20Nursery%20Accessories&viewAll=department&page=,£9.00,£9.00/each,,,/groceries/en-GB/products/311463638,https://digitalcontent.api.tesco.com/v2/media/ghs/5f4666d9-858b-4a55-ae39-a6a5b85c4720/74f76194-b495-47e7-9fc2-ff805298a688_96062754.jpeg?h=225&w=225,
310087780,Fred & Flo Sage Green Popcorn Blanket,https://www.tesco.com/groceries/en-GB/shop/baby/all?department=Toys%20%26%20Nursery%20Accessories&viewAll=department&page=,£9.00,£9.00/each,,,/groceries/en-GB/products/310087780,https://digitalcontent.api.tesco.com/v2/media/ghs/00c534fd-7b45-4589-b595-eedb20c3cbd1/e02112c9-38ef-4c81-8a56-cf3ecc4ceabd_793867962.jpeg?h=225&w=225,
308278234,Lamaze Fruit - Orange/Banana/ Apple,https://www.tesco.com/groceries/en-GB/shop/baby/all?department=Toys%20%26%20Nursery%20Accessories&viewAll=department&page=,£14.00,£14.00/each,£12.00 Clubcard Price,,/groceries/en-GB/products/308278234,https://digitalcontent.api.tesco.com/v2/media/ghs/cd2962e8-c827-471b-92d9-42eca32d6b82/8704ef95-ad8f-41d3-a64b-3c85143631c2_188017820.jpeg?h=225&w=225,
272332029,Silent Night Anti-Allergy Cotbed Duvet,https://www.tesco.com/groceries/en-GB/shop/baby/all?department=Toys%20%26%20Nursery%20Accessories&viewAll=department&page=,£12.00,£12.00/each,,,/groceries/en-GB/products/272332029,https://digitalcontent.api.tesco.com/v2/media/ghs/d19e15d1-887f-41ac-9df7-4094336fcb36/e346538b-0e59-4b50-9b3c-4bac8664a974_871377056.jpeg?h=225&w=225,
310087964,Fred & Flo Safari 2 Pack Cotbedftd Sheets,https://www.tesco.com/groceries/en-GB/shop/baby/all?department=Toys%20%26%20Nursery%20Accessories&viewAll=department&page=,£12.00,£6.00/each,,,/groceries/en-GB/products/310087964,https://digitalcontent.api.tesco.com/v2/media/ghs/d46a6c59-2dd6-44b4-a2ef-69d51fcf7d7f/cb2ccc3f-18be-4091-97cd-0ea15f523f1f_289465807.jpeg?h=225&w=225,
310087993,Fred & Flo Floral 2 Pack Cotbedftd Sheets,https://www.tesco.com/groceries/en-GB/shop/baby/all?department=Toys%20%26%20Nursery%20Accessories&viewAll=department&page=,£12.00,£6.00/each,,,/groceries/en-GB/products/310087993,https://digitalcontent.api.tesco.com/v2/media/ghs/45465510-d193-4799-8f21-e0484f9b8c94/4053dcfa-2ca7-4cd9-b12c-055f9fbf9a8a_447680595.jpeg?h=225&w=225,
311507398,Mini Hinch Rabbit Hooded Towel,https://www.tesco.com/groceries/en-GB/shop/baby/all?department=Toys%20%26%20Nursery%20Accessories&viewAll=department&page=,£12.00,£12.00/each,,,/groceries/en-GB/products/311507398,https://digitalcontent.api.tesco.com/v2/media/ghs/1ed2c099-cbcf-4980-83ad-ef4b99ecc487/53b4ec01-dded-4ac7-a653-9ac57e725b5b_1570877505.jpeg?h=225&w=225,
310087751,Fred & Flo Safari Fleece Blanket,https://www.tesco.com/groceries/en-GB/shop/baby/all?department=Toys%20%26%20Nursery%20Accessories&viewAll=department&page=,£8.00,£8.00/each,,,/groceries/en-GB/products/310087751,https://digitalcontent.api.tesco.com/v2/media/ghs/f85b945d-2d90-4359-8bc3-4eb85c534541/7ebbdfaf-bbda-4068-8d87-f5137ad3ec9f_825714782.jpeg?h=225&w=225,
310165797,Peppa Pig Day Trip Playset Assortment,https://www.tesco.com/groceries/en-GB/shop/baby/all?department=Toys%20%26%20Nursery%20Accessories&viewAll=department&page=,£17.00,£17.00/each,£12.50 Clubcard Price,,/groceries/en-GB/products/310165797,https://digitalcontent.api.tesco.com/v2/media/ghs/a7de767a-ba69-4006-98fd-62484baff07d/933d1c03-264a-4105-b510-cfbb6925bd13_1206784465.jpeg?h=225&w=225,
286134248,Fred&Flo 2 Pack Cotbed Fitted Sheets White,https://www.tesco.com/groceries/en-GB/shop/baby/all?department=Toys%20%26%20Nursery%20Accessories&viewAll=department&page=,£10.00,£5.00/each,,,/groceries/en-GB/products/286134248,https://digitalcontent.api.tesco.com/v2/media/ghs/f0f1c648-c2cd-4568-8954-42d769e7d2d8/b746e124-7cdf-4d5e-a708-f050d4bc402c_1282121162.jpeg?h=225&w=225,
310087970,Fred & Flo 2 Pack Pink Cotbed Fitted Sheets,https://www.tesco.com/groceries/en-GB/shop/baby/all?department=Toys%20%26%20Nursery%20Accessories&viewAll=department&page=,£10.00,£5.00/each,,,/groceries/en-GB/products/310087970,https://digitalcontent.api.tesco.com/v2/media/ghs/a826cb35-1499-41a7-8b49-dbd4ef8eeadf/ea6393bf-172c-4325-bd64-205c56248792_613888101.jpeg?h=225&w=225,
310087857,Wwf Hooded Towel Leopard,https://www.tesco.com/groceries/en-GB/shop/baby/all?department=Toys%20%26%20Nursery%20Accessories&viewAll=department&page=,£10.00,£10.00/each,,,/groceries/en-GB/products/310087857,https://digitalcontent.api.tesco.com/v2/media/ghs/886cd499-33c2-4703-965b-6813407608a1/2a8cbfeb-ad8f-428d-9e09-bd2c6c3bc73f_21820685.jpeg?h=225&w=225,
310570651,Hey Duggee Squishy Soft Toy,https://www.tesco.com/groceries/en-GB/shop/baby/all?department=Toys%20%26%20Nursery%20Accessories&viewAll=department&page=,£11.00,£11.00/each,£8.80 Clubcard Price,,/groceries/en-GB/products/310570651,https://digitalcontent.api.tesco.com/v2/media/ghs/e97e5376-f79c-4317-a188-7c315985605a/494ece87-dfaa-4b3f-82d9-ee4f43643339_20152133.jpeg?h=225&w=225,
310087682,Fred & Flo Elephant Hooded Towel,https://www.tesco.com/groceries/en-GB/shop/baby/all?department=Toys%20%26%20Nursery%20Accessories&viewAll=department&page=,£9.00,£9.00/each,,,/groceries/en-GB/products/310087682,https://digitalcontent.api.tesco.com/v2/media/ghs/df7f9ecc-ddbb-406a-8be3-6be837705654/aa0f418f-b064-456e-b9d4-f71306f0ad33_1032613464.jpeg?h=225&w=225,
310485389,Wwf Plush Assortment,https://www.tesco.com/groceries/en-GB/shop/baby/all?department=Toys%20%26%20Nursery%20Accessories&viewAll=department&page=,£9.00,£9.00/each,,,/groceries/en-GB/products/310485389,https://digitalcontent.api.tesco.com/v2/media/ghs/b44b0dc6-b79d-424d-b2d3-37803a9d5f87/11f0d036-f44e-4bc9-8526-065075bf76a2_1028590423.jpeg?h=225&w=225,
311258093,Thomas & Friends Push & Go Stunt Engines Assorted,https://www.tesco.com/groceries/en-GB/shop/baby/all?department=Toys%20%26%20Nursery%20Accessories&viewAll=department&page=,£10.00,£10.00/each,,,/groceries/en-GB/products/311258093,https://digitalcontent.api.tesco.com/v2/media/ghs/e49c29c5-138b-41e0-9efa-f79f02584a14/f89c5f23-afbd-46f0-a2bb-eb426c1bc536_461234718.jpeg?h=225&w=225,
265885859,Bright Starts Snuggle & Teethe,https://www.tesco.com/groceries/en-GB/shop/baby/all?department=Toys%20%26%20Nursery%20Accessories&viewAll=department&page=,£6.00,£6.00/each,,,/groceries/en-GB/products/265885859,https://digitalcontent.api.tesco.com/v2/media/ghs/cf0529f6-dc72-4355-aabd-f1cbcd5471cc/0d73a4c3-29b0-4b6a-999b-bdb5dcdb5e42_2000804533.jpeg?h=225&w=225,
290334213,Fred&Flo Moses Waterproof Fitted Sheet,https://www.tesco.com/groceries/en-GB/shop/baby/all?department=Toys%20%26%20Nursery%20Accessories&viewAll=department&page=,£5.00,£5.00/each,,,/groceries/en-GB/products/290334213,https://digitalcontent.api.tesco.com/v2/media/ghs/65193071-ab8d-4509-a344-5e33fa93de9e/ae63201a-b572-4d14-be39-6caaa871a818_306338287.jpeg?h=225&w=225,
310087722,Fred & Flo Pink Small Cellular Blanket,https://www.tesco.com/groceries/en-GB/shop/baby/all?department=Toys%20%26%20Nursery%20Accessories&viewAll=department&page=,£5.00,£5.00/each,,,/groceries/en-GB/products/310087722,https://digitalcontent.api.tesco.com/v2/media/ghs/fc60f0f4-9d4b-47e8-98c3-59ebfb1d18fc/0446a3e7-6f5d-4727-8527-93c0e83585bf_1116240304.jpeg?h=225&w=225,
310087774,Fred & Flo Sage Green Small Cellular Blanket,https://www.tesco.com/groceries/en-GB/shop/baby/all?department=Toys%20%26%20Nursery%20Accessories&viewAll=department&page=,£5.00,£5.00/each,,,/groceries/en-GB/products/310087774,https://digitalcontent.api.tesco.com/v2/media/ghs/95e454ab-c21a-4193-a8bb-cd4462ca2734/9d764317-12d7-45dc-ad62-6d45bcaa5b07_40889752.jpeg?h=225&w=225,
285739122,Fred & Flo White Small Celluar Blanket,https://www.tesco.com/groceries/en-GB/shop/baby/all?department=Toys%20%26%20Nursery%20Accessories&viewAll=department&page=,£5.00,£5.00/each,,,/groceries/en-GB/products/285739122,https://digitalcontent.api.tesco.com/v2/media/ghs/3a58b10d-e4e6-4c79-b1bf-4d71548ac9c9/53f3773e-91ff-4f65-9184-3af92ab60fb1_1718587174.jpeg?h=225&w=225,
310087707,Fred & Flo Blue Small Cellular Blanket,https://www.tesco.com/groceries/en-GB/shop/baby/all?department=Toys%20%26%20Nursery%20Accessories&viewAll=department&page=,£5.00,£5.00/each,,,/groceries/en-GB/products/310087707,https://digitalcontent.api.tesco.com/v2/media/ghs/556f3b61-baef-4954-9a65-c86cd805424c/8c385a75-1d6d-4c68-962a-c7537ab1c504_213651358.jpeg?h=225&w=225,
280758182,Munchkin Bath Crayons,https://www.tesco.com/groceries/en-GB/shop/baby/all?department=Toys%20%26%20Nursery%20Accessories&viewAll=department&page=,£5.00,£1.00/each,,,/groceries/en-GB/products/280758182,https://digitalcontent.api.tesco.com/v2/media/ghs/74c37693-acf2-4976-9de1-9e9e44b70c7a/41458d97-9b27-4ece-a946-2556a23478b6_661320292.jpeg?h=225&w=225,
293055918,Munchkin Bath Toy Ocean Squirts,https://www.tesco.com/groceries/en-GB/shop/baby/all?department=Toys%20%26%20Nursery%20Accessories&viewAll=department&page=,£6.00,£1.50/each,,,/groceries/en-GB/products/293055918,https://digitalcontent.api.tesco.com/v2/media/ghs/c7ab29e3-f40a-46e2-b820-b95a3d75ef05/fc4a47c9-59d2-4160-921c-06a2b4f298fd_922377502.jpeg?h=225&w=225,
286134185,Fred&Flo 2 Pack Moses Fitted Sheets White,https://www.tesco.com/groceries/en-GB/shop/baby/all?department=Toys%20%26%20Nursery%20Accessories&viewAll=department&page=,£5.00,£2.50/each,,,/groceries/en-GB/products/286134185,https://digitalcontent.api.tesco.com/v2/media/ghs/ed778836-5da6-40f7-9d7b-256971d3f67d/c9ffd8a7-3ee5-4353-a916-ef11ae0905fe_2029378998.jpeg?h=225&w=225,
311448703,Hey Duggee Drive Ems Heyduggee Assortment,https://www.tesco.com/groceries/en-GB/shop/baby/all?department=Toys%20%26%20Nursery%20Accessories&viewAll=department&page=,£6.00,£6.00/each,,,/groceries/en-GB/products/311448703,https://digitalcontent.api.tesco.com/v2/media/ghs/ee5952cf-bcf9-401a-aaa1-cc12dbea966a/bedf7c63-b08b-4458-996f-3493325d51a7_1378276126.jpeg?h=225&w=225,
310087912,Fred & Flo Safari 3 Pack Muslin Cloths,https://www.tesco.com/groceries/en-GB/shop/baby/all?department=Toys%20%26%20Nursery%20Accessories&viewAll=department&page=,£5.00,£1.67/each,,,/groceries/en-GB/products/310087912,https://digitalcontent.api.tesco.com/v2/media/ghs/0bca692f-06b5-4ddf-943f-53e6aa95b237/4d9de7a4-0086-4278-af3c-146456d67f6d_147610421.jpeg?h=225&w=225,
310087987,Fred & Flo Floral 3 Pack Muslin Cloths,https://www.tesco.com/groceries/en-GB/shop/baby/all?department=Toys%20%26%20Nursery%20Accessories&viewAll=department&page=,£5.00,£1.67/each,,,/groceries/en-GB/products/310087987,https://digitalcontent.api.tesco.com/v2/media/ghs/ad5bf9c9-f8ea-41bc-ba5e-5b691a0d862d/84df8e1c-9d01-4981-96c1-453fc1936308_1408959069.jpeg?h=225&w=225,
310087906,Fred & Flo Monochrome 3 Pack Muslin Cloths,https://www.tesco.com/groceries/en-GB/shop/baby/all?department=Toys%20%26%20Nursery%20Accessories&viewAll=department&page=,£5.00,£1.67/each,,,/groceries/en-GB/products/310087906,https://digitalcontent.api.tesco.com/v2/media/ghs/e2beac05-ab72-484c-9f35-bd5de42e3486/bcee40fe-071a-46a5-bf28-0815bf547142_202504475.jpeg?h=225&w=225,
308070502,Fred & Flo 3 Pack Wash Mitts Blue & Pink,https://www.tesco.com/groceries/en-GB/shop/baby/all?department=Toys%20%26%20Nursery%20Accessories&viewAll=department&page=,£4.00,£1.34/each,,,/groceries/en-GB/products/308070502,https://digitalcontent.api.tesco.com/v2/media/ghs/d6089053-b48a-47b2-ad7c-e2ee41afa4e6/b1acb4eb-69c4-44f4-b758-973c4a2bf854_1983544367.jpeg?h=225&w=225,
310087843,Tesco Wwf Wash Mitts,https://www.tesco.com/groceries/en-GB/shop/baby/all?department=Toys%20%26%20Nursery%20Accessories&viewAll=department&page=,£4.00,£4.00/each,,,/groceries/en-GB/products/310087843,https://digitalcontent.api.tesco.com/v2/media/ghs/f6bd2847-57c2-48d2-b543-85f6ca421ca0/3c5de092-0c45-4f1a-8d18-af09f347b1fa_1145422631.jpeg?h=225&w=225,
300634344,Nuby Bath Book,https://www.tesco.com/groceries/en-GB/shop/baby/all?department=Toys%20%26%20Nursery%20Accessories&viewAll=department&page=,£3.00,£3.00/each,,,/groceries/en-GB/products/300634344,https://digitalcontent.api.tesco.com/v2/media/ghs/a71a6fc3-9bc4-41b0-b547-9144af672cf1/9f9aa6d5-e28d-4ae4-b5ae-1f9a183409d7_1249011683.jpeg?h=225&w=225,
310685072,Peppa Pig Weebles Figures,https://www.tesco.com/groceries/en-GB/shop/baby/all?department=Toys%20%26%20Nursery%20Accessories&viewAll=department&page=,£4.00,£4.00/each,,,/groceries/en-GB/products/310685072,https://digitalcontent.api.tesco.com/v2/media/ghs/4b3934aa-2705-406e-873d-af6de50c5cd6/3b8f275d-9f71-4ab6-8450-1e09777b3952_386901879.jpeg?h=225&w=225,
309516925,Tesco Carded Rhubarb & Custard Air Freshener,https://www.tesco.com/groceries/en-GB/shop/baby/all?department=Toys%20%26%20Nursery%20Accessories&viewAll=department&page=,£1.00,£1.00/each,,,/groceries/en-GB/products/309516925,https://digitalcontent.api.tesco.com/v2/media/ghs/f2494a37-f6ab-415f-ae20-ef77169b18d9/f6623593-d333-4d66-97e3-b97a848c043f_503614585.jpeg?h=225&w=225,
307949462,Nuby Penguin Sleep Aid,https://www.tesco.com/groceries/en-GB/shop/baby/all?department=Toys%20%26%20Nursery%20Accessories&viewAll=department&page=,£24.00,£24.00/each,£19.50 Clubcard Price,,/groceries/en-GB/products/307949462,https://digitalcontent.api.tesco.com/v2/media/ghs/75caa2dc-7d66-454b-ba3a-5040c7b20066/9984b3cc-1898-4fc0-b0e8-3c325ae2223c_11209340.jpeg?h=225&w=225,
299646377,Peppa Pig Stardust Junior Duvet,https://www.tesco.com/groceries/en-GB/shop/baby/all?department=Toys%20%26%20Nursery%20Accessories&viewAll=department&page=,£16.00,£16.00/each,,,/groceries/en-GB/products/299646377,https://digitalcontent.api.tesco.com/v2/media/ghs/a7085427-7815-4f16-a1f4-9dc7d54fcd48/e81c9292-9f2a-4bb2-a6c1-b6cdba3c08f0_1717608806.jpeg?h=225&w=225,
303392814,Little Life Backpack Dinosaur,https://www.tesco.com/groceries/en-GB/shop/baby/all?department=Toys%20%26%20Nursery%20Accessories&viewAll=department&page=,£20.00,£20.00/each,,,/groceries/en-GB/products/303392814,https://digitalcontent.api.tesco.com/v2/media/ghs/1585f424-e4aa-4bee-a12c-45c6a68bcc9e/d3586681-e222-42eb-9065-a1a06f59c7f6_1697939140.jpeg?h=225&w=225,
305741514,Little Life Backpack Unicorn,https://www.tesco.com/groceries/en-GB/shop/baby/all?department=Toys%20%26%20Nursery%20Accessories&viewAll=department&page=,£20.00,£20.00/each,£18.00 Clubcard Price,,/groceries/en-GB/products/305741514,https://digitalcontent.api.tesco.com/v2/media/ghs/5588706e-e191-4579-971c-eea530f98300/feda76b9-d5c3-47b3-a40a-448b483b1dcf_656550268.jpeg?h=225&w=225,
305806519,Nuby Penguin Cot Mobile,https://www.tesco.com/groceries/en-GB/shop/baby/all?department=Toys%20%26%20Nursery%20Accessories&viewAll=department&page=,£21.50,£21.50/each,£17.00 Clubcard Price,,/groceries/en-GB/products/305806519,https://digitalcontent.api.tesco.com/v2/media/ghs/6ae16799-b527-4573-932d-74afed5fe292/496b5837-1e8c-4172-820a-ccaafd71108a_287176111.jpeg?h=225&w=225,
305806502,Nuby Penguin Nightlight,https://www.tesco.com/groceries/en-GB/shop/baby/all?department=Toys%20%26%20Nursery%20Accessories&viewAll=department&page=,£12.50,£12.50/each,£10.00 Clubcard Price,,/groceries/en-GB/products/305806502,https://digitalcontent.api.tesco.com/v2/media/ghs/522432a0-a7b3-4450-bba5-b0dac302d9f7/53127cc1-b825-4586-9b7a-da9417414a78_1496878701.jpeg?h=225&w=225,
289140535,Bright Starts Safari Beats Drum,https://www.tesco.com/groceries/en-GB/shop/baby/all?department=Toys%20%26%20Nursery%20Accessories&viewAll=department&page=,£15.00,£15.00/each,,,/groceries/en-GB/products/289140535,https://digitalcontent.api.tesco.com/v2/media/ghs/cfab88a2-2905-4930-ab58-ee39f0ce5ece/c6ed63fe-40cc-430e-ab72-1c7f91acf82a_638255794.jpeg?h=225&w=225,
291467077,Munchkin Dandy Dots Bath Mat,https://www.tesco.com/groceries/en-GB/shop/baby/all?department=Toys%20%26%20Nursery%20Accessories&viewAll=department&page=,£12.00,£12.00/each,,,/groceries/en-GB/products/291467077,https://digitalcontent.api.tesco.com/v2/media/ghs/035c1334-37fb-4f41-9150-3ee9407ef155/4e55b18b-8f08-46d1-ac1d-eb58250389be_1737462620.jpeg?h=225&w=225,
305741497,Little Life Parasol,https://www.tesco.com/groceries/en-GB/shop/baby/all?department=Toys%20%26%20Nursery%20Accessories&viewAll=department&page=,£16.00,£16.00/each,,,/groceries/en-GB/products/305741497,https://digitalcontent.api.tesco.com/v2/media/ghs/02f498a7-a138-4c2b-83f1-215e055e41fd/f6775166-b107-4143-9744-edaf6e2194df_513687355.jpeg?h=225&w=225,
302618954,Clementoni Soft Blocks 24 Bag,https://www.tesco.com/groceries/en-GB/shop/baby/all?department=Toys%20%26%20Nursery%20Accessories&viewAll=department&page=,£15.00,£0.62/each,£12.00 Clubcard Price,,/groceries/en-GB/products/302618954,https://digitalcontent.api.tesco.com/v2/media/ghs/c6a40732-aca2-4aae-8a5a-08bf9868ed4f/f65b2ee8-6c56-409f-a730-b77d80c2ccb3_1784484337.jpeg?h=225&w=225,
291637245,Brica White Hot Safety Car Sun Shade 2 Pack,https://www.tesco.com/groceries/en-GB/shop/baby/all?department=Toys%20%26%20Nursery%20Accessories&viewAll=department&page=,£15.00,£7.50/each,,,/groceries/en-GB/products/291637245,https://digitalcontent.api.tesco.com/v2/media/ghs/10fdf556-740e-4546-b8e2-0cfd845de32d/d5cb1720-c762-4f55-a20d-7e751120592a_79422644.jpeg?h=225&w=225,
299960380,Little Life Buggy Blackout,https://www.tesco.com/groceries/en-GB/shop/baby/all?department=Toys%20%26%20Nursery%20Accessories&viewAll=department&page=,£14.00,£14.00/each,£9.00 Clubcard Price,,/groceries/en-GB/products/299960380,https://digitalcontent.api.tesco.com/v2/media/ghs/c7cb70f6-faaf-4495-9459-fddad1dd27d2/91359716-2605-44c6-9cea-beb52a6670e1_561989845.jpeg?h=225&w=225,
275528519,Fred & Flo White Popcorn Blanket,https://www.tesco.com/groceries/en-GB/shop/baby/all?department=Toys%20%26%20Nursery%20Accessories&viewAll=department&page=,£9.00,£9.00/each,,,/groceries/en-GB/products/275528519,https://digitalcontent.api.tesco.com/v2/media/ghs/8f7c3d85-6c34-4211-a583-150db790da08/0636f7fb-7b9c-4e71-8b11-f0ef0c44df06_1842814602.jpeg?h=225&w=225,
310095689,Thomas Core Motorised Engine Assorted,https://www.tesco.com/groceries/en-GB/shop/baby/all?department=Toys%20%26%20Nursery%20Accessories&viewAll=department&page=,£15.00,£15.00/each,,,/groceries/en-GB/products/310095689,https://digitalcontent.api.tesco.com/v2/media/ghs/7dd31d9c-f834-4713-9c82-2ce8049ed123/c2e2b931-53ba-436c-85b4-28d6d1ecf95b_966267971.jpeg?h=225&w=225,
296604213,Tesco Duvet & Pillow Set,https://www.tesco.com/groceries/en-GB/shop/baby/all?department=Toys%20%26%20Nursery%20Accessories&viewAll=department&page=,£12.00,£12.00/each,,,/groceries/en-GB/products/296604213,https://digitalcontent.api.tesco.com/v2/media/ghs/093a7e44-051b-4098-8f2d-55fdca0298dd/630f5536-f256-45d1-b184-e012f59887ce_1415941462.jpeg?h=225&w=225,
311728637,Mini Hinch Muslin Blanket,https://www.tesco.com/groceries/en-GB/shop/baby/all?department=Toys%20%26%20Nursery%20Accessories&viewAll=department&page=,£12.00,£12.00/each,,,/groceries/en-GB/products/311728637,https://digitalcontent.api.tesco.com/v2/media/ghs/8ac71f66-e189-45de-8c76-74e793e80c2f/5a670306-880e-47c4-b0e2-0df03dce8129_1823581251.jpeg?h=225&w=225,
280758216,Munchkin Gone Fishing Bath Toy,https://www.tesco.com/groceries/en-GB/shop/baby/all?department=Toys%20%26%20Nursery%20Accessories&viewAll=department&page=,£10.00,£10.00/each,,,/groceries/en-GB/products/280758216,https://digitalcontent.api.tesco.com/v2/media/ghs/8dcec293-8b5f-4ac7-b715-bd9db1a27ec2/56055b0f-c0a7-442d-999e-4898729446d4_737388677.jpeg?h=225&w=225,
311250723,Mini Hinch Henry Plush,https://www.tesco.com/groceries/en-GB/shop/baby/all?department=Toys%20%26%20Nursery%20Accessories&viewAll=department&page=,£12.00,£12.00/each,,,/groceries/en-GB/products/311250723,https://digitalcontent.api.tesco.com/v2/media/ghs/cb7b4ede-d70d-4df4-8ceb-756d4960588c/04bf735a-5180-4ca9-8d4d-36343c50e854_16823670.jpeg?h=225&w=225,
311437837,Mini Hinch Rabbit Plush,https://www.tesco.com/groceries/en-GB/shop/baby/all?department=Toys%20%26%20Nursery%20Accessories&viewAll=department&page=,£12.00,£12.00/each,,,/groceries/en-GB/products/311437837,https://digitalcontent.api.tesco.com/v2/media/ghs/16cf43d3-7cca-40b2-8b28-f063d0306d14/a41dbcbe-a13f-40c3-b60a-e9337e899e0a_789184020.jpeg?h=225&w=225,
310087814,Fred & Flo Floral Fleece Blanket,https://www.tesco.com/groceries/en-GB/shop/baby/all?department=Toys%20%26%20Nursery%20Accessories&viewAll=department&page=,£8.00,£8.00/each,,,/groceries/en-GB/products/310087814,https://digitalcontent.api.tesco.com/v2/media/ghs/e5c3ebec-727f-497e-abdc-0067803802aa/f5fdace3-c55d-4f67-8437-769aaaf271fa_438624144.jpeg?h=225&w=225,
266512488,Lamaze Freddie The Firefly,https://www.tesco.com/groceries/en-GB/shop/baby/all?department=Toys%20%26%20Nursery%20Accessories&viewAll=department&page=,£14.00,£14.00/each,£12.00 Clubcard Price,,/groceries/en-GB/products/266512488,https://digitalcontent.api.tesco.com/v2/media/ghs/fe1f3a36-78e9-4879-b4b7-f4d15f3521a2/cf27243b-2c6d-4716-954d-910bf4de5d36_1683330707.jpeg?h=225&w=225,
310699476,Marvel Spidey Supersized Action Figure,https://www.tesco.com/groceries/en-GB/shop/baby/all?department=Toys%20%26%20Nursery%20Accessories&viewAll=department&page=,£13.00,£13.00/each,,,/groceries/en-GB/products/310699476,https://digitalcontent.api.tesco.com/v2/media/ghs/20e00e38-2bf5-451e-a7ee-9a20b4bd481f/01ec8f96-6e89-486f-8b66-cd762ef056dd_2077219075.jpeg?h=225&w=225,
310087958,Fred & Flo 2 Pack Blue Cotbed Fitted Sheets,https://www.tesco.com/groceries/en-GB/shop/baby/all?department=Toys%20%26%20Nursery%20Accessories&viewAll=department&page=,£10.00,£5.00/each,,,/groceries/en-GB/products/310087958,https://digitalcontent.api.tesco.com/v2/media/ghs/ea5f1304-8812-47c1-8557-2c90f46545fa/394381a1-6b08-432b-84ba-e5c8ab3084bd_1453172941.jpeg?h=225&w=225,
311483804,Go Play My First Spinning Drum,https://www.tesco.com/groceries/en-GB/shop/baby/all?department=Toys%20%26%20Nursery%20Accessories&viewAll=department&page=,£12.00,£12.00/each,,New,/groceries/en-GB/products/311483804,https://digitalcontent.api.tesco.com/v2/media/ghs/d52aace5-c21e-49dd-8aef-9aeae9184b3c/caee0882-a88b-4649-8e1f-beb38cc0b5bf_1312835282.jpeg?h=225&w=225,
292112375,Fred&Flo 3 Pack Hooded Towel Pink,https://www.tesco.com/groceries/en-GB/shop/baby/all?department=Toys%20%26%20Nursery%20Accessories&viewAll=department&page=,£10.00,£3.34/each,,,/groceries/en-GB/products/292112375,https://digitalcontent.api.tesco.com/v2/media/ghs/470fbbfc-2368-4f5d-be36-2e0e08aacd03/a1e06ded-b1f9-4ccf-b8e4-ba668ed1fc75_963528948.jpeg?h=225&w=225,
292112381,Fred&Flo 3 Pack Hooded Towel Blue,https://www.tesco.com/groceries/en-GB/shop/baby/all?department=Toys%20%26%20Nursery%20Accessories&viewAll=department&page=,£10.00,£3.34/each,,,/groceries/en-GB/products/292112381,https://digitalcontent.api.tesco.com/v2/media/ghs/936773aa-905b-4f00-8050-29f299a463a7/30dc3507-fac9-49d5-8554-80f18044da3f_1474983673.jpeg?h=225&w=225,
276588083,Silent Night Quilted Cotbed Protector,https://www.tesco.com/groceries/en-GB/shop/baby/all?department=Toys%20%26%20Nursery%20Accessories&viewAll=department&page=,£9.00,£9.00/each,,,/groceries/en-GB/products/276588083,https://digitalcontent.api.tesco.com/v2/media/ghs/95457eea-711b-4029-89cd-d3f50bc45e01/504f4cf5-e6f8-4e52-aa5e-60f93b2661f8_745340135.jpeg?h=225&w=225,
273043024,Munchkin Learn Letters And Numbers,https://www.tesco.com/groceries/en-GB/shop/baby/all?department=Toys%20%26%20Nursery%20Accessories&viewAll=department&page=,£7.00,£0.20/each,,,/groceries/en-GB/products/273043024,https://digitalcontent.api.tesco.com/v2/media/ghs/31e3e8d7-743e-49e7-be42-edf8320984d6/e0608aee-e957-4066-bb88-83772592239c_935463984.jpeg?h=225&w=225,
310087667,Fred & Flo Monochrome Hooded Towel,https://www.tesco.com/groceries/en-GB/shop/baby/all?department=Toys%20%26%20Nursery%20Accessories&viewAll=department&page=,£9.00,£9.00/each,,,/groceries/en-GB/products/310087667,https://digitalcontent.api.tesco.com/v2/media/ghs/0fa33cf5-2a98-42bd-b8f3-0bec310f894f/c829bc7f-2a08-494d-944f-24564f55bf55_625766675.jpeg?h=225&w=225,
297597086,Bright Starts Giggables,https://www.tesco.com/groceries/en-GB/shop/baby/all?department=Toys%20%26%20Nursery%20Accessories&viewAll=department&page=,£6.00,£6.00/each,,,/groceries/en-GB/products/297597086,https://digitalcontent.api.tesco.com/v2/media/ghs/8dfad36d-0fa1-42cf-92e1-7d4e48834b86/38bb1cf3-772f-48c1-8ce3-8b24cb47c8c0_188751363.jpeg?h=225&w=225,
302843001,Baby Clementoni Assortment,https://www.tesco.com/groceries/en-GB/shop/baby/all?department=Toys%20%26%20Nursery%20Accessories&viewAll=department&page=,£10.00,£10.00/each,£8.00 Clubcard Price,,/groceries/en-GB/products/302843001,https://digitalcontent.api.tesco.com/v2/media/ghs/b7fc8162-1efc-4866-9185-2a30d064b796/3daf0fd9-5293-466b-ac35-f98c26a3689f_1356724216.jpeg?h=225&w=225,
311507444,Go Play Keyboard My First,https://www.tesco.com/groceries/en-GB/shop/baby/all?department=Toys%20%26%20Nursery%20Accessories&viewAll=department&page=,£10.00,£10.00/each,,,/groceries/en-GB/products/311507444,https://digitalcontent.api.tesco.com/v2/media/ghs/17219050-a5db-4c64-a773-fd29db6bcb28/b830ec6e-6472-4768-96e3-e87e75012620_351868419.jpeg?h=225&w=225,
310054220,Fred & Flo 6 Pack White Muslins,https://www.tesco.com/groceries/en-GB/shop/baby/all?department=Toys%20%26%20Nursery%20Accessories&viewAll=department&page=,£8.00,£1.34/each,,,/groceries/en-GB/products/310054220,https://digitalcontent.api.tesco.com/v2/media/ghs/38f6b07f-96a6-4801-9c67-1ca6bc356b9e/1aef98e3-0515-48e9-b848-1fdffc9cbd4a_471108293.jpeg?h=225&w=225,
311728620,Mini Hinch 3 Pack Muslins,https://www.tesco.com/groceries/en-GB/shop/baby/all?department=Toys%20%26%20Nursery%20Accessories&viewAll=department&page=,£8.00,£2.67/each,,,/groceries/en-GB/products/311728620,https://digitalcontent.api.tesco.com/v2/media/ghs/617cdf48-05bd-4517-8740-3da9ede69311/0ec06d50-4613-43a0-b037-177fcab8b768_217100097.jpeg?h=225&w=225,
271586899,Munchkin Caterpillar,https://www.tesco.com/groceries/en-GB/shop/baby/all?department=Toys%20%26%20Nursery%20Accessories&viewAll=department&page=,£6.50,£0.93/each,,New,/groceries/en-GB/products/271586899,https://digitalcontent.api.tesco.com/v2/media/ghs/18c262e3-1169-4358-abb1-95c22d2b685f/f6a38add-ec7c-45cd-b7f4-b7e4d4bb8462_1832750240.jpeg?h=225&w=225,
310087371,Fred & Flo 2 Pack Hooded Towel & Washmit Bundle,https://www.tesco.com/groceries/en-GB/shop/baby/all?department=Toys%20%26%20Nursery%20Accessories&viewAll=department&page=,£8.00,£4.00/each,,,/groceries/en-GB/products/310087371,https://digitalcontent.api.tesco.com/v2/media/ghs/069b56ce-bd9e-42ee-855f-7fa532929158/da1def9e-9549-4fa8-85bc-146c7b55158a_140128938.jpeg?h=225&w=225,
309437333,Munchkin Corner Bath Organiser Grey,https://www.tesco.com/groceries/en-GB/shop/baby/all?department=Toys%20%26%20Nursery%20Accessories&viewAll=department&page=,£8.00,£8.00/each,,,/groceries/en-GB/products/309437333,https://digitalcontent.api.tesco.com/v2/media/ghs/3ca646d3-d93f-4658-abed-d1b9346e122d/3a003d53-7281-401c-b776-4acc61085aaf_1181702208.jpeg?h=225&w=225,
309060236,Fred & Flo Bath Rinser,https://www.tesco.com/groceries/en-GB/shop/baby/all?department=Toys%20%26%20Nursery%20Accessories&viewAll=department&page=,£4.50,£4.50/each,,,/groceries/en-GB/products/309060236,https://digitalcontent.api.tesco.com/v2/media/ghs/9e8c9c17-ef46-4d78-84f3-9faf8f59e28f/0b94a5db-a8ac-4e32-8e7a-253b2827bb80_1131586369.jpeg?h=225&w=225,
280653599,Fred&Flo Cotbed Waterproof Fitted Sheet,https://www.tesco.com/groceries/en-GB/shop/baby/all?department=Toys%20%26%20Nursery%20Accessories&viewAll=department&page=,£7.00,£7.00/each,,,/groceries/en-GB/products/280653599,https://digitalcontent.api.tesco.com/v2/media/ghs/8a22d7c2-def5-4cc0-ac92-a01072be6cb4/2072fa45-9cc9-426d-912a-4f637d6c81df_904128954.jpeg?h=225&w=225,
272332127,Silent Night Anti-Allergy Cotbed Pillow,https://www.tesco.com/groceries/en-GB/shop/baby/all?department=Toys%20%26%20Nursery%20Accessories&viewAll=department&page=,£7.00,£7.00/each,,,/groceries/en-GB/products/272332127,https://digitalcontent.api.tesco.com/v2/media/ghs/b37e6404-b890-40a4-bd20-000098490b8d/ec4d93e6-db9c-4cc2-b4a4-da71b8fd4f97_548004605.jpeg?h=225&w=225,
308901782,Go Play Whale Bath Fountain,https://www.tesco.com/groceries/en-GB/shop/baby/all?department=Toys%20%26%20Nursery%20Accessories&viewAll=department&page=,£7.00,£7.00/each,,,/groceries/en-GB/products/308901782,https://digitalcontent.api.tesco.com/v2/media/ghs/2d515943-06a9-48fd-8756-f5ba30a23372/ffe1ec80-c50c-4bf8-a68c-2255409379b4_545848096.jpeg?h=225&w=225,
310087618,Tesco Wwf 3 Pack Muslin Cloths,https://www.tesco.com/groceries/en-GB/shop/baby/all?department=Toys%20%26%20Nursery%20Accessories&viewAll=department&page=,£6.00,£2.00/each,,,/groceries/en-GB/products/310087618,https://digitalcontent.api.tesco.com/v2/media/ghs/8336d9d2-2f83-4213-8275-ccfc48560997/f98a87ab-dc55-4c82-9575-774bc53f8b6a_1567029852.jpeg?h=225&w=225,
310967516,Vtech Baby Monitor Vm819 2.8,https://www.tesco.com/groceries/en-GB/shop/baby/all?department=Toys%20%26%20Nursery%20Accessories&viewAll=department&page=,£60.00,£60.00/each,,,/groceries/en-GB/products/310967516,https://digitalcontent.api.tesco.com/v2/media/ghs/a1cd112c-23dd-4c3d-a69c-4f75ed0ed7cd/1ac32f8d-8d65-43a5-8802-7d02350c664b_631667263.jpeg?h=225&w=225,
297478620,Paw Patrol Spy Bundle Junior,https://www.tesco.com/groceries/en-GB/shop/baby/all?department=Toys%20%26%20Nursery%20Accessories&viewAll=department&page=,£23.00,£23.00/each,,,/groceries/en-GB/products/297478620,https://digitalcontent.api.tesco.com/v2/media/ghs/6d064093-d6c8-4500-932b-1139782a7e54/103088db-14dc-4444-ac95-3fb31b854a96_19311490.jpeg?h=225&w=225,
311940347,Cocomelon Toddler Bed Bundle,https://www.tesco.com/groceries/en-GB/shop/baby/all?department=Toys%20%26%20Nursery%20Accessories&viewAll=department&page=,£23.00,£23.00/each,,,/groceries/en-GB/products/311940347,https://digitalcontent.api.tesco.com/v2/media/ghs-mktg/b0b04216-fa73-466d-a9d7-c9fcfa1ce9b3/no-image.jpeg,
295241165,Peppa Pig Bed Bundle Junior,https://www.tesco.com/groceries/en-GB/shop/baby/all?department=Toys%20%26%20Nursery%20Accessories&viewAll=department&page=,£23.00,£23.00/each,,,/groceries/en-GB/products/295241165,https://digitalcontent.api.tesco.com/v2/media/ghs/985ef8b1-703a-435e-b25a-0ec961a76480/e982a057-b399-4857-a2c0-b0c3036ba3c8_1414370984.jpeg?h=225&w=225,
312086789,Baby Shark Toddler Bed Bundle,https://www.tesco.com/groceries/en-GB/shop/baby/all?department=Toys%20%26%20Nursery%20Accessories&viewAll=department&page=,£23.00,£23.00/each,,,/groceries/en-GB/products/312086789,https://digitalcontent.api.tesco.com/v2/media/ghs-mktg/b0b04216-fa73-466d-a9d7-c9fcfa1ce9b3/no-image.jpeg,
302835783,Paw Patrol Dino Junior Duvet,https://www.tesco.com/groceries/en-GB/shop/baby/all?department=Toys%20%26%20Nursery%20Accessories&viewAll=department&page=,£16.00,£16.00/each,,,/groceries/en-GB/products/302835783,https://digitalcontent.api.tesco.com/v2/media/ghs/0f30e99c-41e9-40f4-904a-2036425f3691/5baa1378-8d9d-475f-925c-3f0d5ace83d9_1589100640.jpeg?h=225&w=225,
303392837,Little Life Safety Harness Dinosaur/Unicorn,https://www.tesco.com/groceries/en-GB/shop/baby/all?department=Toys%20%26%20Nursery%20Accessories&viewAll=department&page=,£14.00,£14.00/each,,,/groceries/en-GB/products/303392837,https://digitalcontent.api.tesco.com/v2/media/ghs/7f54e122-dac3-4723-b8c4-f81b7ada087a/aece110e-bf76-4a43-92f4-26ee780a412e_2011581079.jpeg?h=225&w=225,
307866980,Little Life Pop Up Sunshades - Dinosaur/B/Fly,https://www.tesco.com/groceries/en-GB/shop/baby/all?department=Toys%20%26%20Nursery%20Accessories&viewAll=department&page=,£10.00,£10.00/each,,,/groceries/en-GB/products/307866980,https://digitalcontent.api.tesco.com/v2/media/ghs/9e4950c4-0ea0-4f11-a4ae-dbee7433a2b4/ad0f1488-93db-460d-a724-3098ee6258fa_937891298.jpeg?h=225&w=225,
311507409,Clementoni Soft Block Car,https://www.tesco.com/groceries/en-GB/shop/baby/all?department=Toys%20%26%20Nursery%20Accessories&viewAll=department&page=,£12.00,£12.00/each,£10.00 Clubcard Price,,/groceries/en-GB/products/311507409,https://digitalcontent.api.tesco.com/v2/media/ghs/2614b2ad-2725-4fc5-aa6d-bfba61637ce5/308fbf8a-b708-4dd0-9b67-728e295aa704_582071287.jpeg?h=225&w=225,
