Product ID,Product Name,Cat Website,Price,Price/Kg,Promotion,Innovation,Link,Image,Stock Status
306659305,Baileys Extra Thick Salted Caramel Cream 250Ml,https://www.tesco.com/groceries/en-GB/shop/fresh-food/christmas-fresh-food/all?count=48&page=,£2.75,£1.10/100ml,,New,/groceries/en-GB/products/306659305,https://digitalcontent.api.tesco.com/v2/media/ghs/8db17af2-a81a-4fe5-b96c-92b5adf7b0db/ba731576-556a-4479-aa56-87e6a0dae324_848374355.jpeg?h=225&w=225,
267149536,Baileys Pouring Cream 250 Ml,https://www.tesco.com/groceries/en-GB/shop/fresh-food/christmas-fresh-food/all?count=48&page=,£2.75,£1.10/100ml,,New,/groceries/en-GB/products/267149536,https://digitalcontent.api.tesco.com/v2/media/ghs/4d3efe3b-e105-45ca-af6d-c315da165323/82601e29-5ac6-4470-997b-07a1d4f1181a_2083478084.jpeg?h=225&w=225,
252472475,Tesco Finest Extra Thick Brandy Cream 250Ml,https://www.tesco.com/groceries/en-GB/shop/fresh-food/christmas-fresh-food/all?count=48&page=,£2.50,£1.00/100ml,,New,/groceries/en-GB/products/252472475,https://digitalcontent.api.tesco.com/v2/media/ghs/3c2c42f9-e32b-44b8-ab9b-3d2757528f13/8144297d-c51d-4b65-887a-dcfa2d64e035_1943992411.jpeg?h=225&w=225,
290351660,Bailey's Extra Thick Cream 250Ml,https://www.tesco.com/groceries/en-GB/shop/fresh-food/christmas-fresh-food/all?count=48&page=,£2.75,£1.10/100ml,,New,/groceries/en-GB/products/290351660,https://digitalcontent.api.tesco.com/v2/media/ghs/8b2a1eff-58be-40ef-9a1d-92cf4413e0a1/2927ba87-2fde-4253-9461-218dc8abfcf7_1283604292.jpeg?h=225&w=225,
312367699,Tesco Finest Gruyere Fondue 300G,https://www.tesco.com/groceries/en-GB/shop/fresh-food/christmas-fresh-food/all?count=48&page=,£6.25,£20.84/kg,,New,/groceries/en-GB/products/312367699,https://digitalcontent.api.tesco.com/v2/media/ghs/b107ab4e-dfeb-43c0-a400-5576de03bf41/688744f7-cd2f-4b8b-b7df-63b75f01eac2.jpeg?h=225&w=225,
294174009,Tesco Finest Vintage Cheddar 300G,https://www.tesco.com/groceries/en-GB/shop/fresh-food/christmas-fresh-food/all?count=48&page=,£3.25,£10.84/kg,,,/groceries/en-GB/products/294174009,https://digitalcontent.api.tesco.com/v2/media/ghs/87d04155-357b-441d-8ee0-6717426e0c8e/948c8626-7668-4a99-a68f-c57adecca949_1583810182.jpeg?h=225&w=225,
279992336,Tesco Finest Pork Sausage Meat 350G,https://www.tesco.com/groceries/en-GB/shop/fresh-food/christmas-fresh-food/all?count=48&page=,£3.00,£8.58/kg,,,/groceries/en-GB/products/279992336,https://digitalcontent.api.tesco.com/v2/media/ghs/8cdc4be4-5368-4e7a-b216-a0d38f5a8346/ce59c704-268f-445b-a5c7-730309ad3246.jpeg?h=225&w=225,
292278040,Tesco Finest Brussels Pate 170G,https://www.tesco.com/groceries/en-GB/shop/fresh-food/christmas-fresh-food/all?count=48&page=,£2.50,£1.48/100g,,,/groceries/en-GB/products/292278040,https://digitalcontent.api.tesco.com/v2/media/ghs/3b4fda5c-e000-40ed-807b-8ab98de4a9d7/d66cdea8-4ff3-4eb4-9d50-a3d80334ac2d_1005191921.jpeg?h=225&w=225,
297656570,Tesco Finest Brandy Butter 200G,https://www.tesco.com/groceries/en-GB/shop/fresh-food/christmas-fresh-food/all?count=48&page=,£2.50,£1.25/100g,,New,/groceries/en-GB/products/297656570,https://digitalcontent.api.tesco.com/v2/media/ghs/6b9a316b-8f7b-424a-a300-ff6abf943f7b/d8f5ff06-cff9-4565-9285-f8d0ec3b0140_1563550932.jpeg?h=225&w=225,
258119275,Tesco Finest Brandy Sauce 500Ml,https://www.tesco.com/groceries/en-GB/shop/fresh-food/christmas-fresh-food/all?count=48&page=,£2.50,£0.50/100ml,,New,/groceries/en-GB/products/258119275,https://digitalcontent.api.tesco.com/v2/media/ghs/082bd7f3-74c4-46b8-9341-f27c6c726873/16868950-4da5-4130-9a85-859659233091_1624121381.jpeg?h=225&w=225,
259793971,Tesco Classic Multipack Dips 516G,https://www.tesco.com/groceries/en-GB/shop/fresh-food/christmas-fresh-food/all?count=48&page=,£2.75,£0.53/100g,,,/groceries/en-GB/products/259793971,https://digitalcontent.api.tesco.com/v2/media/ghs/52ea3be2-23a1-41d9-ba0f-d3678d7e0603/95c05da4-6f7a-4ac4-a2fd-28679b05df90.jpeg?h=225&w=225,
279992532,Tesco Finest 10 Pigs In Blankets 210G,https://www.tesco.com/groceries/en-GB/shop/fresh-food/christmas-fresh-food/all?count=48&page=,£3.00,£14.29/kg,,,/groceries/en-GB/products/279992532,https://digitalcontent.api.tesco.com/v2/media/ghs/2f3f2ab4-437a-45ee-baf1-495902d999e8/03b2b212-1223-4064-b5a1-9a05c6867f41.jpeg?h=225&w=225,
279992854,Tesco Finest Gluten Free 18 British Pork Cocktail Sausages 270G,https://www.tesco.com/groceries/en-GB/shop/fresh-food/christmas-fresh-food/all?count=48&page=,£3.00,£11.12/kg,,New,/groceries/en-GB/products/279992854,https://digitalcontent.api.tesco.com/v2/media/ghs/b6b36ec4-0921-4d0f-9aab-fa20782dc701/14797077-5ad3-4ff1-9cda-71f0fe8a419b.jpeg?h=225&w=225,
304794055,Tesco Finest All Rounder Potatoes 2Kg,https://www.tesco.com/groceries/en-GB/shop/fresh-food/christmas-fresh-food/all?count=48&page=,£2.20,£1.10/kg,,,/groceries/en-GB/products/304794055,https://digitalcontent.api.tesco.com/v2/media/ghs/f15beae2-2f7a-4451-8006-7eaf92589d6b/3170f436-23d4-4e8e-876a-2ff3b602ca82.jpeg?h=225&w=225,
260655103,Tesco Finest Reserve Swiss Gruyere 195G,https://www.tesco.com/groceries/en-GB/shop/fresh-food/christmas-fresh-food/all?count=48&page=,£3.50,£17.95/kg,,,/groceries/en-GB/products/260655103,https://digitalcontent.api.tesco.com/v2/media/ghs/7a6993ab-273f-4dbd-bfe7-5628007a4b68/3262a5a1-2bab-4fea-aa79-80156cbb71cb.jpeg?h=225&w=225,
254129592,Appeteasers Mediterranean Magic 100G,https://www.tesco.com/groceries/en-GB/shop/fresh-food/christmas-fresh-food/all?count=48&page=,£1.75,£17.50/kg,,New,/groceries/en-GB/products/254129592,https://digitalcontent.api.tesco.com/v2/media/ghs/d56e042e-cee4-4289-a238-fb4f14596a9a/9ff4201b-66ff-4f1e-abcd-4abd7bdfb7e2_1607035372.jpeg?h=225&w=225,
294070541,Tesco British Pork Sausage Meat 400G,https://www.tesco.com/groceries/en-GB/shop/fresh-food/christmas-fresh-food/all?count=48&page=,£2.50,£6.25/kg,,New,/groceries/en-GB/products/294070541,https://digitalcontent.api.tesco.com/v2/media/ghs/1ef469c5-f192-4ecd-9f7c-2fd54d5375c3/4443ed3f-8dea-48cc-8661-2b73bb981190.jpeg?h=225&w=225,
268334344,Tesco Smoked Pancetta 2 X 65G,https://www.tesco.com/groceries/en-GB/shop/fresh-food/christmas-fresh-food/all?count=48&page=,£1.90,£1.47/100g,£1.70 Clubcard Price,,/groceries/en-GB/products/268334344,https://digitalcontent.api.tesco.com/v2/media/ghs/d1b81b49-b1ed-45c3-92ce-b29271d53688/8f26ef09-d08d-4950-be39-f72cc9557fb7.jpeg?h=225&w=225,
258771630,Tesco Wensleydale & Cranberries 200G,https://www.tesco.com/groceries/en-GB/shop/fresh-food/christmas-fresh-food/all?count=48&page=,£2.20,£11.00/kg,,,/groceries/en-GB/products/258771630,https://digitalcontent.api.tesco.com/v2/media/ghs/4582537b-406d-446d-afe1-d986555f5cf1/0247d4c8-4253-479e-9845-97cf6d68a117.jpeg?h=225&w=225,
306928926,Tesco 20 Pork & Stuffing Rolls 200G,https://www.tesco.com/groceries/en-GB/shop/fresh-food/christmas-fresh-food/all?count=48&page=,£2.00,£1.00/100g,,New,/groceries/en-GB/products/306928926,https://digitalcontent.api.tesco.com/v2/media/ghs/a3377cbe-cebd-4473-8ba7-e671c62130ab/32f5776d-82d4-4d4b-b7a9-de995ba9ecc0.jpeg?h=225&w=225,
277248375,Tesco Finest Manchego 175G,https://www.tesco.com/groceries/en-GB/shop/fresh-food/christmas-fresh-food/all?count=48&page=,£3.50,£20.00/kg,,,/groceries/en-GB/products/277248375,https://digitalcontent.api.tesco.com/v2/media/ghs/76238461-8481-4abd-8435-c742a5887424/7bcc1bf1-4b0f-4db9-8a0e-2c0d6221d49e.jpeg?h=225&w=225,
295198430,Tesco Maris Piper Roast Potatoes With Goose Fat 800G,https://www.tesco.com/groceries/en-GB/shop/fresh-food/christmas-fresh-food/all?count=48&page=,£3.00,£3.75/kg,Any 3 for 2 Clubcard Price - Cheapest Product Free - Selected Vegetables 80g - 800g,,/groceries/en-GB/products/295198430,https://digitalcontent.api.tesco.com/v2/media/ghs/98a3a432-0c79-49b7-a87e-ff9935d85165/e77ccd41-0ffa-49f4-a4ac-b9153e2f716a_488686147.jpeg?h=225&w=225,
258087835,Tesco Brandy Butter 200G,https://www.tesco.com/groceries/en-GB/shop/fresh-food/christmas-fresh-food/all?count=48&page=,£2.00,£1.00/100g,,New,/groceries/en-GB/products/258087835,https://digitalcontent.api.tesco.com/v2/media/ghs/83d4edd1-a577-41c5-8712-2fa83cb4144a/d7b54963-3eb0-459d-b19b-a33579380968_1975851911.jpeg?h=225&w=225,
294070529,Tesco 12 British Pigs In Blankets 222G,https://www.tesco.com/groceries/en-GB/shop/fresh-food/christmas-fresh-food/all?count=48&page=,£2.50,£11.27/kg,,New,/groceries/en-GB/products/294070529,https://digitalcontent.api.tesco.com/v2/media/ghs/1a4cd542-ae63-4f5c-924a-3735a7eb6eda/a83d37fa-163f-4583-adad-94537a9bbe1d.jpeg?h=225&w=225,
309188955,Tesco British Brie 160G,https://www.tesco.com/groceries/en-GB/shop/fresh-food/christmas-fresh-food/all?count=48&page=,£1.90,£11.88/kg,,,/groceries/en-GB/products/309188955,https://digitalcontent.api.tesco.com/v2/media/ghs/9c1e766f-3ee8-43d7-95eb-31198a77f3ef/45a95cf8-f0bb-457f-912c-68ac20e229ba.jpeg?h=225&w=225,
302083145,Tesco 6 Pork Pie Selection 300G,https://www.tesco.com/groceries/en-GB/shop/fresh-food/christmas-fresh-food/all?count=48&page=,£2.40,£0.80/100g,,New,/groceries/en-GB/products/302083145,https://digitalcontent.api.tesco.com/v2/media/ghs/1745ce3f-710b-4952-a601-348f0420e2f9/ddf3d172-ca7b-483a-a973-ac8e98ed87bf.jpeg?h=225&w=225,
268380708,Tesco Pancetta Cubes 130G,https://www.tesco.com/groceries/en-GB/shop/fresh-food/christmas-fresh-food/all?count=48&page=,£1.90,£1.47/100g,£1.70 Clubcard Price,,/groceries/en-GB/products/268380708,https://digitalcontent.api.tesco.com/v2/media/ghs/9988cd64-61f2-48cf-99c2-46c15350102f/ed5fffc9-a667-417b-b959-de8a1c40eefe.jpeg?h=225&w=225,
268913840,Tesco Winter Vegetables 480G,https://www.tesco.com/groceries/en-GB/shop/fresh-food/christmas-fresh-food/all?count=48&page=,£1.70,£3.55/kg,Any 3 for 2 Clubcard Price - Cheapest Product Free - Selected Vegetables 80g - 800g,,/groceries/en-GB/products/268913840,https://digitalcontent.api.tesco.com/v2/media/ghs/da5da9dd-24b1-4de2-9ff4-fcc252bdfa11/700b6f00-81cc-43ec-a04f-db3b6301aed9_283180044.jpeg?h=225&w=225,
306938200,"Tesco Pork, Bacon & Cranberry Pasties 300G",https://www.tesco.com/groceries/en-GB/shop/fresh-food/christmas-fresh-food/all?count=48&page=,£2.00,£0.67/100g,,New,/groceries/en-GB/products/306938200,https://digitalcontent.api.tesco.com/v2/media/ghs/c68210f8-c00c-44bc-81a1-414d9ebc4080/2eed31c4-1836-4c30-9907-43738c86af28_2027616998.jpeg?h=225&w=225,
277967105,Tesco Broccoli Florets 240G,https://www.tesco.com/groceries/en-GB/shop/fresh-food/christmas-fresh-food/all?count=48&page=,£1.50,£6.25/kg,Any 3 for 2 Clubcard Price - Cheapest Product Free - Selected Vegetables 80g - 800g,,/groceries/en-GB/products/277967105,https://digitalcontent.api.tesco.com/v2/media/ghs/c69ecab8-c8ae-48a3-b2bf-2ffbfe3647a2/b3dead72-b86a-44e7-b3f4-49587b15fe10.jpeg?h=225&w=225,
261535054,Tesco Blue Stilton 220G,https://www.tesco.com/groceries/en-GB/shop/fresh-food/christmas-fresh-food/all?count=48&page=,£2.40,£10.91/kg,,,/groceries/en-GB/products/261535054,https://digitalcontent.api.tesco.com/v2/media/ghs/164d2ba8-f1a5-4623-9e22-bd00d1820e02/31d17232-03ce-46af-89fd-57d4fd4064bc.jpeg?h=225&w=225,
260999122,Tesco Peeled Potatoes 700G,https://www.tesco.com/groceries/en-GB/shop/fresh-food/christmas-fresh-food/all?count=48&page=,£1.00,£1.43/kg,Any 3 for 2 Clubcard Price - Cheapest Product Free - Selected Vegetables 80g - 800g,,/groceries/en-GB/products/260999122,https://digitalcontent.api.tesco.com/v2/media/ghs/e7406a50-6bbc-4d80-aedc-6086767badba/48e45883-0d31-44fb-81dc-e9416cbe3bbe.jpeg?h=225&w=225,
304785423,Tesco Swede,https://www.tesco.com/groceries/en-GB/shop/fresh-food/christmas-fresh-food/all?count=48&page=,£0.80,£0.80/each,,,/groceries/en-GB/products/304785423,https://digitalcontent.api.tesco.com/v2/media/ghs/8b1f6607-4bf8-4ca5-9d26-41f0d432dd8d/a37d4f81-6dfc-43a2-8f23-6429ad1d53c6.jpeg?h=225&w=225,
294070420,Tesco 28 Pork Cocktail Sausages 378G,https://www.tesco.com/groceries/en-GB/shop/fresh-food/christmas-fresh-food/all?count=48&page=,£2.50,£6.62/kg,,New,/groceries/en-GB/products/294070420,https://digitalcontent.api.tesco.com/v2/media/ghs/093e2643-984f-464d-b901-29dd81a0da67/95009f8b-93a0-4869-838b-a7b5fe8a8ea1.jpeg?h=225&w=225,
292276641,Redmere Farms Sprouts Unpeeled 500G,https://www.tesco.com/groceries/en-GB/shop/fresh-food/christmas-fresh-food/all?count=48&page=,£0.95,£1.90/kg,Aldi Price Match,,/groceries/en-GB/products/292276641,https://digitalcontent.api.tesco.com/v2/media/ghs/1ca84536-ba4f-4d38-b3d3-456008ab5a03/024d71cd-2971-4351-ae6a-a5578dcf5754_266014396.jpeg?h=225&w=225,
277973967,Tesco Peeled Baby Sprouts 180G,https://www.tesco.com/groceries/en-GB/shop/fresh-food/christmas-fresh-food/all?count=48&page=,£1.00,£5.56/kg,Any 3 for 2 Clubcard Price - Cheapest Product Free - Selected Vegetables 80g - 800g,,/groceries/en-GB/products/277973967,https://digitalcontent.api.tesco.com/v2/media/ghs/29eb7bec-8e04-425f-bda6-03d2c76a44ea/f957aa70-5327-42e5-869d-cc7e9109bd62.jpeg?h=225&w=225,
267524806,Tesco Pre-Packed Leeks 500G,https://www.tesco.com/groceries/en-GB/shop/fresh-food/christmas-fresh-food/all?count=48&page=,£1.19,£2.38/kg,,,/groceries/en-GB/products/267524806,https://digitalcontent.api.tesco.com/v2/media/ghs/52619f57-7098-4c78-a120-6e00d322e25f/9a76d823-a834-4d1b-ab8d-b65ee94e81ee.jpeg?h=225&w=225,
259794296,Tesco Tex Mex Multipack Dips 428G,https://www.tesco.com/groceries/en-GB/shop/fresh-food/christmas-fresh-food/all?count=48&page=,£2.75,£0.64/100g,,,/groceries/en-GB/products/259794296,https://digitalcontent.api.tesco.com/v2/media/ghs/00ade547-6863-49ce-806f-7def3c70d0fc/aacd7ec8-8d01-4f2d-b402-79a3e3d9a5a7.jpeg?h=225&w=225,
258423755,Tesco Maris Piper Potatoes 2.5Kg,https://www.tesco.com/groceries/en-GB/shop/fresh-food/christmas-fresh-food/all?count=48&page=,£1.49,£0.60/kg,Aldi Price Match,,/groceries/en-GB/products/258423755,https://digitalcontent.api.tesco.com/v2/media/ghs/de6b3329-b376-4e43-9ea1-7e1a980cdbeb/bf6ba095-bf27-4565-87cd-8f756f6d149e.jpeg?h=225&w=225,
311230753,Albert Bartlett Cheese Croquettes 250G,https://www.tesco.com/groceries/en-GB/shop/fresh-food/christmas-fresh-food/all?count=48&page=,£1.50,£6.00/kg,Any 3 for 2 Clubcard Price - Cheapest Product Free - Selected Vegetables 80g - 800g,,/groceries/en-GB/products/311230753,https://digitalcontent.api.tesco.com/v2/media/ghs/2c1d0004-0fcd-4331-af70-65fc22623303/53573fe3-52f6-4836-a1a0-e29eb9c30569.jpeg?h=225&w=225,
297763857,Tesco Finest French Brie With Truffle 135G,https://www.tesco.com/groceries/en-GB/shop/fresh-food/christmas-fresh-food/all?count=48&page=,£2.50,£18.52/kg,,New,/groceries/en-GB/products/297763857,https://digitalcontent.api.tesco.com/v2/media/ghs/a2984b3c-29cc-46f5-95ca-cabaede0522b/snapshotimagehandler_746745575.jpeg?h=225&w=225,
307365386,Tesco Parsnips 500G,https://www.tesco.com/groceries/en-GB/shop/fresh-food/christmas-fresh-food/all?count=48&page=,£0.62,£1.24/kg,Aldi Price Match,,/groceries/en-GB/products/307365386,https://digitalcontent.api.tesco.com/v2/media/ghs/4ed00c38-34c6-47e0-9c89-9960087b8302/4bc65678-1e19-45b0-8b03-fafd41e563f6_1376338199.jpeg?h=225&w=225,
266499399,Tesco Clementine Or Sweet Easy Peeler Pack 600G,https://www.tesco.com/groceries/en-GB/shop/fresh-food/christmas-fresh-food/all?count=48&page=,£1.30,£2.17/kg,79p Clubcard Price,,/groceries/en-GB/products/266499399,https://digitalcontent.api.tesco.com/v2/media/ghs/a6108769-6315-4a69-b1e7-8cf72cb08369/675b058b-495b-4fb1-b5fc-d410b537b968.jpeg?h=225&w=225,
305953125,Tesco Carrots 1Kg,https://www.tesco.com/groceries/en-GB/shop/fresh-food/christmas-fresh-food/all?count=48&page=,£0.45,£0.45/kg,Aldi Price Match,,/groceries/en-GB/products/305953125,https://digitalcontent.api.tesco.com/v2/media/ghs/7a7b7b1f-de16-433a-88c7-1e7fe0709c1d/ae671490-76bb-498f-8698-db6c31394660.jpeg?h=225&w=225,
307344549,Tesco Broccoli 375G,https://www.tesco.com/groceries/en-GB/shop/fresh-food/christmas-fresh-food/all?count=48&page=,£0.72,£1.92/kg,Aldi Price Match,,/groceries/en-GB/products/307344549,https://digitalcontent.api.tesco.com/v2/media/ghs/8717779b-23ca-48d8-bfd9-ef2d1d465612/3c6d2985-ea1b-46f7-9a44-0b9ef307f29d.jpeg?h=225&w=225,
294070184,Tesco Red Cabbage Each,https://www.tesco.com/groceries/en-GB/shop/fresh-food/christmas-fresh-food/all?count=48&page=,£0.61,£0.61/each,Aldi Price Match,,/groceries/en-GB/products/294070184,https://digitalcontent.api.tesco.com/v2/media/ghs/b588b6fa-5286-41b3-9e6b-667de80005a9/snapshotimagehandler_1942762429.jpeg?h=225&w=225,
310148979,Tesco Finest 8 Mini Aberdeen Angus B/Brgrs 265G,https://www.tesco.com/groceries/en-GB/shop/fresh-food/christmas-fresh-food/all?count=48&page=,£6.00,£22.65/kg,Any 3 for 2 Clubcard Price - Cheapest Product Free - Selected Chilled Party Foods,,/groceries/en-GB/products/310148979,https://digitalcontent.api.tesco.com/v2/media/ghs/0ecbaa8f-0df7-4f7d-b302-48f76c3dda20/7b7273c2-ab03-4ff6-a2e6-d7d968dc8cf9.jpeg?h=225&w=225,
253558119,Tesco Cauliflower,https://www.tesco.com/groceries/en-GB/shop/fresh-food/christmas-fresh-food/all?count=48&page=,£0.95,£0.95/each,69p Clubcard Price,,/groceries/en-GB/products/253558119,https://digitalcontent.api.tesco.com/v2/media/ghs/7da39b4f-8901-48f9-a9a5-912d03f9bf4a/a2133b59-fa7c-4422-a1cd-b78deba6371e.jpeg?h=225&w=225,
309744568,Tesco Finest 6 Pigs In Blankets Y/Shir Puddings 180G,https://www.tesco.com/groceries/en-GB/shop/fresh-food/christmas-fresh-food/all?count=48&page=,£5.50,£3.06/100g,Any 3 for 2 Clubcard Price - Cheapest Product Free - Selected Chilled Party Foods,,/groceries/en-GB/products/309744568,https://digitalcontent.api.tesco.com/v2/media/ghs/de3542bd-b77c-484b-8752-6bbc32f38d0a/cc1111a4-eb3b-4dd9-96f2-faca1379ca80.jpeg?h=225&w=225,
312839124,Tesco Finest Aged Red Leicester 500G,https://www.tesco.com/groceries/en-GB/shop/fresh-food/christmas-fresh-food/all?count=48&page=,£5.00,£10.00/kg,,New,/groceries/en-GB/products/312839124,https://digitalcontent.api.tesco.com/v2/media/ghs/d70a6c6c-25bc-4202-8b9e-3fd13e3308bd/6e798798-9aef-4451-9e9d-e9ea268831a3_1949359648.jpeg?h=225&w=225,
254035783,Tesco Pouring Cream Brandy 250Ml,https://www.tesco.com/groceries/en-GB/shop/fresh-food/christmas-fresh-food/all?count=48&page=,£2.00,£0.80/100ml,,New,/groceries/en-GB/products/254035783,https://digitalcontent.api.tesco.com/v2/media/ghs/1721794e-a685-44af-8e49-9dc5db0850f7/7e609c28-9a84-4568-beb9-7ef3556b6a57_2038526721.jpeg?h=225&w=225,
309482883,Tesco 12 Pigs In Blankets 180G,https://www.tesco.com/groceries/en-GB/shop/fresh-food/christmas-fresh-food/all?count=48&page=,£3.50,£1.95/100g,Any 3 for 2 Clubcard Price - Cheapest Product Free - Selected Chilled Party Foods,,/groceries/en-GB/products/309482883,https://digitalcontent.api.tesco.com/v2/media/ghs/5cf81449-4ac4-4870-a88f-96a1531c6f0d/034687e0-4106-40b1-8c21-60107da50968.jpeg?h=225&w=225,
279819514,Tesco Finest Barrel Aged Feta 310G,https://www.tesco.com/groceries/en-GB/shop/fresh-food/christmas-fresh-food/all?count=48&page=,£2.30,£7.42/kg,,,/groceries/en-GB/products/279819514,https://digitalcontent.api.tesco.com/v2/media/ghs/d8412f6a-5dcd-4a9e-95c0-327753be2664/65646715-3b46-4464-96b2-d541e9bd1078.jpeg?h=225&w=225,
267238068,Tesco Brandy Extra Thick Cream 250Ml,https://www.tesco.com/groceries/en-GB/shop/fresh-food/christmas-fresh-food/all?count=48&page=,£2.00,£0.80/100ml,,New,/groceries/en-GB/products/267238068,https://digitalcontent.api.tesco.com/v2/media/ghs/a3a852db-e1bb-4c77-a55d-3e83ba870e0b/9ff94641-647f-49e2-b1e5-1930e6ebae5f_2015322285.jpeg?h=225&w=225,
297539398,Tesco Finest Aged Blue Stilton 400G,https://www.tesco.com/groceries/en-GB/shop/fresh-food/christmas-fresh-food/all?count=48&page=,£4.00,£10.00/kg,,New,/groceries/en-GB/products/297539398,https://digitalcontent.api.tesco.com/v2/media/ghs/d4d00283-9738-4e1b-a45a-8b2e1a46db00/b8399e88-bfe7-4d26-b92b-15b7f24bd1ff_1449916070.jpeg?h=225&w=225,
290359260,Tesco Bbq Chicken Wings 300G,https://www.tesco.com/groceries/en-GB/shop/fresh-food/christmas-fresh-food/all?count=48&page=,£3.50,£11.67/kg,Any 3 for 2 Clubcard Price - Cheapest Product Free - Selected Chilled Party Foods,,/groceries/en-GB/products/290359260,https://digitalcontent.api.tesco.com/v2/media/ghs/59d6504c-87e7-4a3b-8506-e021a617e8b5/60746c93-c467-49da-ac7a-2032dd24408d.jpeg?h=225&w=225,
280304506,Tesco Finest Chipolatas Pigs In Blankets 222G,https://www.tesco.com/groceries/en-GB/shop/fresh-food/christmas-fresh-food/all?count=48&page=,£3.50,£15.77/kg,,New,/groceries/en-GB/products/280304506,https://digitalcontent.api.tesco.com/v2/media/ghs/351edd74-8cdb-4e2a-ab86-98c239e00884/2af04ef7-b4ef-454f-b7e6-d9fa77197a24.jpeg?h=225&w=225,
312222560,Tesco Finest Petit Triple Creme Brie 125G,https://www.tesco.com/groceries/en-GB/shop/fresh-food/christmas-fresh-food/all?count=48&page=,£3.00,£24.00/kg,,New,/groceries/en-GB/products/312222560,https://digitalcontent.api.tesco.com/v2/media/ghs-mktg/b0b04216-fa73-466d-a9d7-c9fcfa1ce9b3/no-image.jpeg,
299769928,Tesco Wensleydale & Apricot Cheese 200G,https://www.tesco.com/groceries/en-GB/shop/fresh-food/christmas-fresh-food/all?count=48&page=,£2.20,£11.00/kg,,,/groceries/en-GB/products/299769928,https://digitalcontent.api.tesco.com/v2/media/ghs/b0316a74-e914-40e3-a475-95a325de2d3b/0ed3004e-8ee0-4787-9162-1f2c4da5c94c.jpeg?h=225&w=225,
261543021,Tesco Finest Aged Blue Stilton 215G,https://www.tesco.com/groceries/en-GB/shop/fresh-food/christmas-fresh-food/all?count=48&page=,£3.00,£13.96/kg,,,/groceries/en-GB/products/261543021,https://digitalcontent.api.tesco.com/v2/media/ghs/77dcd808-74ee-4bd0-97ae-c72209ed86d1/d0f7f4fa-4a3b-4ee5-a03a-7385e5799bec.jpeg?h=225&w=225,
312585319,Tesco 12 Cheese Bites 200G,https://www.tesco.com/groceries/en-GB/shop/fresh-food/christmas-fresh-food/all?count=48&page=,£3.50,£1.75/100g,Any 3 for 2 Clubcard Price - Cheapest Product Free - Selected Chilled Party Foods,,/groceries/en-GB/products/312585319,https://digitalcontent.api.tesco.com/v2/media/ghs/0fcf3e41-cfee-4ce5-979d-04df69d7c4b6/20516841-2147-426b-a12e-6d5e9d067c81.jpeg?h=225&w=225,
311942890,Tesco 12 Mini Chicken Kievs 360G,https://www.tesco.com/groceries/en-GB/shop/fresh-food/christmas-fresh-food/all?count=48&page=,£3.50,£0.97/100g,Any 3 for 2 Clubcard Price - Cheapest Product Free - Selected Chilled Party Foods,,/groceries/en-GB/products/311942890,https://digitalcontent.api.tesco.com/v2/media/ghs/5f41acd8-7bdb-448f-84c6-fbe7529d9a01/822c93e6-88c8-45b9-b664-135fe87e7d78.jpeg?h=225&w=225,
293943651,Tesco Southen Fried Chicken Goujons With Bbq Dip 425G,https://www.tesco.com/groceries/en-GB/shop/fresh-food/christmas-fresh-food/all?count=48&page=,£3.50,£8.24/kg,Any 3 for 2 Clubcard Price - Cheapest Product Free - Selected Chilled Party Foods,,/groceries/en-GB/products/293943651,https://digitalcontent.api.tesco.com/v2/media/ghs/a837afe8-a398-4c3e-9ecf-3b2df009285f/1ea79423-9c86-4eaa-b7f5-52406dcde0c0.jpeg?h=225&w=225,
304378341,Tesco 12 Ham & Cheese Croquettes 240G,https://www.tesco.com/groceries/en-GB/shop/fresh-food/christmas-fresh-food/all?count=48&page=,£3.50,£1.46/100g,Any 3 for 2 Clubcard Price - Cheapest Product Free - Selected Chilled Party Foods,,/groceries/en-GB/products/304378341,https://digitalcontent.api.tesco.com/v2/media/ghs/8ac9061b-8fd5-4c7e-a9b1-d2cfbe425191/db89bab7-3570-4f8e-be80-81178e57b1d5.jpeg?h=225&w=225,
309751755,Tesco 5 Cheese Selection 450G,https://www.tesco.com/groceries/en-GB/shop/fresh-food/christmas-fresh-food/all?count=48&page=,£5.50,£12.23/kg,£4.00 Clubcard Price,,/groceries/en-GB/products/309751755,https://digitalcontent.api.tesco.com/v2/media/ghs/fa571f77-7c76-499f-be57-eb81baf9433e/96c6508d-c4fe-49de-9b5c-cbb3b53e4ffb_1013068110.jpeg?h=225&w=225,
257364555,Tesco Brandy Sauce 500G,https://www.tesco.com/groceries/en-GB/shop/fresh-food/christmas-fresh-food/all?count=48&page=,£2.00,£0.40/100g,,New,/groceries/en-GB/products/257364555,https://digitalcontent.api.tesco.com/v2/media/ghs/36fef99e-2873-4caf-93f9-384b174deb13/04a322f5-83bf-48db-a957-14dab18baaa9_534161827.jpeg?h=225&w=225,
297492209,Tesco 18 Asian Inspired Selection 300G,https://www.tesco.com/groceries/en-GB/shop/fresh-food/christmas-fresh-food/all?count=48&page=,£3.50,£1.17/100g,Any 3 for 2 Clubcard Price - Cheapest Product Free - Selected Chilled Party Foods,,/groceries/en-GB/products/297492209,https://digitalcontent.api.tesco.com/v2/media/ghs/dfe88321-732e-4294-b8c7-a7125babe22a/495f4f38-0016-4901-b7b1-c52243f469a6.jpeg?h=225&w=225,
275749010,Tesco Chicken Sticks & Pops 330G,https://www.tesco.com/groceries/en-GB/shop/fresh-food/christmas-fresh-food/all?count=48&page=,£3.50,£10.61/kg,Any 3 for 2 Clubcard Price - Cheapest Product Free - Selected Chilled Party Foods,,/groceries/en-GB/products/275749010,https://digitalcontent.api.tesco.com/v2/media/ghs/cabab9c7-6278-43dd-962b-7dab18d30d08/8cd55446-8648-49a5-9ef9-8f775f203a9c.jpeg?h=225&w=225,
299685629,Tesco Camembert 250G,https://www.tesco.com/groceries/en-GB/shop/fresh-food/christmas-fresh-food/all?count=48&page=,£2.20,£8.80/kg,,,/groceries/en-GB/products/299685629,https://digitalcontent.api.tesco.com/v2/media/ghs/0d595087-c3f0-49b4-99b0-60ca124cfae6/ed38ea92-cfb9-4267-beb0-82d286f5cd16.jpeg?h=225&w=225,
312225977,Tesco Finest 10 Pork & Truffle Bon Bons 250G,https://www.tesco.com/groceries/en-GB/shop/fresh-food/christmas-fresh-food/all?count=48&page=,£5.50,£2.20/100g,Any 3 for 2 Clubcard Price - Cheapest Product Free - Selected Chilled Party Foods,,/groceries/en-GB/products/312225977,https://digitalcontent.api.tesco.com/v2/media/ghs/661c45d6-3596-49ae-bebf-87c5659cdb66/89fc57cf-e273-4924-bb2d-8445fd9937a8.jpeg?h=225&w=225,
309179782,Tesco Breaded Cheese Selection 240G,https://www.tesco.com/groceries/en-GB/shop/fresh-food/christmas-fresh-food/all?count=48&page=,£3.50,£1.46/100g,Any 3 for 2 Clubcard Price - Cheapest Product Free - Selected Chilled Party Foods,,/groceries/en-GB/products/309179782,https://digitalcontent.api.tesco.com/v2/media/ghs/f85e5988-7fbb-4308-b86c-acedd93b9533/bd6252d6-5b6e-4405-9ada-33c22e0fe907.jpeg?h=225&w=225,
311945725,Tesco Finest Bubble Tempura Prawns & Dip 190G,https://www.tesco.com/groceries/en-GB/shop/fresh-food/christmas-fresh-food/all?count=48&page=,£5.50,£2.90/100g,Any 3 for 2 Clubcard Price - Cheapest Product Free - Selected Chilled Party Foods,,/groceries/en-GB/products/311945725,https://digitalcontent.api.tesco.com/v2/media/ghs/6bca6336-47a6-4a7e-9bec-5b83cf04861b/35472e8c-ec94-48c6-86ca-2a3febe88f6a.jpeg?h=225&w=225,
306929073,Tesco 8 Cheese & Bacon Loaded Skins 224G,https://www.tesco.com/groceries/en-GB/shop/fresh-food/christmas-fresh-food/all?count=48&page=,£3.50,£1.57/100g,Any 3 for 2 Clubcard Price - Cheapest Product Free - Selected Chilled Party Foods,,/groceries/en-GB/products/306929073,https://digitalcontent.api.tesco.com/v2/media/ghs/805d776d-0d89-4968-9069-e082c12e461b/87e08e58-ae17-40d1-bd6a-3548673beaf3.jpeg?h=225&w=225,
279458492,Tesco 10 Mini Duck Spring Roll With Hoisin Dip 220G,https://www.tesco.com/groceries/en-GB/shop/fresh-food/christmas-fresh-food/all?count=48&page=,£3.50,£1.60/100g,Any 3 for 2 Clubcard Price - Cheapest Product Free - Selected Chilled Party Foods,,/groceries/en-GB/products/279458492,https://digitalcontent.api.tesco.com/v2/media/ghs/f2a5ad73-5ca2-4360-8743-ff997dcd2681/6b6207e1-6efc-4686-ac99-f8c44847590c.jpeg?h=225&w=225,
259529370,Tesco Finest 10 Tempura King Prawns 175G,https://www.tesco.com/groceries/en-GB/shop/fresh-food/christmas-fresh-food/all?count=48&page=,£4.50,£2.58/100g,Any 3 for 2 Clubcard Price - Cheapest Product Free - Selected Chilled Party Foods,,/groceries/en-GB/products/259529370,https://digitalcontent.api.tesco.com/v2/media/ghs/c20deab6-bfe7-4b1d-bb0d-05cf0bd07341/0d61d3ff-e2aa-45a9-b9cb-b86735877ca8.jpeg?h=225&w=225,
312104654,Tesco Nacho Cheese Samosas Chipotle & Lime Salsa 200G,https://www.tesco.com/groceries/en-GB/shop/fresh-food/christmas-fresh-food/all?count=48&page=,£3.50,£1.75/100g,Any 3 for 2 Clubcard Price - Cheapest Product Free - Selected Chilled Party Foods,,/groceries/en-GB/products/312104654,https://digitalcontent.api.tesco.com/v2/media/ghs/27d790a1-3897-46d6-b72e-3c71f9700378/2711ac5a-714a-41da-b07e-7f337dbf6ecd.jpeg?h=225&w=225,
312345316,Tesco 12 Salmon Bites 240G,https://www.tesco.com/groceries/en-GB/shop/fresh-food/christmas-fresh-food/all?count=48&page=,£3.50,£1.46/100g,Any 3 for 2 Clubcard Price - Cheapest Product Free - Selected Chilled Party Foods,,/groceries/en-GB/products/312345316,https://digitalcontent.api.tesco.com/v2/media/ghs/cb7ef2cf-444c-4a01-b043-bbd2bdd68c09/c5310818-ad25-4e6c-987b-a76384846c15.jpeg?h=225&w=225,
312090098,Tesco 8 Bolognese Calzones 200G,https://www.tesco.com/groceries/en-GB/shop/fresh-food/christmas-fresh-food/all?count=48&page=,£3.50,£1.75/100g,Any 3 for 2 Clubcard Price - Cheapest Product Free - Selected Chilled Party Foods,,/groceries/en-GB/products/312090098,https://digitalcontent.api.tesco.com/v2/media/ghs/27388469-df8b-4381-a201-cfd793d34969/a618169a-5044-48ba-8d22-0e6b1884c50d.jpeg?h=225&w=225,
311949738,Tesco 8 Sweet & Soy Chicken Skewers 180G,https://www.tesco.com/groceries/en-GB/shop/fresh-food/christmas-fresh-food/all?count=48&page=,£3.50,£1.95/100g,Any 3 for 2 Clubcard Price - Cheapest Product Free - Selected Chilled Party Foods,,/groceries/en-GB/products/311949738,https://digitalcontent.api.tesco.com/v2/media/ghs/b9ff13de-7cd6-44b5-abf7-990707187f73/3b843ef7-8a08-4c08-94cd-5b1168c9c239.jpeg?h=225&w=225,
312112045,Tesco Finest 10 Breaded Butterfly Prawn Selection 160G,https://www.tesco.com/groceries/en-GB/shop/fresh-food/christmas-fresh-food/all?count=48&page=,£5.50,£3.44/100g,Any 3 for 2 Clubcard Price - Cheapest Product Free - Selected Chilled Party Foods,,/groceries/en-GB/products/312112045,https://digitalcontent.api.tesco.com/v2/media/ghs/5335d60a-93bb-4cac-93a8-07d424aeeb98/5493e9dd-cc7b-4ad4-b702-400dc68ab4e9.jpeg?h=225&w=225,
312104585,Tesco Finest 10 Duck & Hoisin Pancakes,https://www.tesco.com/groceries/en-GB/shop/fresh-food/christmas-fresh-food/all?count=48&page=,£5.50,£3.15/100g,Any 3 for 2 Clubcard Price - Cheapest Product Free - Selected Chilled Party Foods,,/groceries/en-GB/products/312104585,https://digitalcontent.api.tesco.com/v2/media/ghs/d6c5c50e-726c-4b76-b014-b086d37acaa7/f5d088fd-f4ce-4b9e-a05e-1b39624b9317.jpeg?h=225&w=225,
301868709,Tesco Finest 12 Chicken & Chorizo Paella Bites 280G,https://www.tesco.com/groceries/en-GB/shop/fresh-food/christmas-fresh-food/all?count=48&page=,£4.50,£1.61/100g,Any 3 for 2 Clubcard Price - Cheapest Product Free - Selected Chilled Party Foods,,/groceries/en-GB/products/301868709,https://digitalcontent.api.tesco.com/v2/media/ghs/627fa49a-d805-4943-a727-8383b3e19d0e/fb13f6c8-3fed-4d35-8a6d-70f9d0dafad8.jpeg?h=225&w=225,
304415442,Tesco 18 American Inspired Selection 390G,https://www.tesco.com/groceries/en-GB/shop/fresh-food/christmas-fresh-food/all?count=48&page=,£3.50,£0.90/100g,Any 3 for 2 Clubcard Price - Cheapest Product Free - Selected Chilled Party Foods,,/groceries/en-GB/products/304415442,https://digitalcontent.api.tesco.com/v2/media/ghs/8174018e-83ca-403f-9a8c-a9182315a15f/665173d1-dcaa-4994-bfb9-8252423f7e29.jpeg?h=225&w=225,
312343756,Tesco 12 Cod & Chorizo Bites 200G,https://www.tesco.com/groceries/en-GB/shop/fresh-food/christmas-fresh-food/all?count=48&page=,£3.50,£1.75/100g,Any 3 for 2 Clubcard Price - Cheapest Product Free - Selected Chilled Party Foods,,/groceries/en-GB/products/312343756,https://digitalcontent.api.tesco.com/v2/media/ghs/ad369f64-81ed-4dce-baf6-8accebb4dc17/a74010dd-c062-4b23-b5cf-1bc90c654fb1.jpeg?h=225&w=225,
260608828,Tesco Cambozola Blue Brie 175G,https://www.tesco.com/groceries/en-GB/shop/fresh-food/christmas-fresh-food/all?count=48&page=,£2.25,£12.86/kg,,,/groceries/en-GB/products/260608828,https://digitalcontent.api.tesco.com/v2/media/ghs/da58dbb4-d775-41f9-bc63-d903649e072b/72b3b536-723c-4449-9a0b-da9865216728.jpeg?h=225&w=225,
309482756,Tesco Halloumi Fries 200G,https://www.tesco.com/groceries/en-GB/shop/fresh-food/christmas-fresh-food/all?count=48&page=,£3.50,£1.75/100g,Any 3 for 2 Clubcard Price - Cheapest Product Free - Selected Chilled Party Foods,,/groceries/en-GB/products/309482756,https://digitalcontent.api.tesco.com/v2/media/ghs/0d31031c-fcad-41c8-bbab-b08d56973d77/4f7e94e2-7a03-4f27-b577-816718f038b9.jpeg?h=225&w=225,
304783892,Carnation Extra Thick Cream 170G,https://www.tesco.com/groceries/en-GB/shop/fresh-food/christmas-fresh-food/all?count=48&page=,£1.00,£5.89/kg,,,/groceries/en-GB/products/304783892,https://digitalcontent.api.tesco.com/v2/media/ghs/5f84d2bc-cae3-42dd-bc7e-6e55355ff64a/2348ddde-f7a6-427d-b2e4-77fd4df87332_2084008220.jpeg?h=225&w=225,
312108483,Tesco Finest 12 Chorizo Pigs In Blankets 252G,https://www.tesco.com/groceries/en-GB/shop/fresh-food/christmas-fresh-food/all?count=48&page=,£4.50,£1.79/100g,Any 3 for 2 Clubcard Price - Cheapest Product Free - Selected Chilled Party Foods,,/groceries/en-GB/products/312108483,https://digitalcontent.api.tesco.com/v2/media/ghs/4e478de9-1c4f-41cc-83fe-3274ab371608/2b64f3d6-637b-424e-9c30-47ee6e39ea44.jpeg?h=225&w=225,
302318376,Tesco Finest 10 Prawn Roses 180G,https://www.tesco.com/groceries/en-GB/shop/fresh-food/christmas-fresh-food/all?count=48&page=,£4.50,£2.50/100g,Any 3 for 2 Clubcard Price - Cheapest Product Free - Selected Chilled Party Foods,,/groceries/en-GB/products/302318376,https://digitalcontent.api.tesco.com/v2/media/ghs/31b69101-c95c-4e3f-a8db-fca5031e6590/32cde875-e303-4567-92f3-4f51db5f2a3c.jpeg?h=225&w=225,
312351844,Tesco Finest Teriyaki Pork Belly Bites 280G,https://www.tesco.com/groceries/en-GB/shop/fresh-food/christmas-fresh-food/all?count=48&page=,£5.50,£1.97/100g,Any 3 for 2 Clubcard Price - Cheapest Product Free - Selected Chilled Party Foods,,/groceries/en-GB/products/312351844,https://digitalcontent.api.tesco.com/v2/media/ghs/cfd38a95-73ad-4c20-9a4f-573bf19eecc5/cf5b3f8a-c8eb-4c00-be88-269b2ca8eea5.jpeg?h=225&w=225,
306937649,Tesco Finest 8 Mini Fisherman's Pie 160G,https://www.tesco.com/groceries/en-GB/shop/fresh-food/christmas-fresh-food/all?count=48&page=,£4.50,£2.82/100g,Any 3 for 2 Clubcard Price - Cheapest Product Free - Selected Chilled Party Foods,,/groceries/en-GB/products/306937649,https://digitalcontent.api.tesco.com/v2/media/ghs/4fd9ebdd-c13a-4cd5-ad2a-1a29fb74efb8/5ae43d77-4d9c-46ae-9a32-f96a52aee028.jpeg?h=225&w=225,
311958508,Tesco Finest 6 Whole Prawn & Sesame Toasts 180G,https://www.tesco.com/groceries/en-GB/shop/fresh-food/christmas-fresh-food/all?count=48&page=,£4.50,£2.50/100g,Any 3 for 2 Clubcard Price - Cheapest Product Free - Selected Chilled Party Foods,,/groceries/en-GB/products/311958508,https://digitalcontent.api.tesco.com/v2/media/ghs/a1aa2946-1c59-4a4b-80aa-52b920e2bd9e/e027027f-ad88-4e8a-b74e-2cbb4784544c.jpeg?h=225&w=225,
310102089,Tesco Finest 12 Mini Beef Yorkshire Puddings 140G,https://www.tesco.com/groceries/en-GB/shop/fresh-food/christmas-fresh-food/all?count=48&page=,£4.50,£3.22/100g,Any 3 for 2 Clubcard Price - Cheapest Product Free - Selected Chilled Party Foods,,/groceries/en-GB/products/310102089,https://digitalcontent.api.tesco.com/v2/media/ghs/7f38bc09-82d4-4c5c-a213-15a15fa08ca1/67923df8-2841-4639-8895-ccb8cb48338f.jpeg?h=225&w=225,
301576939,Tesco 18 Indian Inspired Selection 400G,https://www.tesco.com/groceries/en-GB/shop/fresh-food/christmas-fresh-food/all?count=48&page=,£3.50,£8.75/kg,Any 3 for 2 Clubcard Price - Cheapest Product Free - Selected Chilled Party Foods,,/groceries/en-GB/products/301576939,https://digitalcontent.api.tesco.com/v2/media/ghs/d0741f70-35ae-447b-8ad5-007201e0231f/3f580327-ee74-4e47-905c-623aaf9b7f58.jpeg?h=225&w=225,
309745043,Tesco Finest Baking Brie 600G,https://www.tesco.com/groceries/en-GB/shop/fresh-food/christmas-fresh-food/all?count=48&page=,£6.50,£10.84/kg,,New,/groceries/en-GB/products/309745043,https://digitalcontent.api.tesco.com/v2/media/ghs/b5825b78-97bb-4bb6-97ea-b3cab6e2b9e9/2a4e826a-625a-4e25-ba8c-73206c4982ec_1366154007.jpeg?h=225&w=225,
309768085,"Tesco Finest Vintage Ched, Mozzarella & Chorizo Bake 300G",https://www.tesco.com/groceries/en-GB/shop/fresh-food/christmas-fresh-food/all?count=48&page=,£6.00,£20.00/kg,,New,/groceries/en-GB/products/309768085,https://digitalcontent.api.tesco.com/v2/media/ghs/69302656-1569-46fb-af1b-1cc120532639/073c4b84-94c3-4cda-9931-2d9e5351779c_422280077.jpeg?h=225&w=225,
256176111,Tesco Family Cheese Selection 400G,https://www.tesco.com/groceries/en-GB/shop/fresh-food/christmas-fresh-food/all?count=48&page=,£4.50,£11.25/kg,,New,/groceries/en-GB/products/256176111,https://digitalcontent.api.tesco.com/v2/media/ghs/bb8f30a8-8517-429f-b6d1-28ebb6911c0c/9d12c1c8-3498-4616-895c-2db1d9c1ff5a_879186225.jpeg?h=225&w=225,
310189642,Appeteasers Provence Mix 100G,https://www.tesco.com/groceries/en-GB/shop/fresh-food/christmas-fresh-food/all?count=48&page=,£1.75,£17.50/kg,,New,/groceries/en-GB/products/310189642,https://digitalcontent.api.tesco.com/v2/media/ghs/afe5073e-84d8-4a3c-8b0d-ba79ad7f4920/52a9a0a1-5065-43d6-8f70-4dc25467db7f_232957372.jpeg?h=225&w=225,
298262014,Tesco Cheese Board Selection 380G,https://www.tesco.com/groceries/en-GB/shop/fresh-food/christmas-fresh-food/all?count=48&page=,£5.00,£13.16/kg,,New,/groceries/en-GB/products/298262014,https://digitalcontent.api.tesco.com/v2/media/ghs/f34c2598-0e83-4726-911d-9b571a990e9d/6abf26f6-85d7-45da-b8a1-1565bc9700dc_1011775684.jpeg?h=225&w=225,
292278011,Tesco Finest Ardennes With Wild Mushroom Jelly Pate 170G,https://www.tesco.com/groceries/en-GB/shop/fresh-food/christmas-fresh-food/all?count=48&page=,£2.50,£1.48/100g,,,/groceries/en-GB/products/292278011,https://digitalcontent.api.tesco.com/v2/media/ghs/f2d39191-2bfa-4746-b856-6248893692f9/f8ed39ce-bdfa-4df3-8365-f27b44161b70_175807045.jpeg?h=225&w=225,
309756721,Tesco Finest Coastal Bite With Truffle 200G,https://www.tesco.com/groceries/en-GB/shop/fresh-food/christmas-fresh-food/all?count=48&page=,£2.75,£13.75/kg,,New,/groceries/en-GB/products/309756721,https://digitalcontent.api.tesco.com/v2/media/ghs/d8305fc1-d276-4dec-963f-bfb8346b948a/2faac973-02ae-430f-ae12-1b8b322488a3_1840732827.jpeg?h=225&w=225,
294142088,Tesco Blue Stilton Jar 225G,https://www.tesco.com/groceries/en-GB/shop/fresh-food/christmas-fresh-food/all?count=48&page=,£4.00,£17.78/kg,,New,/groceries/en-GB/products/294142088,https://digitalcontent.api.tesco.com/v2/media/ghs/f5d1ff01-7339-4551-a156-a16567e93010/snapshotimagehandler_987112396.jpeg?h=225&w=225,
257372401,Tesco Finest Ossau Iraty 180G,https://www.tesco.com/groceries/en-GB/shop/fresh-food/christmas-fresh-food/all?count=48&page=,£3.50,£19.45/kg,,,/groceries/en-GB/products/257372401,https://digitalcontent.api.tesco.com/v2/media/ghs/11fc0472-5655-401b-a5fe-0acb58c055e5/10f16fb9-8599-4586-ad80-13bbfa83c364.jpeg?h=225&w=225,
302316159,Tesco Baking Camembert Cheese 250G,https://www.tesco.com/groceries/en-GB/shop/fresh-food/christmas-fresh-food/all?count=48&page=,£2.75,£11.00/kg,,New,/groceries/en-GB/products/302316159,https://digitalcontent.api.tesco.com/v2/media/ghs/dae9a750-a0d7-4362-9c8e-94b9490b5cfa/9a82ed43-a476-4045-84c8-f772204c14e4_1894341686.jpeg?h=225&w=225,
310140291,Tesco Festive Cheese Parcel 204G,https://www.tesco.com/groceries/en-GB/shop/fresh-food/christmas-fresh-food/all?count=48&page=,£3.50,£17.16/kg,,New,/groceries/en-GB/products/310140291,https://digitalcontent.api.tesco.com/v2/media/ghs/dac440e5-d892-4e65-82f8-8b15c754e255/8581d0fe-e6bf-4b6b-972d-2050adbf05de_409336905.jpeg?h=225&w=225,
309454744,Tesco Finest 12 Truffle Mac & Cheese Bites 240G,https://www.tesco.com/groceries/en-GB/shop/fresh-food/christmas-fresh-food/all?count=48&page=,£4.50,£1.88/100g,Any 3 for 2 Clubcard Price - Cheapest Product Free - Selected Chilled Party Foods,,/groceries/en-GB/products/309454744,https://digitalcontent.api.tesco.com/v2/media/ghs/f4867d70-a5bb-4b77-af50-e6fe25a14a76/a7093311-999c-439f-af28-8f9cf689299d.jpeg?h=225&w=225,
311674999,President Uht Spray Cream 250G,https://www.tesco.com/groceries/en-GB/shop/fresh-food/christmas-fresh-food/all?count=48&page=,£2.10,£0.84/100g,,,/groceries/en-GB/products/311674999,https://digitalcontent.api.tesco.com/v2/media/ghs/54f39357-ea5f-42d8-8d5c-136c9e1e5697/27acd9c5-032d-44f9-9f0e-61500c463a5e_2070314377.jpeg?h=225&w=225,
310125655,Tesco Finest Comte Aop 180G,https://www.tesco.com/groceries/en-GB/shop/fresh-food/christmas-fresh-food/all?count=48&page=,£3.50,£19.45/kg,,,/groceries/en-GB/products/310125655,https://digitalcontent.api.tesco.com/v2/media/ghs/f0da70a7-343c-4714-8a7e-af7207389b62/a2437bd3-9bc7-412f-bf40-277b98b8f7d2_172176557.jpeg?h=225&w=225,
312586825,Tesco Finest Beef Dripping Roast Potatoes 800G,https://www.tesco.com/groceries/en-GB/shop/fresh-food/christmas-fresh-food/all?count=48&page=,£3.00,£3.75/kg,Any 3 for 2 Clubcard Price - Cheapest Product Free - Selected Vegetables 80g - 800g,,/groceries/en-GB/products/312586825,https://digitalcontent.api.tesco.com/v2/media/ghs/efd3fd4b-58f9-4984-9bff-2a7095eeeebe/78289ee1-81e9-4a1a-9c7e-535e6a194b6c.jpeg?h=225&w=225,
304382433,Tesco Baking Camembert With Balsamic Glaze 290G,https://www.tesco.com/groceries/en-GB/shop/fresh-food/christmas-fresh-food/all?count=48&page=,£2.75,£9.49/kg,,New,/groceries/en-GB/products/304382433,https://digitalcontent.api.tesco.com/v2/media/ghs/b6c85e96-65ce-43b0-8f2d-a311003531f8/004cf723-f5f2-4c75-a41b-638477268b15_995009119.jpeg?h=225&w=225,
310141946,Tesco Finest Stratford Blue & Pear Conserve 150G,https://www.tesco.com/groceries/en-GB/shop/fresh-food/christmas-fresh-food/all?count=48&page=,£3.00,£20.00/kg,,New,/groceries/en-GB/products/310141946,https://digitalcontent.api.tesco.com/v2/media/ghs/0b35db35-d277-410f-8b94-0ec1e0f54e34/5e783dbe-6d9c-4b10-b7be-e670341f869f_1122980958.jpeg?h=225&w=225,
306935029,Tesco French Brie 470G,https://www.tesco.com/groceries/en-GB/shop/fresh-food/christmas-fresh-food/all?count=48&page=,£3.00,£6.39/kg,,New,/groceries/en-GB/products/306935029,https://digitalcontent.api.tesco.com/v2/media/ghs/b4298ef5-3272-475f-8dd2-3d251e8a9f1a/80fe6235-143f-405d-bfe7-74862eea8119_316939670.jpeg?h=225&w=225,
312083988,Tesco Finest Extra Thick Vanilla Cream 250Ml,https://www.tesco.com/groceries/en-GB/shop/fresh-food/christmas-fresh-food/all?count=48&page=,£2.50,£1.00/100ml,,New,/groceries/en-GB/products/312083988,https://digitalcontent.api.tesco.com/v2/media/ghs/dd2a5417-317b-4c77-b1c3-feab6840aa75/4cc0e14c-f723-44ac-a6d9-046742084569_545635536.jpeg?h=225&w=225,
309188159,Tesco 10 Green Jalapeno Peppers 200G,https://www.tesco.com/groceries/en-GB/shop/fresh-food/christmas-fresh-food/all?count=48&page=,£3.50,£1.75/100g,Any 3 for 2 Clubcard Price - Cheapest Product Free - Selected Chilled Party Foods,,/groceries/en-GB/products/309188159,https://digitalcontent.api.tesco.com/v2/media/ghs/ebba0341-f647-4d62-b405-23a0aa026dbd/1b5804e1-bed4-4ae0-838a-84bb7b523d09.jpeg?h=225&w=225,
312711315,The Coconut Collaborative Plant-Based Brandy Cream 220Ml,https://www.tesco.com/groceries/en-GB/shop/fresh-food/christmas-fresh-food/all?count=48&page=,£1.75,£0.80/100ml,,New,/groceries/en-GB/products/312711315,https://digitalcontent.api.tesco.com/v2/media/ghs/534f8e6b-f28d-415b-9afb-7dfc3411668a/bb3c7754-853b-499b-a505-2b7e3308692e_348497186.jpeg?h=225&w=225,
310106816,Tesco Finest British Roasting Potatoes 3Kg,https://www.tesco.com/groceries/en-GB/shop/fresh-food/christmas-fresh-food/all?count=48&page=,£2.50,£0.83/kg,,New,/groceries/en-GB/products/310106816,https://digitalcontent.api.tesco.com/v2/media/ghs/7cd361f2-b187-4cd7-a84e-ebc1d387632d/106847e8-96c5-46f4-a4c0-97bd729fbf3d.jpeg?h=225&w=225,
310117509,Tesco Finest Smoked Baking Brie 150G,https://www.tesco.com/groceries/en-GB/shop/fresh-food/christmas-fresh-food/all?count=48&page=,£3.50,£23.34/kg,,New,/groceries/en-GB/products/310117509,https://digitalcontent.api.tesco.com/v2/media/ghs/80095c40-5301-42c6-a8e4-2b0cd8f50607/fd55a087-033d-49ac-99b5-c45ced03cbf7_289485530.jpeg?h=225&w=225,
304409830,Tesco Finest Cheese & Port Giftset,https://www.tesco.com/groceries/en-GB/shop/fresh-food/christmas-fresh-food/all?count=48&page=,£12.00,£12.00/each,,New,/groceries/en-GB/products/304409830,https://digitalcontent.api.tesco.com/v2/media/ghs/e1390b09-2bc2-49f7-9cc3-157bc5fd0640/103733d7-bb2c-442b-9f6f-003085085a40_1166059566.jpeg?h=225&w=225,
311940483,Tesco Finest Cavolo Nero & Garden Peas 210G,https://www.tesco.com/groceries/en-GB/shop/fresh-food/christmas-fresh-food/all?count=48&page=,£2.60,£12.39/kg,Any 3 for 2 Clubcard Price - Cheapest Product Free - Selected Vegetables 80g - 800g,,/groceries/en-GB/products/311940483,https://digitalcontent.api.tesco.com/v2/media/ghs/583eb46b-249d-4b96-b811-c1f3dab787df/d4f04d80-8283-40cf-8002-203166753e25.jpeg?h=225&w=225,
309475500,Tesco Rainbow Carrots & Parsnips 600G,https://www.tesco.com/groceries/en-GB/shop/fresh-food/christmas-fresh-food/all?count=48&page=,£3.00,£5.00/kg,Any 3 for 2 Clubcard Price - Cheapest Product Free - Selected Vegetables 80g - 800g,,/groceries/en-GB/products/309475500,https://digitalcontent.api.tesco.com/v2/media/ghs/b7cf7fbc-7ed2-4c34-9bbf-eecf6fc47e2e/e1ed24aa-a72f-4ea3-9dd5-0712f40034aa.jpeg?h=225&w=225,
310185076,Tesco Finest Stratford Blue Cheese 150G,https://www.tesco.com/groceries/en-GB/shop/fresh-food/christmas-fresh-food/all?count=48&page=,£2.75,£18.34/kg,,,/groceries/en-GB/products/310185076,https://digitalcontent.api.tesco.com/v2/media/ghs/90da43f9-6996-4912-a47e-780c02eca64a/91d31a67-53a9-4159-bf18-4dee085b8027_1205521471.jpeg?h=225&w=225,
284449530,Tesco Finest 8 Potato Wrapped King Prawns 200G,https://www.tesco.com/groceries/en-GB/shop/fresh-food/christmas-fresh-food/all?count=48&page=,£5.50,£2.75/100g,Any 3 for 2 Clubcard Price - Cheapest Product Free - Selected Chilled Party Foods,,/groceries/en-GB/products/284449530,https://digitalcontent.api.tesco.com/v2/media/ghs/001512e6-8500-419b-bcb0-58c93625cc37/2908cf32-0ad6-4acc-a90f-4b68216b790d.jpeg?h=225&w=225,
309497899,Tesco Nacho Chicken Chunks 300G,https://www.tesco.com/groceries/en-GB/shop/fresh-food/christmas-fresh-food/all?count=48&page=,£3.50,£1.17/100g,Any 3 for 2 Clubcard Price - Cheapest Product Free - Selected Chilled Party Foods,,/groceries/en-GB/products/309497899,https://digitalcontent.api.tesco.com/v2/media/ghs/dcaeba68-8660-41f5-99e0-55f6ff788d84/ac7512b0-fe28-4246-825e-190f8c010510.jpeg?h=225&w=225,
309743932,Tesco Cauliflower Florets 240G,https://www.tesco.com/groceries/en-GB/shop/fresh-food/christmas-fresh-food/all?count=48&page=,£1.50,£6.25/kg,Any 3 for 2 Clubcard Price - Cheapest Product Free - Selected Vegetables 80g - 800g,,/groceries/en-GB/products/309743932,https://digitalcontent.api.tesco.com/v2/media/ghs/7b4a83ab-b4f8-4296-8acb-eede313561f3/a29260bd-cc36-4f5f-97d6-e8555a33d5f9.jpeg?h=225&w=225,
306814829,Tesco 10 Mini Burgers & Hot Dogs 225G,https://www.tesco.com/groceries/en-GB/shop/fresh-food/christmas-fresh-food/all?count=48&page=,£5.50,£2.45/100g,Any 3 for 2 Clubcard Price - Cheapest Product Free - Selected Chilled Party Foods,,/groceries/en-GB/products/306814829,https://digitalcontent.api.tesco.com/v2/media/ghs/0ed178c4-589e-4506-8325-a831b21244b8/dddc8f7e-7802-4e65-8419-205e7803199c.jpeg?h=225&w=225,
306950870,Tesco Finest 8 Chicken Tikka Samosas 230G,https://www.tesco.com/groceries/en-GB/shop/fresh-food/christmas-fresh-food/all?count=48&page=,£5.50,£2.40/100g,Any 3 for 2 Clubcard Price - Cheapest Product Free - Selected Chilled Party Foods,,/groceries/en-GB/products/306950870,https://digitalcontent.api.tesco.com/v2/media/ghs/b53c4008-ae7f-48d1-807d-a03e6189eb4a/99d3c2c4-5c7e-49ec-a0ee-c25ef9c3dc34.jpeg?h=225&w=225,
290050266,Tesco Blue Stilton 454G,https://www.tesco.com/groceries/en-GB/shop/fresh-food/christmas-fresh-food/all?count=48&page=,£3.50,£7.71/kg,,New,/groceries/en-GB/products/290050266,https://digitalcontent.api.tesco.com/v2/media/ghs/6e3f1cbc-f91c-4148-958e-041a7bc0ee7f/810dea4d-1a87-4f71-a676-d442c40c5352_538137101.jpeg?h=225&w=225,
292277594,Tesco Pork & Garlic Brussels Pate 200G,https://www.tesco.com/groceries/en-GB/shop/fresh-food/christmas-fresh-food/all?count=48&page=,£1.10,£0.55/100g,,,/groceries/en-GB/products/292277594,https://digitalcontent.api.tesco.com/v2/media/ghs/bfa5c99d-ee34-45fe-b8e3-43e5b49c6751/d74fd21d-41f3-45f9-a7a7-098c254fba58.jpeg?h=225&w=225,
309757419,Tesco Wensleydale Chocolate & Orange Truckle 100G,https://www.tesco.com/groceries/en-GB/shop/fresh-food/christmas-fresh-food/all?count=48&page=,£1.00,£10.00/kg,,New,/groceries/en-GB/products/309757419,https://digitalcontent.api.tesco.com/v2/media/ghs/51cc0aa6-d1f7-49d0-b7cf-816ec0242243/01a79f17-61ad-41bd-932a-9939c3a10ca6_123277440.jpeg?h=225&w=225,
292277571,Tesco Ardennes & Smoked Bacon Pate 200G,https://www.tesco.com/groceries/en-GB/shop/fresh-food/christmas-fresh-food/all?count=48&page=,£1.10,£0.55/100g,,,/groceries/en-GB/products/292277571,https://digitalcontent.api.tesco.com/v2/media/ghs/4a1950de-25d5-4ce7-ad56-2eeb00f2733d/c73b4632-bdd9-4cdb-9b5d-ed44a7f4c12a.jpeg?h=225&w=225,
304387543,Tesco Smoky Cheddar Truckle 100G,https://www.tesco.com/groceries/en-GB/shop/fresh-food/christmas-fresh-food/all?count=48&page=,£1.00,£10.00/kg,,New,/groceries/en-GB/products/304387543,https://digitalcontent.api.tesco.com/v2/media/ghs/b625f1e6-bfe4-4fbf-af62-c87e346a61ff/006ab118-5065-4011-839c-8691ad4ae893_1414294019.jpeg?h=225&w=225,
304417895,"Tesco Gloucester Chive, Onion Truckle 100G",https://www.tesco.com/groceries/en-GB/shop/fresh-food/christmas-fresh-food/all?count=48&page=,£1.00,£10.00/kg,,New,/groceries/en-GB/products/304417895,https://digitalcontent.api.tesco.com/v2/media/ghs/fc976811-b79e-4d9d-87dd-197cf3c49046/cdcb91f6-943c-451d-ab1e-59b4a7a0205b_1170407845.jpeg?h=225&w=225,
301637316,Tesco 10 Tail On Breaded King Prawns 130G,https://www.tesco.com/groceries/en-GB/shop/fresh-food/christmas-fresh-food/all?count=48&page=,£3.50,£2.70/100g,Any 3 for 2 Clubcard Price - Cheapest Product Free - Selected Chilled Party Foods,,/groceries/en-GB/products/301637316,https://digitalcontent.api.tesco.com/v2/media/ghs/19ac3967-5f8a-405a-b9cf-6febd160f1d7/79b348d8-29b4-4f34-b2a4-de4372cb221f.jpeg?h=225&w=225,
292277611,Tesco Chicken Liver Pate 200G,https://www.tesco.com/groceries/en-GB/shop/fresh-food/christmas-fresh-food/all?count=48&page=,£1.10,£0.55/100g,,,/groceries/en-GB/products/292277611,https://digitalcontent.api.tesco.com/v2/media/ghs/741ac042-b4df-4c4d-b043-041b8259149a/18006a7e-f5cf-477e-911b-6689bd7e31c4.jpeg?h=225&w=225,
293795572,Tesco Finest 8 Crispy Katsu Chicken Curry Spring Rolls 270G,https://www.tesco.com/groceries/en-GB/shop/fresh-food/christmas-fresh-food/all?count=48&page=,£5.50,£20.38/kg,Any 3 for 2 Clubcard Price - Cheapest Product Free - Selected Chilled Party Foods,,/groceries/en-GB/products/293795572,https://digitalcontent.api.tesco.com/v2/media/ghs/1fc7746f-3c85-48ad-b11f-94184baea77d/snapshotimagehandler_2059844104.jpeg?h=225&w=225,
309757121,Tesco Finest Celebration Cheese Tower Serves approx 30,https://www.tesco.com/groceries/en-GB/shop/fresh-food/christmas-fresh-food/all?count=48&page=,£35.00,£12.87/kg,,,/groceries/en-GB/products/309757121,https://digitalcontent.api.tesco.com/v2/media/ghs/041aca1d-b934-4de3-96dc-adc1348650d4/9e70e124-e883-48e4-84d5-9dc4aaea4021.jpeg?h=225&w=225,
307355064,Tesco Finest Spanish Serrano Ham Serves 40,https://www.tesco.com/groceries/en-GB/shop/fresh-food/christmas-fresh-food/all?count=48&page=,£30.00,£15.00/kg,,,/groceries/en-GB/products/307355064,https://digitalcontent.api.tesco.com/v2/media/ghs/0f65c28c-ada3-410c-9d28-e1f78865fd22/9671533b-a94c-44a0-a81d-a0bbb7b1f5ca.jpeg?h=225&w=225,
309784899,Tesco Finest Mulled Cherry Ham Joint Serves 17,https://www.tesco.com/groceries/en-GB/shop/fresh-food/christmas-fresh-food/all?count=48&page=,£22.50,£1.88/100g,,,/groceries/en-GB/products/309784899,https://digitalcontent.api.tesco.com/v2/media/ghs/298e5ecc-7fa5-45ba-8f17-0e44bb6c1c3e/4e2dd0b3-2c9b-4931-a41c-4d9fc6f57dd3.jpeg?h=225&w=225,
309743546,Tesco Finest Cheese Selection with Crackers & Chutney Serves approx 10,https://www.tesco.com/groceries/en-GB/shop/fresh-food/christmas-fresh-food/all?count=48&page=,£22.00,£22.00/each,,,/groceries/en-GB/products/309743546,https://digitalcontent.api.tesco.com/v2/media/ghs/435927ad-fb2f-4636-bd70-c29441cea642/ba138611-462c-46f6-ae76-bc3dbcd88312.jpeg?h=225&w=225,
312715518,Tesco Finest Continental Platter Serves approx 7,https://www.tesco.com/groceries/en-GB/shop/fresh-food/christmas-fresh-food/all?count=48&page=,£18.00,£2.73/100g,,,/groceries/en-GB/products/312715518,https://digitalcontent.api.tesco.com/v2/media/ghs/c5c62c4a-1799-4cab-a5ed-a0b1521c2ecb/16c90198-c0d8-4462-8ff5-16ae4598f2c0.jpeg?h=225&w=225,
302065553,Tesco Prepared Vegetable Selection Serves 4,https://www.tesco.com/groceries/en-GB/shop/fresh-food/christmas-fresh-food/all?count=48&page=,£13.00,£4.82/kg,,,/groceries/en-GB/products/302065553,https://digitalcontent.api.tesco.com/v2/media/ghs/a2d5f53c-91b0-4d59-b60b-791867bc6b9a/9ee032ab-ffea-4557-aec6-f2af362ada77.jpeg?h=225&w=225,
304387347,Tesco Finest Cheese Bakes Serves 10,https://www.tesco.com/groceries/en-GB/shop/fresh-food/christmas-fresh-food/all?count=48&page=,£13.00,£2.17/100g,,,/groceries/en-GB/products/304387347,https://digitalcontent.api.tesco.com/v2/media/ghs/73a6ab1d-8cf6-441b-8bf4-e64fd7aa2d43/912a6bcb-b08b-4fa0-9adb-0a565f031db5.jpeg?h=225&w=225,
302056570,Tesco Finest Blue Stilton Serves approx 10,https://www.tesco.com/groceries/en-GB/shop/fresh-food/christmas-fresh-food/all?count=48&page=,£13.00,£13.00/kg,,,/groceries/en-GB/products/302056570,https://digitalcontent.api.tesco.com/v2/media/ghs/344d1cc3-fc48-4267-a10c-ab433912cc73/e81f6f29-7a91-469b-b2cf-9acd86f8897e.jpeg?h=225&w=225,
309474259,Tesco Finest Spiced Butternut Squash & Feta Filo Bake Serves 4,https://www.tesco.com/groceries/en-GB/shop/fresh-food/christmas-fresh-food/all?count=48&page=,£11.00,£1.38/100g,,,/groceries/en-GB/products/309474259,https://digitalcontent.api.tesco.com/v2/media/ghs/dda99b8d-b07c-4913-8a0a-2169796b4ce4/de73ba1c-ee98-4db1-87ae-39fb618735b2.jpeg?h=225&w=225,
293943933,Tesco Finest Four Brie & Cranberry Parcels Serves 4,https://www.tesco.com/groceries/en-GB/shop/fresh-food/christmas-fresh-food/all?count=48&page=,£11.00,£1.38/100g,,,/groceries/en-GB/products/293943933,https://digitalcontent.api.tesco.com/v2/media/ghs/70a35216-1b4c-4a3d-81da-c4218fc10b91/f05051ef-6266-42d5-93b5-addea283abab.jpeg?h=225&w=225,
293943910,Tesco Finest Four Mushroom & Spinach Vol-au-Vents Serves 4,https://www.tesco.com/groceries/en-GB/shop/fresh-food/christmas-fresh-food/all?count=48&page=,£11.00,£1.38/100g,,,/groceries/en-GB/products/293943910,https://digitalcontent.api.tesco.com/v2/media/ghs/a6b66894-80c5-4718-aaa3-872552c1a628/c841893c-e30b-4164-88e1-b223921b5c20.jpeg?h=225&w=225,
312227848,"Tesco Finest Cranberry Topped Pork, Turkey & Stuffing Pie Serves 12",https://www.tesco.com/groceries/en-GB/shop/fresh-food/christmas-fresh-food/all?count=48&page=,£16.50,£1.27/100g,,,/groceries/en-GB/products/312227848,https://digitalcontent.api.tesco.com/v2/media/ghs/37091ec0-9f62-4be5-bc15-746da58140d3/d24def2a-afa3-4465-8962-6bd7519f6574.jpeg?h=225&w=225,
312574085,Tesco Finest Meat & Fish Pate Selection Serves 9,https://www.tesco.com/groceries/en-GB/shop/fresh-food/christmas-fresh-food/all?count=48&page=,£10.00,£2.67/100g,,,/groceries/en-GB/products/312574085,https://digitalcontent.api.tesco.com/v2/media/ghs/81a038e7-3b01-4d37-b939-35644a53bc09/da25ab0b-a4c1-418d-bf95-631eafe1b26e.jpeg?h=225&w=225,
302063457,Tesco Finest Stuffed Half Butternut Squash Serves 4,https://www.tesco.com/groceries/en-GB/shop/fresh-food/christmas-fresh-food/all?count=48&page=,£10.00,£1.54/100g,,,/groceries/en-GB/products/302063457,https://digitalcontent.api.tesco.com/v2/media/ghs/f2c4dd9b-6490-45f3-be88-724731e9fc36/e9327c6c-2c4c-4a1a-bcc3-8c568b06794b.jpeg?h=225&w=225,
304412105,Tesco Mediterranean Inspired Sharing Platter Serves 10,https://www.tesco.com/groceries/en-GB/shop/fresh-food/christmas-fresh-food/all?count=48&page=,£8.50,£1.47/100g,,,/groceries/en-GB/products/304412105,https://digitalcontent.api.tesco.com/v2/media/ghs/455f3a36-2698-48d8-acac-d3d717df51ed/8fd4eaf4-3107-40e3-8d1d-ac7c4b374008.jpeg?h=225&w=225,
310130412,Tesco Pork Cranberry & Stuffing Candy Cane Sausage Roll Serves 8,https://www.tesco.com/groceries/en-GB/shop/fresh-food/christmas-fresh-food/all?count=48&page=,£10.00,£1.54/100g,,,/groceries/en-GB/products/310130412,https://digitalcontent.api.tesco.com/v2/media/ghs/5d4ab244-3fde-470a-bb73-f6fc4710746f/345833fe-0bed-46b2-b102-24ab4b08d7e0.jpeg?h=225&w=225,
312844667,Tesco Finest Luxurious Cheese Selection 525G,https://www.tesco.com/groceries/en-GB/shop/fresh-food/christmas-fresh-food/all?count=48&page=,£12.00,£22.86/kg,,New,/groceries/en-GB/products/312844667,https://digitalcontent.api.tesco.com/v2/media/ghs/9689dcf7-86d5-450e-94ae-ba3dbbaee627/d837e2c4-e90c-48c7-97ef-e02dfa38a781.jpeg?h=225&w=225,
294203149,Tesco Ready to Cook Fresh Vegetable Selection Serves 6,https://www.tesco.com/groceries/en-GB/shop/fresh-food/christmas-fresh-food/all?count=48&page=,£8.50,£0.27/100g,,,/groceries/en-GB/products/294203149,https://digitalcontent.api.tesco.com/v2/media/ghs/e8ca34bf-69b0-4085-b7c9-910aedb287dd/9a1a78b5-3f1d-4425-b77c-befb1fc1bcd8.jpeg?h=225&w=225,
310121567,Plant Chef Roasted Vegetable Puff Pastry Crown with Cranberry Dip Serves 10,https://www.tesco.com/groceries/en-GB/shop/fresh-food/christmas-fresh-food/all?count=48&page=,£9.50,£1.83/100g,,,/groceries/en-GB/products/310121567,https://digitalcontent.api.tesco.com/v2/media/ghs/f7cb5c80-ee74-4a9c-b244-24d27e70b3cb/c94fe1b2-bb1d-4894-9fb7-d5993b2af86b.jpeg?h=225&w=225,
309751749,Tesco Finest Three Cheese Cauliflower Gratin Serves 6,https://www.tesco.com/groceries/en-GB/shop/fresh-food/christmas-fresh-food/all?count=48&page=,£6.50,£0.79/100g,,,/groceries/en-GB/products/309751749,https://digitalcontent.api.tesco.com/v2/media/ghs/ec5de486-dfa2-4481-adde-064d0e70175b/5d98fc82-289c-49f0-ade0-ab49049b2475.jpeg?h=225&w=225,
312583229,Violife Plant-Based Celebration Cheese Platter 400G,https://www.tesco.com/groceries/en-GB/shop/fresh-food/christmas-fresh-food/all?count=48&page=,£6.00,£15.00/kg,,New,/groceries/en-GB/products/312583229,https://digitalcontent.api.tesco.com/v2/media/ghs/a695d440-aa1e-421d-a57e-1494c5759f05/ea58e1d1-dbc1-40ec-bbd1-f0a9c89f738a_1480607758.jpeg?h=225&w=225,
309786685,Tesco Chocolate Yule Log Serves 10,https://www.tesco.com/groceries/en-GB/shop/fresh-food/christmas-fresh-food/all?count=48&page=,£7.00,£0.97/100g,,,/groceries/en-GB/products/309786685,https://digitalcontent.api.tesco.com/v2/media/ghs/793bdf81-0b8a-4483-a056-358242d3bbcb/cd8105a5-7ed0-4f00-b8ac-c4827a4ef945.jpeg?h=225&w=225,
250046269,Tesco Finest Gouda 180G,https://www.tesco.com/groceries/en-GB/shop/fresh-food/christmas-fresh-food/all?count=48&page=,£3.75,£20.84/kg,,,/groceries/en-GB/products/250046269,https://digitalcontent.api.tesco.com/v2/media/ghs-mktg/b0b04216-fa73-466d-a9d7-c9fcfa1ce9b3/no-image.jpeg,
312580296,Wicked Kitchen Wicked Wellington Serves 4,https://www.tesco.com/groceries/en-GB/shop/fresh-food/christmas-fresh-food/all?count=48&page=,£5.00,£10.31/kg,,,/groceries/en-GB/products/312580296,https://digitalcontent.api.tesco.com/v2/media/ghs/de885a09-8a7d-4d07-b517-d2435a7ecd29/4dc5cd38-a14a-41a8-afbe-a4374bc48d6c.jpeg?h=225&w=225,
309790725,Wicked Kitchen No-Turkey Roast Crown Serves 4,https://www.tesco.com/groceries/en-GB/shop/fresh-food/christmas-fresh-food/all?count=48&page=,£5.00,£8.93/kg,,,/groceries/en-GB/products/309790725,https://digitalcontent.api.tesco.com/v2/media/ghs/f92b3fee-5984-4ba5-8297-8981f10b4f4e/d9cdf5a4-bcfa-49ba-82ad-cef6daa7e7bd.jpeg?h=225&w=225,
312697803,Wicked Kitchen Meat Free Maple Bangers in Blankets Serves 10,https://www.tesco.com/groceries/en-GB/shop/fresh-food/christmas-fresh-food/all?count=48&page=,£3.50,£14.90/kg,,,/groceries/en-GB/products/312697803,https://digitalcontent.api.tesco.com/v2/media/ghs/d4117bb0-99d4-4309-ae43-f552c82b9b1d/c2f36d79-960a-4fdf-a6f7-1303240cca0d.jpeg?h=225&w=225,
277465774,Tesco Finest Brie De Meaux Aop Portion 170G,https://www.tesco.com/groceries/en-GB/shop/fresh-food/christmas-fresh-food/all?count=48&page=,£3.25,£19.12/kg,,,/groceries/en-GB/products/277465774,https://digitalcontent.api.tesco.com/v2/media/ghs/39f32c4c-32fd-4322-ad30-37aafe7c9405/ee93c3da-d172-44e8-8c68-db2501a175b7.jpeg?h=225&w=225,
290455542,Le Rustique Grand Camembert 350G,https://www.tesco.com/groceries/en-GB/shop/fresh-food/christmas-fresh-food/all?count=48&page=,£2.80,£8.00/kg,,New,/groceries/en-GB/products/290455542,https://digitalcontent.api.tesco.com/v2/media/ghs/71d2991f-fa61-42f5-a162-9fbca200f1aa/e30208c3-54b7-491a-9fe0-fa73cac613f7_1627665398.jpeg?h=225&w=225,
301869911,Tesco Sausage Roll Selection 270G,https://www.tesco.com/groceries/en-GB/shop/fresh-food/christmas-fresh-food/all?count=48&page=,£2.00,£0.74/100g,,New,/groceries/en-GB/products/301869911,https://digitalcontent.api.tesco.com/v2/media/ghs/568e279b-258f-4063-ba19-478a6fba54af/16ecfb9f-67fe-4704-abcf-cbf8e3a8c8d7.jpeg?h=225&w=225,
309480355,Tesco 12 Cheesy Pigs In Blankets 222G,https://www.tesco.com/groceries/en-GB/shop/fresh-food/christmas-fresh-food/all?count=48&page=,£2.50,£11.27/kg,,New,/groceries/en-GB/products/309480355,https://digitalcontent.api.tesco.com/v2/media/ghs/132de9da-238f-4e9a-a893-13e4b2ed45f9/daa0c054-8c97-4ede-9956-1162888ec566.jpeg?h=225&w=225,
310136279,Tesco Finest Montagnolo Affine 160G,https://www.tesco.com/groceries/en-GB/shop/fresh-food/christmas-fresh-food/all?count=48&page=,£2.75,£17.19/kg,,,/groceries/en-GB/products/310136279,https://digitalcontent.api.tesco.com/v2/media/ghs/fb25c6d9-ea8a-4d36-8892-3e08ba509332/2ec2c154-263a-4e7d-82e1-6b7fc4b9bd2b.jpeg?h=225&w=225,
312339514,Tesco Finest Caramel Cascade Pudding Serves 8,https://www.tesco.com/groceries/en-GB/shop/fresh-food/christmas-fresh-food/all?count=48&page=,£12.00,£1.50/100g,,,/groceries/en-GB/products/312339514,https://digitalcontent.api.tesco.com/v2/media/ghs/7de2c2ae-c110-4bdc-9555-539d6cfd5364/75534b14-e6ed-4e00-9933-704af9c2bf25.jpeg?h=225&w=225,
312852378,Tesco Macaron Selection 24 pieces Serves 12,https://www.tesco.com/groceries/en-GB/shop/fresh-food/christmas-fresh-food/all?count=48&page=,£12.00,£4.55/100g,,,/groceries/en-GB/products/312852378,https://digitalcontent.api.tesco.com/v2/media/ghs/2f1cac6f-4206-42e5-82db-00134b0fb612/606614d8-1a54-4907-aede-5a8e73ee1ea9.jpeg?h=225&w=225,
312342291,Tesco Finest Christmas Present Blonde Chocolate Torte Bar Serves 6,https://www.tesco.com/groceries/en-GB/shop/fresh-food/christmas-fresh-food/all?count=48&page=,£11.00,£1.74/100g,,,/groceries/en-GB/products/312342291,https://digitalcontent.api.tesco.com/v2/media/ghs/b40887c3-35eb-4b08-a3f4-9856db569e63/cff0fa55-990c-4ef0-8894-9d673407db3b.jpeg?h=225&w=225,
309768655,Tesco Finest Triple Chocolate Celebration Cheesecake Serves 8,https://www.tesco.com/groceries/en-GB/shop/fresh-food/christmas-fresh-food/all?count=48&page=,£11.00,£1.28/100g,,,/groceries/en-GB/products/309768655,https://digitalcontent.api.tesco.com/v2/media/ghs/3eacb567-ca5d-4545-ba18-9fe8cfa00630/314ae28f-0990-4a1a-bc1c-592146d782f2.jpeg?h=225&w=225,
312230659,Tesco Finest Espresso Martini Dessert Serves 8,https://www.tesco.com/groceries/en-GB/shop/fresh-food/christmas-fresh-food/all?count=48&page=,£11.00,£1.38/100g,,,/groceries/en-GB/products/312230659,https://digitalcontent.api.tesco.com/v2/media/ghs/9c2acbc4-1fe4-456b-9165-98a3ed5db9bf/f1071aa7-b051-4f94-9bb0-ccd1b3791b77.jpeg?h=225&w=225,
309774912,Tesco Finest Raspberry & Peach Bellini Trifle Serves 8,https://www.tesco.com/groceries/en-GB/shop/fresh-food/christmas-fresh-food/all?count=48&page=,£9.00,£1.16/100g,,,/groceries/en-GB/products/309774912,https://digitalcontent.api.tesco.com/v2/media/ghs/63c2bd04-d5ec-4b38-be78-5adcc8900653/fe465cff-c836-484a-8733-ae72e5e78346.jpeg?h=225&w=225,
312827242,Tesco Finest Stem Ginger Tiffin Cracker Serves 12,https://www.tesco.com/groceries/en-GB/shop/fresh-food/christmas-fresh-food/all?count=48&page=,£8.00,£1.33/100g,,,/groceries/en-GB/products/312827242,https://digitalcontent.api.tesco.com/v2/media/ghs/d46b693c-abd7-4cdd-acb4-6f99320819cb/d15901fa-40fc-4562-bab9-6a9918dfbf8a.jpeg?h=225&w=225,
253188113,Tesco Lamb Whole Leg Joint,https://www.tesco.com/groceries/en-GB/shop/fresh-food/all?department=Christmas%20Meat%2C%20Poultry%20%26%20Fish&viewAll=department&page=,£26.00,£13.00/kg,,,/groceries/en-GB/products/253188113,https://digitalcontent.api.tesco.com/v2/media/ghs/e13c1e54-5db9-44a1-9e24-f2e8564c95f8/fa6f37fe-c509-4ec8-ac9a-23191b7b00f4.jpeg?h=225&w=225,
258261577,Tesco Pork Loin Joint,https://www.tesco.com/groceries/en-GB/shop/fresh-food/all?department=Christmas%20Meat%2C%20Poultry%20%26%20Fish&viewAll=department&page=,£12.00,£6.00/kg,,,/groceries/en-GB/products/258261577,https://digitalcontent.api.tesco.com/v2/media/ghs/4fc4cecc-53da-49e8-8879-af5ed4526693/a76de33a-f3c1-409d-8e64-9964a101c142.jpeg?h=225&w=225,
275492600,Tesco Large Beef Roasting Joint With Basting Fat,https://www.tesco.com/groceries/en-GB/shop/fresh-food/all?department=Christmas%20Meat%2C%20Poultry%20%26%20Fish&viewAll=department&page=,£22.20,£12.00/kg,,,/groceries/en-GB/products/275492600,https://digitalcontent.api.tesco.com/v2/media/ghs/ad95869c-ecee-4042-9223-de6a6aebaf15/41460309-cad0-4c4f-802d-715a4d7c7a9e.jpeg?h=225&w=225,
267158243,T Smoked Boneless Gammon Joint,https://www.tesco.com/groceries/en-GB/shop/fresh-food/all?department=Christmas%20Meat%2C%20Poultry%20%26%20Fish&viewAll=department&page=,£12.10,£5.50/kg,£4.50 per kg Clubcard Price,,/groceries/en-GB/products/267158243,https://digitalcontent.api.tesco.com/v2/media/ghs/fff4ba9a-6d07-4c3b-945e-412152d0324c/251f7401-3f61-4156-bd16-def27b488c97.jpeg?h=225&w=225,
267158491,T Unsmoked Boneless Gammon Joint,https://www.tesco.com/groceries/en-GB/shop/fresh-food/all?department=Christmas%20Meat%2C%20Poultry%20%26%20Fish&viewAll=department&page=,£12.10,£5.50/kg,£4.50 per kg Clubcard Price,,/groceries/en-GB/products/267158491,https://digitalcontent.api.tesco.com/v2/media/ghs/0151b9fe-9549-49a7-9581-2b0bc9ddbeee/f19cdeb0-b7e7-48bc-a940-a3e699dc2429.jpeg?h=225&w=225,
254269241,Tesco Finest Beef Roasting Joint,https://www.tesco.com/groceries/en-GB/shop/fresh-food/all?department=Christmas%20Meat%2C%20Poultry%20%26%20Fish&viewAll=department&page=,£21.00,£15.00/kg,,,/groceries/en-GB/products/254269241,https://digitalcontent.api.tesco.com/v2/media/ghs/b2079178-52f8-4e76-a676-bd85566f9a95/7e077382-a018-4d32-9748-2d7040834a21.jpeg?h=225&w=225,
259541778,Tesco Large Pork Shoulder Joint,https://www.tesco.com/groceries/en-GB/shop/fresh-food/all?department=Christmas%20Meat%2C%20Poultry%20%26%20Fish&viewAll=department&page=,£8.19,£4.20/kg,,,/groceries/en-GB/products/259541778,https://digitalcontent.api.tesco.com/v2/media/ghs/8d6d6b34-590a-45a3-bf46-872d62ea16c8/c16f1ae1-5f3a-4c3b-951c-fb36cf1baac7.jpeg?h=225&w=225,
310191045,Tesco Smoked Gammon Joint Bone In,https://www.tesco.com/groceries/en-GB/shop/fresh-food/all?department=Christmas%20Meat%2C%20Poultry%20%26%20Fish&viewAll=department&page=,£20.00,£5.00/kg,,New,/groceries/en-GB/products/310191045,https://digitalcontent.api.tesco.com/v2/media/ghs/89895c55-b9f3-404d-94f6-f06047d49a66/1126f133-f08f-46fd-bb07-09fbd25f73bc.jpeg?h=225&w=225,
251884298,Tesco Pork Bone Less Large Leg Joint,https://www.tesco.com/groceries/en-GB/shop/fresh-food/all?department=Christmas%20Meat%2C%20Poultry%20%26%20Fish&viewAll=department&page=,£10.00,£5.00/kg,£4.50 per kg Clubcard Price,,/groceries/en-GB/products/251884298,https://digitalcontent.api.tesco.com/v2/media/ghs/d07e4913-9ad0-4ea0-b20e-a6992a2247bf/2b8c7f14-c28f-4ccd-81be-7a7126aaea8d.jpeg?h=225&w=225,
301576727,Tesco Gammon With Maple & Bourbon Glaze 800G,https://www.tesco.com/groceries/en-GB/shop/fresh-food/all?department=Christmas%20Meat%2C%20Poultry%20%26%20Fish&viewAll=department&page=,£6.20,£7.75/kg,,,/groceries/en-GB/products/301576727,https://digitalcontent.api.tesco.com/v2/media/ghs/84bdf277-7e6f-4cb8-ab19-db910aca4b2e/2da84dec-34d2-4a50-ba70-823785abc618.jpeg?h=225&w=225,
309489858,Tesco Finest Ultimate Salt Aged Pork Loin Joint,https://www.tesco.com/groceries/en-GB/shop/fresh-food/all?department=Christmas%20Meat%2C%20Poultry%20%26%20Fish&viewAll=department&page=,£7.31,£7.90/kg,,,/groceries/en-GB/products/309489858,https://digitalcontent.api.tesco.com/v2/media/ghs/2eafbc4c-ffb6-4fdb-84dc-4e5f4e70412f/af3edc7b-49f7-41f7-bb18-2837576d9f8f.jpeg?h=225&w=225,
310103261,Tesco Unsmoked Gammon Joint Bone In,https://www.tesco.com/groceries/en-GB/shop/fresh-food/all?department=Christmas%20Meat%2C%20Poultry%20%26%20Fish&viewAll=department&page=,£20.00,£5.00/kg,,New,/groceries/en-GB/products/310103261,https://digitalcontent.api.tesco.com/v2/media/ghs/b7ae7552-d826-4ff7-8125-6224297ec93c/eae1dd5a-c565-4004-a566-e16c96b9bf15.jpeg?h=225&w=225,
294214453,Tesco Finest Unsmoked Wiltshire Gammon Small,https://www.tesco.com/groceries/en-GB/shop/fresh-food/all?department=Christmas%20Meat%2C%20Poultry%20%26%20Fish&viewAll=department&page=,£9.00,£9.00/kg,,,/groceries/en-GB/products/294214453,https://digitalcontent.api.tesco.com/v2/media/ghs/d83a7513-1fbb-4e0c-bc79-197b23440bc1/0d0174d6-d789-4d9b-8183-77e2f87e9216.jpeg?h=225&w=225,
294214476,Tesco Finest Smoked Wiltshire Gammon Small,https://www.tesco.com/groceries/en-GB/shop/fresh-food/all?department=Christmas%20Meat%2C%20Poultry%20%26%20Fish&viewAll=department&page=,£9.00,£9.00/kg,,,/groceries/en-GB/products/294214476,https://digitalcontent.api.tesco.com/v2/media/ghs/58cb24d4-ca21-4f9a-a5ff-3046ac7b2d41/d9b17b29-cebe-43c9-a54a-d35bf016b3f0.jpeg?h=225&w=225,
256531152,Tesco Lamb Half Leg Joint,https://www.tesco.com/groceries/en-GB/shop/fresh-food/all?department=Christmas%20Meat%2C%20Poultry%20%26%20Fish&viewAll=department&page=,£14.56,£14.00/kg,,,/groceries/en-GB/products/256531152,https://digitalcontent.api.tesco.com/v2/media/ghs/b0e93569-a07b-40bf-95a9-a264f15a11ec/7b27dac0-3261-4e03-a2d3-ef5022473e49.jpeg?h=225&w=225,
258139435,Tesco Medium Beef Roasting Joint With Basting Fat,https://www.tesco.com/groceries/en-GB/shop/fresh-food/all?department=Christmas%20Meat%2C%20Poultry%20%26%20Fish&viewAll=department&page=,£10.40,£13.00/kg,,,/groceries/en-GB/products/258139435,https://digitalcontent.api.tesco.com/v2/media/ghs/4ad624c1-3831-44a3-8391-5a19626b6e0c/9c54a422-8a92-4745-ac5d-0e57ceb47579_318560055.jpeg?h=225&w=225,
271340240,Tesco Salmon Side 1Kg,https://www.tesco.com/groceries/en-GB/shop/fresh-food/all?department=Christmas%20Meat%2C%20Poultry%20%26%20Fish&viewAll=department&page=,£15.90,£15.90/kg,,,/groceries/en-GB/products/271340240,https://digitalcontent.api.tesco.com/v2/media/ghs/8fb22d1c-f0ce-4e0f-b421-e131349a233d/d55e0e2d-feff-4ff7-b409-afe70acc40a4.jpeg?h=225&w=225,
309467182,Tesco Finest Chestnut & Honey Lardons 180G,https://www.tesco.com/groceries/en-GB/shop/fresh-food/all?department=Christmas%20Meat%2C%20Poultry%20%26%20Fish&viewAll=department&page=,£3.25,£18.06/kg,,New,/groceries/en-GB/products/309467182,https://digitalcontent.api.tesco.com/v2/media/ghs/a9daacf8-8a56-41a0-a28f-730e474e7f3b/d5bd47d7-9696-488e-812e-b908107897a0.jpeg?h=225&w=225,
284850371,Tesco Finest Wild Sage & Buttered Onion Stuffing 225G,https://www.tesco.com/groceries/en-GB/shop/fresh-food/all?department=Christmas%20Meat%2C%20Poultry%20%26%20Fish&viewAll=department&page=,£2.75,£1.23/100g,,,/groceries/en-GB/products/284850371,https://digitalcontent.api.tesco.com/v2/media/ghs/27fc6c87-49ff-48d9-9cda-418835a06da6/1e86a7bf-ef4c-4085-92d9-ddaba3faf5a3.jpeg?h=225&w=225,
309753753,Cecile's Cuisine 16 Cocktail Blinis 135G,https://www.tesco.com/groceries/en-GB/shop/fresh-food/all?department=Christmas%20Meat%2C%20Poultry%20%26%20Fish&viewAll=department&page=,£2.10,£1.56/100g,,,/groceries/en-GB/products/309753753,https://digitalcontent.api.tesco.com/v2/media/ghs/a825a875-e28e-4af1-92f3-d67903cd064c/fe8df56b-9402-4a6d-9ee6-0adc8b61af9a.jpeg?h=225&w=225,
297794117,Tesco Small Smoked Gammon Joint,https://www.tesco.com/groceries/en-GB/shop/fresh-food/all?department=Christmas%20Meat%2C%20Poultry%20%26%20Fish&viewAll=department&page=,£4.68,£5.50/kg,,,/groceries/en-GB/products/297794117,https://digitalcontent.api.tesco.com/v2/media/ghs/a90139f5-8846-462c-bf20-c7fc550a333d/08f1d509-f942-4842-8b1e-cad7ec094ae7.jpeg?h=225&w=225,
297793994,Tesco Small Unsmoked Gammon Joint,https://www.tesco.com/groceries/en-GB/shop/fresh-food/all?department=Christmas%20Meat%2C%20Poultry%20%26%20Fish&viewAll=department&page=,£4.68,£5.50/kg,,,/groceries/en-GB/products/297793994,https://digitalcontent.api.tesco.com/v2/media/ghs/4c22b34b-4ed3-4e9c-906c-81a7f1c365b0/bf8395c6-e577-42e3-a501-c59486101b6b.jpeg?h=225&w=225,
264389056,Tesco 12 Smoked Salmon Canapes 100G,https://www.tesco.com/groceries/en-GB/shop/fresh-food/all?department=Christmas%20Meat%2C%20Poultry%20%26%20Fish&viewAll=department&page=,£2.50,£2.50/100g,,,/groceries/en-GB/products/264389056,https://digitalcontent.api.tesco.com/v2/media/ghs/540b7ba3-ebed-4b76-b054-28aef5b9a355/0be8d958-7876-49b0-b8d1-5399d28d62d7.jpeg?h=225&w=225,
258353624,Tesco Finest* 12 Sage And Onion Stuffing Balls 350G,https://www.tesco.com/groceries/en-GB/shop/fresh-food/all?department=Christmas%20Meat%2C%20Poultry%20%26%20Fish&viewAll=department&page=,£3.00,£8.58/kg,,,/groceries/en-GB/products/258353624,https://digitalcontent.api.tesco.com/v2/media/ghs/a0fbe50c-5326-4276-82e9-270416abac9a/ae2f0c4a-cd84-4934-a9e6-f69cc620ba72.jpeg?h=225&w=225,
309486660,Tesco Finest Pork Roasted Chestnut Onion Stuffing 350G,https://www.tesco.com/groceries/en-GB/shop/fresh-food/all?department=Christmas%20Meat%2C%20Poultry%20%26%20Fish&viewAll=department&page=,£3.00,£8.58/kg,,New,/groceries/en-GB/products/309486660,https://digitalcontent.api.tesco.com/v2/media/ghs/d0f7acf2-2c4f-436c-a14d-c572fe68b843/94051b4a-6a51-4c4f-a982-49547d3a2cf7.jpeg?h=225&w=225,
281037354,Tesco Unsmoked Streaky Bacon 300G,https://www.tesco.com/groceries/en-GB/shop/fresh-food/all?department=Christmas%20Meat%2C%20Poultry%20%26%20Fish&viewAll=department&page=,£2.50,£8.34/kg,,,/groceries/en-GB/products/281037354,https://digitalcontent.api.tesco.com/v2/media/ghs/4db81286-3dc2-4f0e-a5dc-65fcedb8e763/56e26a4e-b06f-4c20-bc4e-a83e82ebee16.jpeg?h=225&w=225,
309489812,"Tesco Finest Pork Apple, Honey & Sage Stuffing 350G",https://www.tesco.com/groceries/en-GB/shop/fresh-food/all?department=Christmas%20Meat%2C%20Poultry%20%26%20Fish&viewAll=department&page=,£3.00,£8.58/kg,,New,/groceries/en-GB/products/309489812,https://digitalcontent.api.tesco.com/v2/media/ghs/c994e3af-5573-4905-8250-f5db3ac8179e/7a6f96af-ed12-4bce-8c20-a5d6cfefd7fe_1955263289.jpeg?h=225&w=225,
292278149,Tesco British Whole Medium Chicken 1.2Kg -1.5Kg,https://www.tesco.com/groceries/en-GB/shop/fresh-food/all?department=Christmas%20Meat%2C%20Poultry%20%26%20Fish&viewAll=department&page=,£3.95,£3.30/kg,,,/groceries/en-GB/products/292278149,https://digitalcontent.api.tesco.com/v2/media/ghs/9903189f-ddb6-4f97-b402-64118ce0ae69/5c1bd0fc-3601-4e3d-9f14-304de8c48cfc.jpeg?h=225&w=225,
309453238,Tesco 12 Chicken Sage And Onion Stuffing Balls 348G,https://www.tesco.com/groceries/en-GB/shop/fresh-food/all?department=Christmas%20Meat%2C%20Poultry%20%26%20Fish&viewAll=department&page=,£2.50,£7.19/kg,,New,/groceries/en-GB/products/309453238,https://digitalcontent.api.tesco.com/v2/media/ghs/f76a514f-e019-498a-8b44-a6264ef631d1/5eafd2dd-84b2-4501-8e8c-f822524f636b.jpeg?h=225&w=225,
305436565,Tesco Smoked Salmon Slices 180G,https://www.tesco.com/groceries/en-GB/shop/fresh-food/all?department=Christmas%20Meat%2C%20Poultry%20%26%20Fish&viewAll=department&page=,£5.50,£3.06/100g,£5.00 Clubcard Price,,/groceries/en-GB/products/305436565,https://digitalcontent.api.tesco.com/v2/media/ghs/113f3d81-1698-44e2-9a46-bfa37a212f45/f6815bb3-0376-4801-b339-171df61a4ed8.jpeg?h=225&w=225,
304400056,"Tesco Pork, Apple & Cranberry Stuffing 400G",https://www.tesco.com/groceries/en-GB/shop/fresh-food/all?department=Christmas%20Meat%2C%20Poultry%20%26%20Fish&viewAll=department&page=,£2.50,£6.25/kg,,New,/groceries/en-GB/products/304400056,https://digitalcontent.api.tesco.com/v2/media/ghs/64008092-c711-4faf-8075-065c5fd3cfbe/9a1c07dc-7519-4feb-bccf-f16ef0aa2612_566036248.jpeg?h=225&w=225,
284850296,Tesco Sage & Onion Stuffing 336G,https://www.tesco.com/groceries/en-GB/shop/fresh-food/all?department=Christmas%20Meat%2C%20Poultry%20%26%20Fish&viewAll=department&page=,£2.35,£0.70/100g,,,/groceries/en-GB/products/284850296,https://digitalcontent.api.tesco.com/v2/media/ghs/45ebef91-320a-4fc4-8037-049693530546/d8bcb3f2-a513-4521-a315-bb8910a7bd55.jpeg?h=225&w=225,
292277755,Tesco Whole Chicken Extra Large 1.9Kg - 2.3Kg,https://www.tesco.com/groceries/en-GB/shop/fresh-food/all?department=Christmas%20Meat%2C%20Poultry%20%26%20Fish&viewAll=department&page=,£5.50,£2.90/kg,,,/groceries/en-GB/products/292277755,https://digitalcontent.api.tesco.com/v2/media/ghs/b99afc60-1a73-40e5-aa04-6c218408c617/7b37a635-caae-4ebf-b4e5-ff3922d09923.jpeg?h=225&w=225,
261969306,Tesco Finest* Unsmoked Dry Cure Streaky,https://www.tesco.com/groceries/en-GB/shop/fresh-food/all?department=Christmas%20Meat%2C%20Poultry%20%26%20Fish&viewAll=department&page=,£3.25,£13.55/kg,,,/groceries/en-GB/products/261969306,https://digitalcontent.api.tesco.com/v2/media/ghs/58720239-38bf-4431-9301-600c345f9723/56f8edb7-405d-4fab-b38b-2395adf4b298.jpeg?h=225&w=225,
292276232,Tesco British Large Whole Chicken 1.5Kg - 1.9Kg,https://www.tesco.com/groceries/en-GB/shop/fresh-food/all?department=Christmas%20Meat%2C%20Poultry%20%26%20Fish&viewAll=department&page=,£4.60,£3.07/kg,,,/groceries/en-GB/products/292276232,https://digitalcontent.api.tesco.com/v2/media/ghs/53fdf956-fa94-4ba7-ab5f-f0d9740fbd10/f10fb877-8ecd-4a1c-819e-e228a034f85e.jpeg?h=225&w=225,
281037392,Tesco Smoked Streaky Bacon 300G,https://www.tesco.com/groceries/en-GB/shop/fresh-food/all?department=Christmas%20Meat%2C%20Poultry%20%26%20Fish&viewAll=department&page=,£2.50,£8.34/kg,,,/groceries/en-GB/products/281037392,https://digitalcontent.api.tesco.com/v2/media/ghs/97007bb8-e1a4-4fd6-8718-7266a16306ce/8629e092-9f70-467a-b989-4174e587aa33.jpeg?h=225&w=225,
294070489,Tesco 12 British Pork Stuffing Balls 350G,https://www.tesco.com/groceries/en-GB/shop/fresh-food/all?department=Christmas%20Meat%2C%20Poultry%20%26%20Fish&viewAll=department&page=,£2.50,£7.15/kg,,New,/groceries/en-GB/products/294070489,https://digitalcontent.api.tesco.com/v2/media/ghs/6dd96098-63b8-42ce-b515-236d0d617dbb/6343c8f5-51d8-4e92-a9e8-bc8f760b8cbc.jpeg?h=225&w=225,
301882762,Tesco Smoked Salmon 120G,https://www.tesco.com/groceries/en-GB/shop/fresh-food/all?department=Christmas%20Meat%2C%20Poultry%20%26%20Fish&viewAll=department&page=,£3.75,£3.13/100g,,,/groceries/en-GB/products/301882762,https://digitalcontent.api.tesco.com/v2/media/ghs/53944454-e44f-40e3-8623-3a6a539b0814/a6231209-1a41-415b-835b-afb0060c0b14.jpeg?h=225&w=225,
261992145,Tesco Finest* Smoked Dry Cure Streaky Bacon,https://www.tesco.com/groceries/en-GB/shop/fresh-food/all?department=Christmas%20Meat%2C%20Poultry%20%26%20Fish&viewAll=department&page=,£3.25,£13.55/kg,,,/groceries/en-GB/products/261992145,https://digitalcontent.api.tesco.com/v2/media/ghs/d67b57f2-5ad0-4d38-87f4-967c582006a8/0ebc97f2-aac5-4b5c-b562-1029c3b37af8.jpeg?h=225&w=225,
301882749,Tesco Finest Scottish Smoked Salmon 120G,https://www.tesco.com/groceries/en-GB/shop/fresh-food/all?department=Christmas%20Meat%2C%20Poultry%20%26%20Fish&viewAll=department&page=,£5.10,£4.25/100g,,,/groceries/en-GB/products/301882749,https://digitalcontent.api.tesco.com/v2/media/ghs/7b6ed7dd-d25e-4a5f-9c41-9de194b87cd0/8459bccc-8d6a-4bc5-ad87-286f0c635bed.jpeg?h=225&w=225,
301882687,Tesco Finest Mild & Delicate Smoked Salmon 120G,https://www.tesco.com/groceries/en-GB/shop/fresh-food/all?department=Christmas%20Meat%2C%20Poultry%20%26%20Fish&viewAll=department&page=,£5.10,£4.25/100g,,,/groceries/en-GB/products/301882687,https://digitalcontent.api.tesco.com/v2/media/ghs/da6e0768-ca26-4ef7-b326-cc3fc82fb0ca/af1f9259-9844-44bb-8f35-4afa7647b41d.jpeg?h=225&w=225,
277160996,Tesco Boneless Salmon Half Side 500 G,https://www.tesco.com/groceries/en-GB/shop/fresh-food/all?department=Christmas%20Meat%2C%20Poultry%20%26%20Fish&viewAll=department&page=,£8.00,£16.00/kg,£7.00 Clubcard Price,,/groceries/en-GB/products/277160996,https://digitalcontent.api.tesco.com/v2/media/ghs/53bf9691-189b-4caa-bdfe-96b224d5e3e7/321c2649-1643-4734-82d0-7c13330356a9.jpeg?h=225&w=225,
301882727,Tesco Smoked Salmon 60G,https://www.tesco.com/groceries/en-GB/shop/fresh-food/all?department=Christmas%20Meat%2C%20Poultry%20%26%20Fish&viewAll=department&page=,£2.20,£3.67/100g,,,/groceries/en-GB/products/301882727,https://digitalcontent.api.tesco.com/v2/media/ghs/228af112-47a5-4894-bc30-9ee69e090f56/b8989bbe-9b38-43bd-bb92-6c8395676531.jpeg?h=225&w=225,
304404069,Willow Farm Whole Chicken 1.2Kg - 1.6Kg,https://www.tesco.com/groceries/en-GB/shop/fresh-food/all?department=Christmas%20Meat%2C%20Poultry%20%26%20Fish&viewAll=department&page=,£3.47,£2.90/kg,Aldi Price Match,,/groceries/en-GB/products/304404069,https://digitalcontent.api.tesco.com/v2/media/ghs/47cf78c0-b385-4312-a684-73a2e6671803/8971c62b-b810-45a5-97a9-c8a607e3231f.jpeg?h=225&w=225,
309487486,"Tesco Pork, Leek & Chestnut Stuffing 400G",https://www.tesco.com/groceries/en-GB/shop/fresh-food/all?department=Christmas%20Meat%2C%20Poultry%20%26%20Fish&viewAll=department&page=,£2.50,£6.25/kg,,New,/groceries/en-GB/products/309487486,https://digitalcontent.api.tesco.com/v2/media/ghs/c3842f1a-e047-46a6-acef-b460fcd2b8e6/83c35b6c-ff28-41e0-8008-908eaa94ef58_205514700.jpeg?h=225&w=225,
312108022,Tesco Finest 3-Tier Seafood Platter Serves 6,https://www.tesco.com/groceries/en-GB/shop/fresh-food/all?department=Christmas%20Meat%2C%20Poultry%20%26%20Fish&viewAll=department&page=,£55.00,£40.96/kg,,,/groceries/en-GB/products/312108022,https://digitalcontent.api.tesco.com/v2/media/ghs/5ca31a08-be8d-4b9b-ad84-d4dbae5d83db/58a4c470-ffd3-49c0-9a78-6a8f956d4bed.jpeg?h=225&w=225,
301832429,Tesco Finest 30-Day Matured Beef Wellington 0.9kg - 1.2kg Serves 4,https://www.tesco.com/groceries/en-GB/shop/fresh-food/all?department=Christmas%20Meat%2C%20Poultry%20%26%20Fish&viewAll=department&page=,£48.00,£40.00/kg,,,/groceries/en-GB/products/301832429,https://digitalcontent.api.tesco.com/v2/media/ghs/21485b92-b679-4908-a5c3-aaf4a130a4ad/2b88b6ad-b576-4146-829a-58555a026ca8.jpeg?h=225&w=225,
297906040,Tesco Finest 30-Day Matured Chateaubriand 0.6kg - 1kg Serves 4-5,https://www.tesco.com/groceries/en-GB/shop/fresh-food/all?department=Christmas%20Meat%2C%20Poultry%20%26%20Fish&viewAll=department&page=,£45.00,£45.00/kg,,,/groceries/en-GB/products/297906040,https://digitalcontent.api.tesco.com/v2/media/ghs/6b06baf4-31a1-4b9f-986f-a55abab0a79e/7cd58c94-91df-4065-89f9-8d2c63108bbd.jpeg?h=225&w=225,
309459480,Tesco Finest Lamb Guard of Honour with a Leek & Cheddar Stuffing 1.05kg - 1.32kg Serves 3-4,https://www.tesco.com/groceries/en-GB/shop/fresh-food/all?department=Christmas%20Meat%2C%20Poultry%20%26%20Fish&viewAll=department&page=,£42.24,£32.00/kg,,,/groceries/en-GB/products/309459480,https://digitalcontent.api.tesco.com/v2/media/ghs/02c6a426-b364-42f3-89b8-755cc40ac58c/bd75aaa1-2e95-4225-965b-22bebb24d600.jpeg?h=225&w=225,
306821551,Tesco Finest Whole Lamb Shoulder with Redcurrant & Maple Glaze Serves 6,https://www.tesco.com/groceries/en-GB/shop/fresh-food/all?department=Christmas%20Meat%2C%20Poultry%20%26%20Fish&viewAll=department&page=,£25.00,£14.05/kg,,,/groceries/en-GB/products/306821551,https://digitalcontent.api.tesco.com/v2/media/ghs/ccf64a02-b639-4f9b-b37d-56ee0396716c/c19fbb83-7a1c-4543-94b5-886524657329.jpeg?h=225&w=225,
312711102,Tesco Finest Slow Cooked Pork Belly Serves 8,https://www.tesco.com/groceries/en-GB/shop/fresh-food/all?department=Christmas%20Meat%2C%20Poultry%20%26%20Fish&viewAll=department&page=,£30.00,£14.06/kg,,,/groceries/en-GB/products/312711102,https://digitalcontent.api.tesco.com/v2/media/ghs/ac36b0d7-43c3-42e4-9924-5321cf2576e0/ef4fe7e5-fd89-41e4-8dea-f796912673aa.jpeg?h=225&w=225,
297938093,Tesco Maple & Bourbon Crackling Gammon Joint Serves 13,https://www.tesco.com/groceries/en-GB/shop/fresh-food/all?department=Christmas%20Meat%2C%20Poultry%20%26%20Fish&viewAll=department&page=,£19.00,£6.79/kg,,,/groceries/en-GB/products/297938093,https://digitalcontent.api.tesco.com/v2/media/ghs/184a071b-034f-42be-9715-c440e008e949/0a6f99ef-5068-41e1-8d25-68449b5650ce.jpeg?h=225&w=225,
310157939,Tesco Finest Beef Shin with a Rich Red Wine & Truffle Infused Gravy Serves 8,https://www.tesco.com/groceries/en-GB/shop/fresh-food/all?department=Christmas%20Meat%2C%20Poultry%20%26%20Fish&viewAll=department&page=,£30.00,£9.38/kg,,,/groceries/en-GB/products/310157939,https://digitalcontent.api.tesco.com/v2/media/ghs/fb726237-e89e-4cc7-b34d-28b117ca8213/9a9a95d1-5344-4b77-9c71-9a2e00ebc689.jpeg?h=225&w=225,
304389086,Tesco Finest 30-Day Matured Beef Wing Rib 1.5kg - 2.5kg Serves 7-12,https://www.tesco.com/groceries/en-GB/shop/fresh-food/all?department=Christmas%20Meat%2C%20Poultry%20%26%20Fish&viewAll=department&page=,£62.50,£25.00/kg,,,/groceries/en-GB/products/304389086,https://digitalcontent.api.tesco.com/v2/media/ghs/a0fe7a0c-62be-4c2c-bdb6-e0f0e73b5432/62eb8f1f-5814-42f8-9e15-241cc983ac6e.jpeg?h=225&w=225,
312342452,Tesco Finest Smoked Salmon & Prawn Antipasti Serves 6,https://www.tesco.com/groceries/en-GB/shop/fresh-food/all?department=Christmas%20Meat%2C%20Poultry%20%26%20Fish&viewAll=department&page=,£20.00,£26.32/kg,,,/groceries/en-GB/products/312342452,https://digitalcontent.api.tesco.com/v2/media/ghs/767a81b3-553e-4288-b939-f2031e2e9203/e0b04a0f-7010-4703-bc25-497155a6aab9.jpeg?h=225&w=225,
312100134,Tesco Tomahawk Steak with Wild Garlic & Sea Salt Butter 0.95kg - 1.4kg Serves 4-6,https://www.tesco.com/groceries/en-GB/shop/fresh-food/all?department=Christmas%20Meat%2C%20Poultry%20%26%20Fish&viewAll=department&page=,£28.00,£20.00/kg,,,/groceries/en-GB/products/312100134,https://digitalcontent.api.tesco.com/v2/media/ghs/1fd1e656-c0a0-4f42-a1f0-377115f00d48/aacf15d6-2d72-4564-b32c-ef5efddda0dc.jpeg?h=225&w=225,
304413749,"Tesco Turkey, Gammon & Beef Roasting Trio Serves 4",https://www.tesco.com/groceries/en-GB/shop/fresh-food/all?department=Christmas%20Meat%2C%20Poultry%20%26%20Fish&viewAll=department&page=,£18.00,£11.12/kg,,,/groceries/en-GB/products/304413749,https://digitalcontent.api.tesco.com/v2/media/ghs/ecdf0391-eb21-46dc-914b-ec78c71d5f77/e38c7286-ce48-4c29-8b70-8a8de1d7d3fd.jpeg?h=225&w=225,
312570164,Tesco Finest Beef Bourguignon Serves 4,https://www.tesco.com/groceries/en-GB/shop/fresh-food/all?department=Christmas%20Meat%2C%20Poultry%20%26%20Fish&viewAll=department&page=,£12.50,£1.05/100g,,,/groceries/en-GB/products/312570164,https://digitalcontent.api.tesco.com/v2/media/ghs/d3827ec6-eff0-45fd-90db-5d0d45fa81c5/a035afc1-bdbe-41f8-bd8c-0845f03b39d6.jpeg?h=225&w=225,
312101369,Tesco Finest Two Thermidor Wild Lobster Tails Serves 2,https://www.tesco.com/groceries/en-GB/shop/fresh-food/all?department=Christmas%20Meat%2C%20Poultry%20%26%20Fish&viewAll=department&page=,£18.00,£69.24/kg,,,/groceries/en-GB/products/312101369,https://digitalcontent.api.tesco.com/v2/media/ghs/d2769556-fe6d-4c07-ab07-c2af59cadc33/cdc0c481-5b87-4b40-9b14-48e0f7847157.jpeg?h=225&w=225,
312562928,Tesco Finest Chicken Crown with Chestnut & Cranberry Stuffing 0.9kg - 1.1kg Serves 4,https://www.tesco.com/groceries/en-GB/shop/fresh-food/all?department=Christmas%20Meat%2C%20Poultry%20%26%20Fish&viewAll=department&page=,£14.00,£14.00/kg,,,/groceries/en-GB/products/312562928,https://digitalcontent.api.tesco.com/v2/media/ghs/05320c90-b0c9-42e9-bd8f-6673b22616c8/74140815-12e6-4734-9947-1f9890099a7a.jpeg?h=225&w=225,
312355258,Tesco Finest Cola Flavour Gammon with Treacle Glaze 1.4kg - 1.9kg Serves min 5,https://www.tesco.com/groceries/en-GB/shop/fresh-food/all?department=Christmas%20Meat%2C%20Poultry%20%26%20Fish&viewAll=department&page=,£19.00,£10.00/kg,,,/groceries/en-GB/products/312355258,https://digitalcontent.api.tesco.com/v2/media/ghs/1e89f8fa-b5c4-4bc5-a9d6-14562bbc3471/2a978461-83c3-4ec2-9f86-c7b1dc75d677.jpeg?h=225&w=225,
309466851,Tesco Finest Dry Cured Blood Orange Gammon Joint with a Sweet Rub and a Blood Orange Glaze Serves 6,https://www.tesco.com/groceries/en-GB/shop/fresh-food/all?department=Christmas%20Meat%2C%20Poultry%20%26%20Fish&viewAll=department&page=,£10.00,£10.00/kg,,,/groceries/en-GB/products/309466851,https://digitalcontent.api.tesco.com/v2/media/ghs/c3fe66f6-dbec-425c-87bf-411931a63eff/7de178f6-9a9c-4025-bae2-caf268a4f85f.jpeg?h=225&w=225,
304780394,Tesco Finest Dry Cured Gammon Joint with Muscovado Glaze Serves 6,https://www.tesco.com/groceries/en-GB/shop/fresh-food/all?department=Christmas%20Meat%2C%20Poultry%20%26%20Fish&viewAll=department&page=,£10.00,£10.00/kg,,,/groceries/en-GB/products/304780394,https://digitalcontent.api.tesco.com/v2/media/ghs/ad1e7eb0-c9f8-4d0f-b3fc-925d691c95f4/2edea693-c16a-4ce7-bb73-68b205f735d5.jpeg?h=225&w=225,
309484989,Tesco Finest Ready to Cook Coated King Prawn Selection Serves 4,https://www.tesco.com/groceries/en-GB/shop/fresh-food/all?department=Christmas%20Meat%2C%20Poultry%20%26%20Fish&viewAll=department&page=,£12.00,£20.00/kg,,,/groceries/en-GB/products/309484989,https://digitalcontent.api.tesco.com/v2/media/ghs/95dda343-78df-4e7a-bab6-43b5623a7666/da02f0d1-2075-4436-9d8a-cc32308e73f1.jpeg?h=225&w=225,
312227557,Tesco Finest Four Coquilles St Jacques Serves 4,https://www.tesco.com/groceries/en-GB/shop/fresh-food/all?department=Christmas%20Meat%2C%20Poultry%20%26%20Fish&viewAll=department&page=,£12.00,£24.20/kg,,,/groceries/en-GB/products/312227557,https://digitalcontent.api.tesco.com/v2/media/ghs/63bd6644-ca70-4ae4-a76e-94edd2d60a68/e68720ae-7c59-4248-8fac-ad23e7f75269.jpeg?h=225&w=225,
312087857,"Tesco Finest Slow Cooked Free Range Bronze Turkey Breast Joint with Pork, Sage & Onion Stuffing & Turkey Gravy Serves 6",https://www.tesco.com/groceries/en-GB/shop/fresh-food/all?department=Christmas%20Meat%2C%20Poultry%20%26%20Fish&viewAll=department&page=,£35.00,£28.00/kg,,,/groceries/en-GB/products/312087857,https://digitalcontent.api.tesco.com/v2/media/ghs/d95912fa-610a-45fe-9075-83bcbd15e109/53cecacc-e523-4a32-80a0-4ac74bfdcca2.jpeg?h=225&w=225,
299037712,"Tesco Finest Crackling Pork Roast with Apple, Cranberry & Honey Stuffing 1.5kg - 1.8kg Serves 6",https://www.tesco.com/groceries/en-GB/shop/fresh-food/all?department=Christmas%20Meat%2C%20Poultry%20%26%20Fish&viewAll=department&page=,£15.30,£8.50/kg,,New,/groceries/en-GB/products/299037712,https://digitalcontent.api.tesco.com/v2/media/ghs/55838c79-a5df-4c08-bd36-edcbca69c365/36c4f77f-c481-4b44-a63e-a95c07a9f8b5.jpeg?h=225&w=225,
312111386,Tesco Organic Bronze Crown 1kg - 2.25kg Serves 4-10,https://www.tesco.com/groceries/en-GB/shop/fresh-food/all?department=Christmas%20Meat%2C%20Poultry%20%26%20Fish&viewAll=department&page=,£45.00,£20.00/kg,,,/groceries/en-GB/products/312111386,https://digitalcontent.api.tesco.com/v2/media/ghs/31163669-0764-45ce-b459-36496d71b49b/69d2455c-5da5-4b45-828e-d3f4607d3426.jpeg?h=225&w=225,
309497059,"Tesco Pork, Sage & Caramelised Onion Stuffed Turkey Crown Serves 6-8",https://www.tesco.com/groceries/en-GB/shop/fresh-food/all?department=Christmas%20Meat%2C%20Poultry%20%26%20Fish&viewAll=department&page=,£32.00,£16.00/kg,,,/groceries/en-GB/products/309497059,https://digitalcontent.api.tesco.com/v2/media/ghs/f3ef3826-ca2f-41f7-88d0-95ccc83a47be/77d517f8-cfa7-4040-82d5-265cfaf2d5bb.jpeg?h=225&w=225,
312347280,Tesco Finest Free Range Bronze Stuffed Turkey Crown with Slow Cooked Stuffed Thighs & Turkey Gravy 2.3kg - 3.1kg Serves 8-12,https://www.tesco.com/groceries/en-GB/shop/fresh-food/all?department=Christmas%20Meat%2C%20Poultry%20%26%20Fish&viewAll=department&page=,£62.00,£20.00/kg,,,/groceries/en-GB/products/312347280,https://digitalcontent.api.tesco.com/v2/media/ghs/8db4cade-48b6-49fc-8fa2-b1ad0daba264/6871a853-de3f-4a90-aa4f-ce8e099ebdff.jpeg?h=225&w=225,
312103563,"Tesco Finest Free Range Bronze Turkey Crown with Pork, Cranberry & Chestnut Stuffing 2.2kg - 2.9kg Serves 8-12",https://www.tesco.com/groceries/en-GB/shop/fresh-food/all?department=Christmas%20Meat%2C%20Poultry%20%26%20Fish&viewAll=department&page=,£58.00,£20.00/kg,,,/groceries/en-GB/products/312103563,https://digitalcontent.api.tesco.com/v2/media/ghs/f81777e8-3c94-4a69-bb1b-8bee5364324d/58996b9b-03bb-4023-9797-215e4ff0282a.jpeg?h=225&w=225,
312096472,Tesco Finest Free Range Bronze Turkey Crown Medium 2kg - 2.75kg Serves 9-13,https://www.tesco.com/groceries/en-GB/shop/fresh-food/all?department=Christmas%20Meat%2C%20Poultry%20%26%20Fish&viewAll=department&page=,£45.38,£16.50/kg,,,/groceries/en-GB/products/312096472,https://digitalcontent.api.tesco.com/v2/media/ghs/d7ec2201-5353-4e3a-9a0e-977fabd8b536/d598b669-a49e-4639-8f54-3881321083bc.jpeg?h=225&w=225,
312085767,Tesco Finest Free Range Bronze Turkey Crown Large 2.76kg - 3.5kg Serves 14-17,https://www.tesco.com/groceries/en-GB/shop/fresh-food/all?department=Christmas%20Meat%2C%20Poultry%20%26%20Fish&viewAll=department&page=,£57.75,£16.50/kg,,,/groceries/en-GB/products/312085767,https://digitalcontent.api.tesco.com/v2/media/ghs/a827f474-b143-4de4-8dec-390a4a7b223b/5a909873-0e79-406f-bb74-489e784b7729.jpeg?h=225&w=225,
311949928,Tesco Finest Free Range Bronze Turkey Crown Small 1kg - 1.99kg Serves 4-8,https://www.tesco.com/groceries/en-GB/shop/fresh-food/all?department=Christmas%20Meat%2C%20Poultry%20%26%20Fish&viewAll=department&page=,£32.84,£16.50/kg,,,/groceries/en-GB/products/311949928,https://digitalcontent.api.tesco.com/v2/media/ghs/afb9c802-3864-4004-86e3-f8062cd8162a/54a80d07-d833-4f50-b42e-878e726b64fa.jpeg?h=225&w=225,
312357247,Tesco Finest Salmon Wellington Serves 4,https://www.tesco.com/groceries/en-GB/shop/fresh-food/all?department=Christmas%20Meat%2C%20Poultry%20%26%20Fish&viewAll=department&page=,£16.00,£20.13/kg,,,/groceries/en-GB/products/312357247,https://digitalcontent.api.tesco.com/v2/media/ghs/f03fba59-9a8b-478c-86c5-76b79f5864c2/2a0f4c19-0e3e-4b08-b34e-5e155e8b1c60.jpeg?h=225&w=225,
297938070,Tesco Finest Jumbo King Prawn Cocktail Serves 4,https://www.tesco.com/groceries/en-GB/shop/fresh-food/all?department=Christmas%20Meat%2C%20Poultry%20%26%20Fish&viewAll=department&page=,£8.00,£18.61/kg,,,/groceries/en-GB/products/297938070,https://digitalcontent.api.tesco.com/v2/media/ghs/8b1d6f8d-be7a-483f-89b6-6795d943a005/8594bc80-fb31-4bdd-81f5-0303f91a09a3.jpeg?h=225&w=225,
312570285,"Tesco Turkey Breast Joint with Pork, Apple & Chestnut Stuffing Serves 2-3",https://www.tesco.com/groceries/en-GB/shop/fresh-food/all?department=Christmas%20Meat%2C%20Poultry%20%26%20Fish&viewAll=department&page=,£10.00,£20.00/kg,,,/groceries/en-GB/products/312570285,https://digitalcontent.api.tesco.com/v2/media/ghs/2041a749-9f81-4021-a354-106fd954f723/92589ad1-a4ce-462d-a214-f9b089f8281c.jpeg?h=225&w=225,
309485049,Tesco St Clement’s Turkey Trio Serves 6,https://www.tesco.com/groceries/en-GB/shop/fresh-food/all?department=Christmas%20Meat%2C%20Poultry%20%26%20Fish&viewAll=department&page=,£15.00,£10.00/kg,,,/groceries/en-GB/products/309485049,https://digitalcontent.api.tesco.com/v2/media/ghs/18cd470c-cddf-4833-a49e-bcb876cb11f7/cabe6eaa-e638-4f4f-8cf5-40f456193751.jpeg?h=225&w=225,
312562067,Tesco Finest Surf & Turf Serves 2,https://www.tesco.com/groceries/en-GB/shop/fresh-food/all?department=Christmas%20Meat%2C%20Poultry%20%26%20Fish&viewAll=department&page=,£35.00,£35.00/kg,,,/groceries/en-GB/products/312562067,https://digitalcontent.api.tesco.com/v2/media/ghs/46a3aabc-2122-4ce7-9802-072b052c070d/f951ec68-8824-4d6c-b14a-ba3c0a12040b.jpeg?h=225&w=225,
309491872,"Tesco Finest Two Bird Roast with Pork, Apple & Cranberry Stuffing Serves 4",https://www.tesco.com/groceries/en-GB/shop/fresh-food/all?department=Christmas%20Meat%2C%20Poultry%20%26%20Fish&viewAll=department&page=,£25.00,£31.25/kg,,,/groceries/en-GB/products/309491872,https://digitalcontent.api.tesco.com/v2/media/ghs/717fb29c-085c-444a-93aa-2f1b1b6bc7f2/e1e1f85d-6648-4b76-b76f-286b227993f8.jpeg?h=225&w=225,
312575850,"Tesco Finest Layered Scottish Salmon, Prawn & Avocado Starters Serves 4",https://www.tesco.com/groceries/en-GB/shop/fresh-food/all?department=Christmas%20Meat%2C%20Poultry%20%26%20Fish&viewAll=department&page=,£10.00,£31.25/kg,,,/groceries/en-GB/products/312575850,https://digitalcontent.api.tesco.com/v2/media/ghs/267c0008-a853-4d7a-8fb3-3b648b99d52e/e41aa11f-25c2-4e7e-867e-1a14eae5008f.jpeg?h=225&w=225,
301832429,Tesco Finest 30-Day Matured Beef Wellington 0.9kg - 1.2kg Serves 4,https://www.tesco.com/groceries/en-GB/shop/fresh-food/all?department=Festive%20Food%20to%20Order&viewAll=department&page=,£48.00,£40.00/kg,,,/groceries/en-GB/products/301832429,https://digitalcontent.api.tesco.com/v2/media/ghs/21485b92-b679-4908-a5c3-aaf4a130a4ad/2b88b6ad-b576-4146-829a-58555a026ca8.jpeg?h=225&w=225,
297906040,Tesco Finest 30-Day Matured Chateaubriand 0.6kg - 1kg Serves 4-5,https://www.tesco.com/groceries/en-GB/shop/fresh-food/all?department=Festive%20Food%20to%20Order&viewAll=department&page=,£45.00,£45.00/kg,,,/groceries/en-GB/products/297906040,https://digitalcontent.api.tesco.com/v2/media/ghs/6b06baf4-31a1-4b9f-986f-a55abab0a79e/7cd58c94-91df-4065-89f9-8d2c63108bbd.jpeg?h=225&w=225,
309459480,Tesco Finest Lamb Guard of Honour with a Leek & Cheddar Stuffing 1.05kg - 1.32kg Serves 3-4,https://www.tesco.com/groceries/en-GB/shop/fresh-food/all?department=Festive%20Food%20to%20Order&viewAll=department&page=,£42.24,£32.00/kg,,,/groceries/en-GB/products/309459480,https://digitalcontent.api.tesco.com/v2/media/ghs/02c6a426-b364-42f3-89b8-755cc40ac58c/bd75aaa1-2e95-4225-965b-22bebb24d600.jpeg?h=225&w=225,
306821551,Tesco Finest Whole Lamb Shoulder with Redcurrant & Maple Glaze Serves 6,https://www.tesco.com/groceries/en-GB/shop/fresh-food/all?department=Festive%20Food%20to%20Order&viewAll=department&page=,£25.00,£14.05/kg,,,/groceries/en-GB/products/306821551,https://digitalcontent.api.tesco.com/v2/media/ghs/ccf64a02-b639-4f9b-b37d-56ee0396716c/c19fbb83-7a1c-4543-94b5-886524657329.jpeg?h=225&w=225,
310157939,Tesco Finest Beef Shin with a Rich Red Wine & Truffle Infused Gravy Serves 8,https://www.tesco.com/groceries/en-GB/shop/fresh-food/all?department=Festive%20Food%20to%20Order&viewAll=department&page=,£30.00,£9.38/kg,,,/groceries/en-GB/products/310157939,https://digitalcontent.api.tesco.com/v2/media/ghs/fb726237-e89e-4cc7-b34d-28b117ca8213/9a9a95d1-5344-4b77-9c71-9a2e00ebc689.jpeg?h=225&w=225,
304389086,Tesco Finest 30-Day Matured Beef Wing Rib 1.5kg - 2.5kg Serves 7-12,https://www.tesco.com/groceries/en-GB/shop/fresh-food/all?department=Festive%20Food%20to%20Order&viewAll=department&page=,£62.50,£25.00/kg,,,/groceries/en-GB/products/304389086,https://digitalcontent.api.tesco.com/v2/media/ghs/a0fe7a0c-62be-4c2c-bdb6-e0f0e73b5432/62eb8f1f-5814-42f8-9e15-241cc983ac6e.jpeg?h=225&w=225,
304413749,"Tesco Turkey, Gammon & Beef Roasting Trio Serves 4",https://www.tesco.com/groceries/en-GB/shop/fresh-food/all?department=Festive%20Food%20to%20Order&viewAll=department&page=,£18.00,£11.12/kg,,,/groceries/en-GB/products/304413749,https://digitalcontent.api.tesco.com/v2/media/ghs/ecdf0391-eb21-46dc-914b-ec78c71d5f77/e38c7286-ce48-4c29-8b70-8a8de1d7d3fd.jpeg?h=225&w=225,
312087857,"Tesco Finest Slow Cooked Free Range Bronze Turkey Breast Joint with Pork, Sage & Onion Stuffing & Turkey Gravy Serves 6",https://www.tesco.com/groceries/en-GB/shop/fresh-food/all?department=Festive%20Food%20to%20Order&viewAll=department&page=,£35.00,£28.00/kg,,,/groceries/en-GB/products/312087857,https://digitalcontent.api.tesco.com/v2/media/ghs/d95912fa-610a-45fe-9075-83bcbd15e109/53cecacc-e523-4a32-80a0-4ac74bfdcca2.jpeg?h=225&w=225,
312111386,Tesco Organic Bronze Crown 1kg - 2.25kg Serves 4-10,https://www.tesco.com/groceries/en-GB/shop/fresh-food/all?department=Festive%20Food%20to%20Order&viewAll=department&page=,£45.00,£20.00/kg,,,/groceries/en-GB/products/312111386,https://digitalcontent.api.tesco.com/v2/media/ghs/31163669-0764-45ce-b459-36496d71b49b/69d2455c-5da5-4b45-828e-d3f4607d3426.jpeg?h=225&w=225,
309752269,Tesco Finest Garnish Pack Serves 6,https://www.tesco.com/groceries/en-GB/shop/fresh-food/all?department=Festive%20Food%20to%20Order&viewAll=department&page=,£12.00,£8.11/kg,,,/groceries/en-GB/products/309752269,https://digitalcontent.api.tesco.com/v2/media/ghs/34b4c5f3-3024-4b11-9213-947fbd13f995/e763370d-c18d-4fd9-8fd7-e6106434f280.jpeg?h=225&w=225,
312214011,"Tesco Finest Pork, Honey & Leek Stuffing Wreath with a Cranberry Glaze Serves 8",https://www.tesco.com/groceries/en-GB/shop/fresh-food/all?department=Festive%20Food%20to%20Order&viewAll=department&page=,£11.00,£16.06/kg,,,/groceries/en-GB/products/312214011,https://digitalcontent.api.tesco.com/v2/media/ghs/5f76f2ad-3224-4185-8a6e-e79a73762fad/9260d2df-fb0c-4fcf-a121-38b971e3a71e.jpeg?h=225&w=225,
309497059,"Tesco Pork, Sage & Caramelised Onion Stuffed Turkey Crown Serves 6-8",https://www.tesco.com/groceries/en-GB/shop/fresh-food/all?department=Festive%20Food%20to%20Order&viewAll=department&page=,£32.00,£16.00/kg,,,/groceries/en-GB/products/309497059,https://digitalcontent.api.tesco.com/v2/media/ghs/f3ef3826-ca2f-41f7-88d0-95ccc83a47be/77d517f8-cfa7-4040-82d5-265cfaf2d5bb.jpeg?h=225&w=225,
312088729,"Tesco Finest Free Range Bronze Turkey Breast Joint with Pork, Honey & Pancetta Stuffing Serves 4",https://www.tesco.com/groceries/en-GB/shop/fresh-food/all?department=Festive%20Food%20to%20Order&viewAll=department&page=,£32.00,£35.56/kg,,,/groceries/en-GB/products/312088729,https://digitalcontent.api.tesco.com/v2/media/ghs/51e48bd1-b457-4ed7-84fa-9b70690019bf/e2c46e56-a1f8-4fb4-a59b-f6c82474758e.jpeg?h=225&w=225,
312347280,Tesco Finest Free Range Bronze Stuffed Turkey Crown with Slow Cooked Stuffed Thighs & Turkey Gravy 2.3kg - 3.1kg Serves 8-12,https://www.tesco.com/groceries/en-GB/shop/fresh-food/all?department=Festive%20Food%20to%20Order&viewAll=department&page=,£62.00,£20.00/kg,,,/groceries/en-GB/products/312347280,https://digitalcontent.api.tesco.com/v2/media/ghs/8db4cade-48b6-49fc-8fa2-b1ad0daba264/6871a853-de3f-4a90-aa4f-ce8e099ebdff.jpeg?h=225&w=225,
312103563,"Tesco Finest Free Range Bronze Turkey Crown with Pork, Cranberry & Chestnut Stuffing 2.2kg - 2.9kg Serves 8-12",https://www.tesco.com/groceries/en-GB/shop/fresh-food/all?department=Festive%20Food%20to%20Order&viewAll=department&page=,£58.00,£20.00/kg,,,/groceries/en-GB/products/312103563,https://digitalcontent.api.tesco.com/v2/media/ghs/f81777e8-3c94-4a69-bb1b-8bee5364324d/58996b9b-03bb-4023-9797-215e4ff0282a.jpeg?h=225&w=225,
302065553,Tesco Prepared Vegetable Selection Serves 4,https://www.tesco.com/groceries/en-GB/shop/fresh-food/all?department=Festive%20Food%20to%20Order&viewAll=department&page=,£13.00,£4.82/kg,,,/groceries/en-GB/products/302065553,https://digitalcontent.api.tesco.com/v2/media/ghs/a2d5f53c-91b0-4d59-b60b-791867bc6b9a/9ee032ab-ffea-4557-aec6-f2af362ada77.jpeg?h=225&w=225,
294083324,Tesco Pigs in Blankets 36 Pieces Serves 12,https://www.tesco.com/groceries/en-GB/shop/fresh-food/all?department=Festive%20Food%20to%20Order&viewAll=department&page=,£11.00,£0.31/each,,,/groceries/en-GB/products/294083324,https://digitalcontent.api.tesco.com/v2/media/ghs/255b3862-dad5-4121-8e7c-fc7a26762d15/3ff1953b-4793-4a43-9ecb-79ee26a3910a.jpeg?h=225&w=225,
312096472,Tesco Finest Free Range Bronze Turkey Crown Medium 2kg - 2.75kg Serves 9-13,https://www.tesco.com/groceries/en-GB/shop/fresh-food/all?department=Festive%20Food%20to%20Order&viewAll=department&page=,£45.38,£16.50/kg,,,/groceries/en-GB/products/312096472,https://digitalcontent.api.tesco.com/v2/media/ghs/d7ec2201-5353-4e3a-9a0e-977fabd8b536/d598b669-a49e-4639-8f54-3881321083bc.jpeg?h=225&w=225,
312085767,Tesco Finest Free Range Bronze Turkey Crown Large 2.76kg - 3.5kg Serves 14-17,https://www.tesco.com/groceries/en-GB/shop/fresh-food/all?department=Festive%20Food%20to%20Order&viewAll=department&page=,£57.75,£16.50/kg,,,/groceries/en-GB/products/312085767,https://digitalcontent.api.tesco.com/v2/media/ghs/a827f474-b143-4de4-8dec-390a4a7b223b/5a909873-0e79-406f-bb74-489e784b7729.jpeg?h=225&w=225,
311949928,Tesco Finest Free Range Bronze Turkey Crown Small 1kg - 1.99kg Serves 4-8,https://www.tesco.com/groceries/en-GB/shop/fresh-food/all?department=Festive%20Food%20to%20Order&viewAll=department&page=,£32.84,£16.50/kg,,,/groceries/en-GB/products/311949928,https://digitalcontent.api.tesco.com/v2/media/ghs/afb9c802-3864-4004-86e3-f8062cd8162a/54a80d07-d833-4f50-b42e-878e726b64fa.jpeg?h=225&w=225,
304417139,Tesco Finest Sweet Potato & Red Cabbage Christmas Log Serves 4,https://www.tesco.com/groceries/en-GB/shop/fresh-food/all?department=Festive%20Food%20to%20Order&viewAll=department&page=,£11.00,£1.30/100g,,,/groceries/en-GB/products/304417139,https://digitalcontent.api.tesco.com/v2/media/ghs/dc744927-2f49-4fbc-a861-9fb8dee997a1/a8ab1693-e59a-4451-8f26-d2456a39b8fd.jpeg?h=225&w=225,
309474259,Tesco Finest Spiced Butternut Squash & Feta Filo Bake Serves 4,https://www.tesco.com/groceries/en-GB/shop/fresh-food/all?department=Festive%20Food%20to%20Order&viewAll=department&page=,£11.00,£1.38/100g,,,/groceries/en-GB/products/309474259,https://digitalcontent.api.tesco.com/v2/media/ghs/dda99b8d-b07c-4913-8a0a-2169796b4ce4/de73ba1c-ee98-4db1-87ae-39fb618735b2.jpeg?h=225&w=225,
293943933,Tesco Finest Four Brie & Cranberry Parcels Serves 4,https://www.tesco.com/groceries/en-GB/shop/fresh-food/all?department=Festive%20Food%20to%20Order&viewAll=department&page=,£11.00,£1.38/100g,,,/groceries/en-GB/products/293943933,https://digitalcontent.api.tesco.com/v2/media/ghs/70a35216-1b4c-4a3d-81da-c4218fc10b91/f05051ef-6266-42d5-93b5-addea283abab.jpeg?h=225&w=225,
293943910,Tesco Finest Four Mushroom & Spinach Vol-au-Vents Serves 4,https://www.tesco.com/groceries/en-GB/shop/fresh-food/all?department=Festive%20Food%20to%20Order&viewAll=department&page=,£11.00,£1.38/100g,,,/groceries/en-GB/products/293943910,https://digitalcontent.api.tesco.com/v2/media/ghs/a6b66894-80c5-4718-aaa3-872552c1a628/c841893c-e30b-4164-88e1-b223921b5c20.jpeg?h=225&w=225,
302063457,Tesco Finest Stuffed Half Butternut Squash Serves 4,https://www.tesco.com/groceries/en-GB/shop/fresh-food/all?department=Festive%20Food%20to%20Order&viewAll=department&page=,£10.00,£1.54/100g,,,/groceries/en-GB/products/302063457,https://digitalcontent.api.tesco.com/v2/media/ghs/f2c4dd9b-6490-45f3-be88-724731e9fc36/e9327c6c-2c4c-4a1a-bcc3-8c568b06794b.jpeg?h=225&w=225,
280919390,Tesco Finest Free Range Heritage Narragansett Turkey Crown 2kg - 3kg Serves 9-14,https://www.tesco.com/groceries/en-GB/shop/fresh-food/all?department=Festive%20Food%20to%20Order&viewAll=department&page=,£60.00,£20.00/kg,,,/groceries/en-GB/products/280919390,https://digitalcontent.api.tesco.com/v2/media/ghs/209b53c7-ee85-411f-8835-f1aaa4af5ce4/67266a54-c33d-4e9e-bd43-b98fb5583303.jpeg?h=225&w=225,
294203149,Tesco Ready to Cook Fresh Vegetable Selection Serves 6,https://www.tesco.com/groceries/en-GB/shop/fresh-food/all?department=Festive%20Food%20to%20Order&viewAll=department&page=,£8.50,£0.27/100g,,,/groceries/en-GB/products/294203149,https://digitalcontent.api.tesco.com/v2/media/ghs/e8ca34bf-69b0-4085-b7c9-910aedb287dd/9a1a78b5-3f1d-4425-b77c-befb1fc1bcd8.jpeg?h=225&w=225,
312570285,"Tesco Turkey Breast Joint with Pork, Apple & Chestnut Stuffing Serves 2-3",https://www.tesco.com/groceries/en-GB/shop/fresh-food/all?department=Festive%20Food%20to%20Order&viewAll=department&page=,£10.00,£20.00/kg,,,/groceries/en-GB/products/312570285,https://digitalcontent.api.tesco.com/v2/media/ghs/2041a749-9f81-4021-a354-106fd954f723/92589ad1-a4ce-462d-a214-f9b089f8281c.jpeg?h=225&w=225,
309751749,Tesco Finest Three Cheese Cauliflower Gratin Serves 6,https://www.tesco.com/groceries/en-GB/shop/fresh-food/all?department=Festive%20Food%20to%20Order&viewAll=department&page=,£6.50,£0.79/100g,,,/groceries/en-GB/products/309751749,https://digitalcontent.api.tesco.com/v2/media/ghs/ec5de486-dfa2-4481-adde-064d0e70175b/5d98fc82-289c-49f0-ade0-ab49049b2475.jpeg?h=225&w=225,
304369156,"Tesco Finest Carrot, Potato & Butternut Squash Gratin Serves 4",https://www.tesco.com/groceries/en-GB/shop/fresh-food/all?department=Festive%20Food%20to%20Order&viewAll=department&page=,£6.50,£0.81/100g,,,/groceries/en-GB/products/304369156,https://digitalcontent.api.tesco.com/v2/media/ghs/bf95db95-0366-4ff5-921d-581179990d5f/cc1283dc-e0db-4815-a2fc-ebf92f26a7d2.jpeg?h=225&w=225,
309485049,Tesco St Clement’s Turkey Trio Serves 6,https://www.tesco.com/groceries/en-GB/shop/fresh-food/all?department=Festive%20Food%20to%20Order&viewAll=department&page=,£15.00,£10.00/kg,,,/groceries/en-GB/products/309485049,https://digitalcontent.api.tesco.com/v2/media/ghs/18cd470c-cddf-4833-a49e-bcb876cb11f7/cabe6eaa-e638-4f4f-8cf5-40f456193751.jpeg?h=225&w=225,
255971908,"Tesco Pork, Sage & Onion Stuffed Turkey Breast Joint Serves 6",https://www.tesco.com/groceries/en-GB/shop/fresh-food/all?department=Festive%20Food%20to%20Order&viewAll=department&page=,£15.00,£12.80/kg,,,/groceries/en-GB/products/255971908,https://digitalcontent.api.tesco.com/v2/media/ghs/f0cd7163-3d3c-4ce3-a633-843752511e76/97f6a223-140d-4b41-aa48-5736c7850e50.jpeg?h=225&w=225,
259435328,Tesco Basted Turkey Joint with Black Pepper Serves 6,https://www.tesco.com/groceries/en-GB/shop/fresh-food/all?department=Festive%20Food%20to%20Order&viewAll=department&page=,£12.00,£10.91/kg,,,/groceries/en-GB/products/259435328,https://digitalcontent.api.tesco.com/v2/media/ghs/a574bd01-eeb0-4a4f-ad2c-6260632ced1b/e2708b22-01e9-4eba-a455-6e8b3585f5a5.jpeg?h=225&w=225,
312580296,Wicked Kitchen Wicked Wellington Serves 4,https://www.tesco.com/groceries/en-GB/shop/fresh-food/all?department=Festive%20Food%20to%20Order&viewAll=department&page=,£5.00,£10.31/kg,,,/groceries/en-GB/products/312580296,https://digitalcontent.api.tesco.com/v2/media/ghs/de885a09-8a7d-4d07-b517-d2435a7ecd29/4dc5cd38-a14a-41a8-afbe-a4374bc48d6c.jpeg?h=225&w=225,
309790725,Wicked Kitchen No-Turkey Roast Crown Serves 4,https://www.tesco.com/groceries/en-GB/shop/fresh-food/all?department=Festive%20Food%20to%20Order&viewAll=department&page=,£5.00,£8.93/kg,,,/groceries/en-GB/products/309790725,https://digitalcontent.api.tesco.com/v2/media/ghs/f92b3fee-5984-4ba5-8297-8981f10b4f4e/d9cdf5a4-bcfa-49ba-82ad-cef6daa7e7bd.jpeg?h=225&w=225,
312697803,Wicked Kitchen Meat Free Maple Bangers in Blankets Serves 10,https://www.tesco.com/groceries/en-GB/shop/fresh-food/all?department=Festive%20Food%20to%20Order&viewAll=department&page=,£3.50,£14.90/kg,,,/groceries/en-GB/products/312697803,https://digitalcontent.api.tesco.com/v2/media/ghs/d4117bb0-99d4-4309-ae43-f552c82b9b1d/c2f36d79-960a-4fdf-a6f7-1303240cca0d.jpeg?h=225&w=225,
256299639,Tesco Turkey Crown Medium 2.3kg - 3.19kg Serves 8-11,https://www.tesco.com/groceries/en-GB/shop/fresh-food/all?department=Festive%20Food%20to%20Order&viewAll=department&page=,£28.71,£9.00/kg,,,/groceries/en-GB/products/256299639,https://digitalcontent.api.tesco.com/v2/media/ghs/de949d7b-76b8-4105-a686-8570d33c721a/81cff74d-f2e3-43b6-9773-f352d4cfcc68.jpeg?h=225&w=225,
285000731,Tesco Turkey Crown Small 1.2kg - 2.29kg Serves 3-7,https://www.tesco.com/groceries/en-GB/shop/fresh-food/all?department=Festive%20Food%20to%20Order&viewAll=department&page=,£20.61,£9.00/kg,,,/groceries/en-GB/products/285000731,https://digitalcontent.api.tesco.com/v2/media/ghs/7cafbd3e-eefe-4d80-a0c6-4fdbf8fe881b/0331d0cb-228e-4229-982e-1e32a6b8a81a.jpeg?h=225&w=225,
274484139,Tesco Turkey Crown Large 3.2kg-4.09kg Serves 12-15,https://www.tesco.com/groceries/en-GB/shop/fresh-food/all?department=Festive%20Food%20to%20Order&viewAll=department&page=,£36.81,£9.00/kg,,,/groceries/en-GB/products/274484139,https://digitalcontent.api.tesco.com/v2/media/ghs/f458c82a-081f-4276-808f-2cc08162c50b/04c62b29-2278-4684-bf05-d6cc326ad063.jpeg?h=225&w=225,
255865979,Tesco Whole Turkey Medium 4.5kg - 5.99kg Serves 11-14,https://www.tesco.com/groceries/en-GB/shop/fresh-food/all?department=Festive%20Food%20to%20Order&viewAll=department&page=,£29.95,£5.00/kg,,,/groceries/en-GB/products/255865979,https://digitalcontent.api.tesco.com/v2/media/ghs/87137ca4-4582-4747-b5f7-31b38606f86f/d3b70cfb-0b3d-43a4-b566-b52152742835.jpeg?h=225&w=225,
297729997,Tesco Whole Turkey Small 2.5kg - 4.5kg Serves 6-10,https://www.tesco.com/groceries/en-GB/shop/fresh-food/all?department=Festive%20Food%20to%20Order&viewAll=department&page=,£22.50,£5.00/kg,,,/groceries/en-GB/products/297729997,https://digitalcontent.api.tesco.com/v2/media/ghs/ce09710c-6862-4644-9280-3749993788d6/95fcadcb-5172-4ff7-8d9e-b57b97219987.jpeg?h=225&w=225,
274499807,Tesco Whole Turkey Large 6kg - 7.49kg Serves 15-18,https://www.tesco.com/groceries/en-GB/shop/fresh-food/all?department=Festive%20Food%20to%20Order&viewAll=department&page=,£37.45,£5.00/kg,,,/groceries/en-GB/products/274499807,https://digitalcontent.api.tesco.com/v2/media/ghs/91e525d1-d413-4ddb-b444-cd97978a5957/01a7a733-4537-4c97-9dd0-c3eb1e4d534a.jpeg?h=225&w=225,
312108022,Tesco Finest 3-Tier Seafood Platter Serves 6,https://www.tesco.com/groceries/en-GB/shop/fresh-food/all?department=Festive%20Food%20to%20Order&viewAll=department&page=,£55.00,£40.96/kg,,,/groceries/en-GB/products/312108022,https://digitalcontent.api.tesco.com/v2/media/ghs/5ca31a08-be8d-4b9b-ad84-d4dbae5d83db/58a4c470-ffd3-49c0-9a78-6a8f956d4bed.jpeg?h=225&w=225,
312711102,Tesco Finest Slow Cooked Pork Belly Serves 8,https://www.tesco.com/groceries/en-GB/shop/fresh-food/all?department=Festive%20Food%20to%20Order&viewAll=department&page=,£30.00,£14.06/kg,,,/groceries/en-GB/products/312711102,https://digitalcontent.api.tesco.com/v2/media/ghs/ac36b0d7-43c3-42e4-9924-5321cf2576e0/ef4fe7e5-fd89-41e4-8dea-f796912673aa.jpeg?h=225&w=225,
297938093,Tesco Maple & Bourbon Crackling Gammon Joint Serves 13,https://www.tesco.com/groceries/en-GB/shop/fresh-food/all?department=Festive%20Food%20to%20Order&viewAll=department&page=,£19.00,£6.79/kg,,,/groceries/en-GB/products/297938093,https://digitalcontent.api.tesco.com/v2/media/ghs/184a071b-034f-42be-9715-c440e008e949/0a6f99ef-5068-41e1-8d25-68449b5650ce.jpeg?h=225&w=225,
309757121,Tesco Finest Celebration Cheese Tower Serves approx 30,https://www.tesco.com/groceries/en-GB/shop/fresh-food/all?department=Festive%20Food%20to%20Order&viewAll=department&page=,£35.00,£12.87/kg,,,/groceries/en-GB/products/309757121,https://digitalcontent.api.tesco.com/v2/media/ghs/041aca1d-b934-4de3-96dc-adc1348650d4/9e70e124-e883-48e4-84d5-9dc4aaea4021.jpeg?h=225&w=225,
312342452,Tesco Finest Smoked Salmon & Prawn Antipasti Serves 6,https://www.tesco.com/groceries/en-GB/shop/fresh-food/all?department=Festive%20Food%20to%20Order&viewAll=department&page=,£20.00,£26.32/kg,,,/groceries/en-GB/products/312342452,https://digitalcontent.api.tesco.com/v2/media/ghs/767a81b3-553e-4288-b939-f2031e2e9203/e0b04a0f-7010-4703-bc25-497155a6aab9.jpeg?h=225&w=225,
312100134,Tesco Tomahawk Steak with Wild Garlic & Sea Salt Butter 0.95kg - 1.4kg Serves 4-6,https://www.tesco.com/groceries/en-GB/shop/fresh-food/all?department=Festive%20Food%20to%20Order&viewAll=department&page=,£28.00,£20.00/kg,,,/groceries/en-GB/products/312100134,https://digitalcontent.api.tesco.com/v2/media/ghs/1fd1e656-c0a0-4f42-a1f0-377115f00d48/aacf15d6-2d72-4564-b32c-ef5efddda0dc.jpeg?h=225&w=225,
307355064,Tesco Finest Spanish Serrano Ham Serves 40,https://www.tesco.com/groceries/en-GB/shop/fresh-food/all?department=Festive%20Food%20to%20Order&viewAll=department&page=,£30.00,£15.00/kg,,,/groceries/en-GB/products/307355064,https://digitalcontent.api.tesco.com/v2/media/ghs/0f65c28c-ada3-410c-9d28-e1f78865fd22/9671533b-a94c-44a0-a81d-a0bbb7b1f5ca.jpeg?h=225&w=225,
306936853,Tesco Finest Easy Carve Duck with an Orange & Maple Glaze Serves 5,https://www.tesco.com/groceries/en-GB/shop/fresh-food/all?department=Festive%20Food%20to%20Order&viewAll=department&page=,£25.00,£15.63/kg,,,/groceries/en-GB/products/306936853,https://digitalcontent.api.tesco.com/v2/media/ghs/a42b97be-b9a2-4016-9f6b-cae518c879e1/c89c43b4-919f-49c3-a68c-29d9d7be9710.jpeg?h=225&w=225,
309491872,"Tesco Finest Two Bird Roast with Pork, Apple & Cranberry Stuffing Serves 4",https://www.tesco.com/groceries/en-GB/shop/fresh-food/all?department=Festive%20Food%20to%20Order&viewAll=department&page=,£25.00,£31.25/kg,,,/groceries/en-GB/products/309491872,https://digitalcontent.api.tesco.com/v2/media/ghs/717fb29c-085c-444a-93aa-2f1b1b6bc7f2/e1e1f85d-6648-4b76-b76f-286b227993f8.jpeg?h=225&w=225,
309784899,Tesco Finest Mulled Cherry Ham Joint Serves 17,https://www.tesco.com/groceries/en-GB/shop/fresh-food/all?department=Festive%20Food%20to%20Order&viewAll=department&page=,£22.50,£1.88/100g,,,/groceries/en-GB/products/309784899,https://digitalcontent.api.tesco.com/v2/media/ghs/298e5ecc-7fa5-45ba-8f17-0e44bb6c1c3e/4e2dd0b3-2c9b-4931-a41c-4d9fc6f57dd3.jpeg?h=225&w=225,
312360303,"Tesco Finest Slow Cooked Duck Joint with Pork, Winter Fruits & Brandy Stuffing Serves 4",https://www.tesco.com/groceries/en-GB/shop/fresh-food/all?department=Festive%20Food%20to%20Order&viewAll=department&page=,£25.00,£32.90/kg,,,/groceries/en-GB/products/312360303,https://digitalcontent.api.tesco.com/v2/media/ghs/efbf5aef-38a2-4342-b2a8-82968987ad99/45bed8f2-f378-4a3f-aaef-57a6d414bd56.jpeg?h=225&w=225,
312570164,Tesco Finest Beef Bourguignon Serves 4,https://www.tesco.com/groceries/en-GB/shop/fresh-food/all?department=Festive%20Food%20to%20Order&viewAll=department&page=,£12.50,£1.05/100g,,,/groceries/en-GB/products/312570164,https://digitalcontent.api.tesco.com/v2/media/ghs/d3827ec6-eff0-45fd-90db-5d0d45fa81c5/a035afc1-bdbe-41f8-bd8c-0845f03b39d6.jpeg?h=225&w=225,
312101369,Tesco Finest Two Thermidor Wild Lobster Tails Serves 2,https://www.tesco.com/groceries/en-GB/shop/fresh-food/all?department=Festive%20Food%20to%20Order&viewAll=department&page=,£18.00,£69.24/kg,,,/groceries/en-GB/products/312101369,https://digitalcontent.api.tesco.com/v2/media/ghs/d2769556-fe6d-4c07-ab07-c2af59cadc33/cdc0c481-5b87-4b40-9b14-48e0f7847157.jpeg?h=225&w=225,
309743546,Tesco Finest Cheese Selection with Crackers & Chutney Serves approx 10,https://www.tesco.com/groceries/en-GB/shop/fresh-food/all?department=Festive%20Food%20to%20Order&viewAll=department&page=,£22.00,£22.00/each,,,/groceries/en-GB/products/309743546,https://digitalcontent.api.tesco.com/v2/media/ghs/435927ad-fb2f-4636-bd70-c29441cea642/ba138611-462c-46f6-ae76-bc3dbcd88312.jpeg?h=225&w=225,
312701759,Tesco Finest Fish Pie Serves 4,https://www.tesco.com/groceries/en-GB/shop/fresh-food/all?department=Festive%20Food%20to%20Order&viewAll=department&page=,£16.00,£1.34/100g,,,/groceries/en-GB/products/312701759,https://digitalcontent.api.tesco.com/v2/media/ghs/90af5651-e181-4c29-aa02-4b57a68d44b4/bbb7878f-c7ba-4910-ac38-849b45a866e6.jpeg?h=225&w=225,
313381357,Tesco Finest Chocolate Winter Village Cake Serves 16,https://www.tesco.com/groceries/en-GB/shop/fresh-food/all?department=Festive%20Food%20to%20Order&viewAll=department&page=,£17.00,£17.00/each,,,/groceries/en-GB/products/313381357,https://digitalcontent.api.tesco.com/v2/media/ghs/86de7623-5b37-4389-adbb-e7f0425e20f0/38e4ca7f-5668-48de-ab5c-bf268734eefb.jpeg?h=225&w=225,
312562928,Tesco Finest Chicken Crown with Chestnut & Cranberry Stuffing 0.9kg - 1.1kg Serves 4,https://www.tesco.com/groceries/en-GB/shop/fresh-food/all?department=Festive%20Food%20to%20Order&viewAll=department&page=,£14.00,£14.00/kg,,,/groceries/en-GB/products/312562928,https://digitalcontent.api.tesco.com/v2/media/ghs/05320c90-b0c9-42e9-bd8f-6673b22616c8/74140815-12e6-4734-9947-1f9890099a7a.jpeg?h=225&w=225,
312355258,Tesco Finest Cola Flavour Gammon with Treacle Glaze 1.4kg - 1.9kg Serves min 5,https://www.tesco.com/groceries/en-GB/shop/fresh-food/all?department=Festive%20Food%20to%20Order&viewAll=department&page=,£19.00,£10.00/kg,,,/groceries/en-GB/products/312355258,https://digitalcontent.api.tesco.com/v2/media/ghs/1e89f8fa-b5c4-4bc5-a9d6-14562bbc3471/2a978461-83c3-4ec2-9f86-c7b1dc75d677.jpeg?h=225&w=225,
304780394,Tesco Finest Dry Cured Gammon Joint with Muscovado Glaze Serves 6,https://www.tesco.com/groceries/en-GB/shop/fresh-food/all?department=Festive%20Food%20to%20Order&viewAll=department&page=,£10.00,£10.00/kg,,,/groceries/en-GB/products/304780394,https://digitalcontent.api.tesco.com/v2/media/ghs/ad1e7eb0-c9f8-4d0f-b3fc-925d691c95f4/2edea693-c16a-4ce7-bb73-68b205f735d5.jpeg?h=225&w=225,
309466851,Tesco Finest Dry Cured Blood Orange Gammon Joint with a Sweet Rub and a Blood Orange Glaze Serves 6,https://www.tesco.com/groceries/en-GB/shop/fresh-food/all?department=Festive%20Food%20to%20Order&viewAll=department&page=,£10.00,£10.00/kg,,,/groceries/en-GB/products/309466851,https://digitalcontent.api.tesco.com/v2/media/ghs/c3fe66f6-dbec-425c-87bf-411931a63eff/7de178f6-9a9c-4025-bae2-caf268a4f85f.jpeg?h=225&w=225,
309484989,Tesco Finest Ready to Cook Coated King Prawn Selection Serves 4,https://www.tesco.com/groceries/en-GB/shop/fresh-food/all?department=Festive%20Food%20to%20Order&viewAll=department&page=,£12.00,£20.00/kg,,,/groceries/en-GB/products/309484989,https://digitalcontent.api.tesco.com/v2/media/ghs/95dda343-78df-4e7a-bab6-43b5623a7666/da02f0d1-2075-4436-9d8a-cc32308e73f1.jpeg?h=225&w=225,
312227557,Tesco Finest Four Coquilles St Jacques Serves 4,https://www.tesco.com/groceries/en-GB/shop/fresh-food/all?department=Festive%20Food%20to%20Order&viewAll=department&page=,£12.00,£24.20/kg,,,/groceries/en-GB/products/312227557,https://digitalcontent.api.tesco.com/v2/media/ghs/63bd6644-ca70-4ae4-a76e-94edd2d60a68/e68720ae-7c59-4248-8fac-ad23e7f75269.jpeg?h=225&w=225,
297708360,Tesco Finest Free Range Whole Chicken 1.9kg - 2.3kg Serves 6-7,https://www.tesco.com/groceries/en-GB/shop/fresh-food/all?department=Festive%20Food%20to%20Order&viewAll=department&page=,£12.00,£6.32/kg,,,/groceries/en-GB/products/297708360,https://digitalcontent.api.tesco.com/v2/media/ghs/e5b58f9b-8f91-4c32-a61f-60f570235fec/9167b74c-432d-4b1b-91aa-e3a0aeaab79f.jpeg?h=225&w=225,
312558272,Tesco Finest Eggs Benedict with Wiltshire Ham Serves 8,https://www.tesco.com/groceries/en-GB/shop/fresh-food/all?department=Festive%20Food%20to%20Order&viewAll=department&page=,£15.00,£1.71/100g,,,/groceries/en-GB/products/312558272,https://digitalcontent.api.tesco.com/v2/media/ghs/15a3cf43-7378-4d94-bbe1-3e4133a6aaa6/441a3b5b-6010-46da-ad79-7bd6dcd29b52.jpeg?h=225&w=225,
299037712,"Tesco Finest Crackling Pork Roast with Apple, Cranberry & Honey Stuffing 1.5kg - 1.8kg Serves 6",https://www.tesco.com/groceries/en-GB/shop/fresh-food/all?department=Festive%20Food%20to%20Order&viewAll=department&page=,£15.30,£8.50/kg,,New,/groceries/en-GB/products/299037712,https://digitalcontent.api.tesco.com/v2/media/ghs/55838c79-a5df-4c08-bd36-edcbca69c365/36c4f77f-c481-4b44-a63e-a95c07a9f8b5.jpeg?h=225&w=225,
312848015,"Tesco Bacon, Cheese & Chilli Naans Serves 6",https://www.tesco.com/groceries/en-GB/shop/fresh-food/all?department=Festive%20Food%20to%20Order&viewAll=department&page=,£14.00,£1.80/100g,,,/groceries/en-GB/products/312848015,https://digitalcontent.api.tesco.com/v2/media/ghs/cefd16eb-b0b4-4979-80aa-471a62cdd373/4c9a1fba-935c-45c6-9d51-9022ddbf4f30.jpeg?h=225&w=225,
304387347,Tesco Finest Cheese Bakes Serves 10,https://www.tesco.com/groceries/en-GB/shop/fresh-food/all?department=Festive%20Food%20to%20Order&viewAll=department&page=,£13.00,£2.17/100g,,,/groceries/en-GB/products/304387347,https://digitalcontent.api.tesco.com/v2/media/ghs/73a6ab1d-8cf6-441b-8bf4-e64fd7aa2d43/912a6bcb-b08b-4fa0-9adb-0a565f031db5.jpeg?h=225&w=225,
312339514,Tesco Finest Caramel Cascade Pudding Serves 8,https://www.tesco.com/groceries/en-GB/shop/fresh-food/all?department=Festive%20Food%20to%20Order&viewAll=department&page=,£12.00,£1.50/100g,,,/groceries/en-GB/products/312339514,https://digitalcontent.api.tesco.com/v2/media/ghs/7de2c2ae-c110-4bdc-9555-539d6cfd5364/75534b14-e6ed-4e00-9933-704af9c2bf25.jpeg?h=225&w=225,
312852378,Tesco Macaron Selection 24 pieces Serves 12,https://www.tesco.com/groceries/en-GB/shop/fresh-food/all?department=Festive%20Food%20to%20Order&viewAll=department&page=,£12.00,£4.55/100g,,,/groceries/en-GB/products/312852378,https://digitalcontent.api.tesco.com/v2/media/ghs/2f1cac6f-4206-42e5-82db-00134b0fb612/606614d8-1a54-4907-aede-5a8e73ee1ea9.jpeg?h=225&w=225,
302056570,Tesco Finest Blue Stilton Serves approx 10,https://www.tesco.com/groceries/en-GB/shop/fresh-food/all?department=Festive%20Food%20to%20Order&viewAll=department&page=,£13.00,£13.00/kg,,,/groceries/en-GB/products/302056570,https://digitalcontent.api.tesco.com/v2/media/ghs/344d1cc3-fc48-4267-a10c-ab433912cc73/e81f6f29-7a91-469b-b2cf-9acd86f8897e.jpeg?h=225&w=225,
304409784,Tesco Finest Mini Tarts Selection Serves 18,https://www.tesco.com/groceries/en-GB/shop/fresh-food/all?department=Festive%20Food%20to%20Order&viewAll=department&page=,£13.00,£0.72/each,,,/groceries/en-GB/products/304409784,https://digitalcontent.api.tesco.com/v2/media/ghs/b0128644-7f0a-40a7-996a-8f712ac4f176/b6f1a1e2-4a0b-43fc-9e81-6d3cea843a0e.jpeg?h=225&w=225,
309742138,Tesco Finest Scottish Smoked Salmon Blini Kit Serves 8,https://www.tesco.com/groceries/en-GB/shop/fresh-food/all?department=Festive%20Food%20to%20Order&viewAll=department&page=,£15.00,£2.64/100g,,,/groceries/en-GB/products/309742138,https://digitalcontent.api.tesco.com/v2/media/ghs/e1b378a6-8c9d-4c37-bf36-50fd48247d22/0e68369d-ab13-43a6-94d2-2f473c9f8c56.jpeg?h=225&w=225,
312575850,"Tesco Finest Layered Scottish Salmon, Prawn & Avocado Starters Serves 4",https://www.tesco.com/groceries/en-GB/shop/fresh-food/all?department=Festive%20Food%20to%20Order&viewAll=department&page=,£10.00,£31.25/kg,,,/groceries/en-GB/products/312575850,https://digitalcontent.api.tesco.com/v2/media/ghs/267c0008-a853-4d7a-8fb3-3b648b99d52e/e41aa11f-25c2-4e7e-867e-1a14eae5008f.jpeg?h=225&w=225,
312342291,Tesco Finest Christmas Present Blonde Chocolate Torte Bar Serves 6,https://www.tesco.com/groceries/en-GB/shop/fresh-food/all?department=Festive%20Food%20to%20Order&viewAll=department&page=,£11.00,£1.74/100g,,,/groceries/en-GB/products/312342291,https://digitalcontent.api.tesco.com/v2/media/ghs/b40887c3-35eb-4b08-a3f4-9856db569e63/cff0fa55-990c-4ef0-8894-9d673407db3b.jpeg?h=225&w=225,
309768655,Tesco Finest Triple Chocolate Celebration Cheesecake Serves 8,https://www.tesco.com/groceries/en-GB/shop/fresh-food/all?department=Festive%20Food%20to%20Order&viewAll=department&page=,£11.00,£1.28/100g,,,/groceries/en-GB/products/309768655,https://digitalcontent.api.tesco.com/v2/media/ghs/3eacb567-ca5d-4545-ba18-9fe8cfa00630/314ae28f-0990-4a1a-bc1c-592146d782f2.jpeg?h=225&w=225,
312230659,Tesco Finest Espresso Martini Dessert Serves 8,https://www.tesco.com/groceries/en-GB/shop/fresh-food/all?department=Festive%20Food%20to%20Order&viewAll=department&page=,£11.00,£1.38/100g,,,/groceries/en-GB/products/312230659,https://digitalcontent.api.tesco.com/v2/media/ghs/9c2acbc4-1fe4-456b-9165-98a3ed5db9bf/f1071aa7-b051-4f94-9bb0-ccd1b3791b77.jpeg?h=225&w=225,
312841823,"Tesco Smoked Ham & Emmental Croissants and Tesco Mozzarella, Tomato & Pesto Croissants Serves 6",https://www.tesco.com/groceries/en-GB/shop/fresh-food/all?department=Festive%20Food%20to%20Order&viewAll=department&page=,£10.00,£1.71/100g,,,/groceries/en-GB/products/312841823,https://digitalcontent.api.tesco.com/v2/media/ghs/26babddb-7a83-4a33-9530-6b95d868ee2b/d652dc39-1f75-4022-b288-5c9c2ee1d172.jpeg?h=225&w=225,
311694860,Tesco Finest Scottish Salmon Side with Maple & Clementine Glaze Serves 6,https://www.tesco.com/groceries/en-GB/shop/fresh-food/all?department=Festive%20Food%20to%20Order&viewAll=department&page=,£18.00,£22.50/kg,,,/groceries/en-GB/products/311694860,https://digitalcontent.api.tesco.com/v2/media/ghs/7b6a945f-2b8e-4350-8b3e-0e60c1a02fc2/29e1b498-9483-43c4-9ed6-73982af5416d.jpeg?h=225&w=225,
304412105,Tesco Mediterranean Inspired Sharing Platter Serves 10,https://www.tesco.com/groceries/en-GB/shop/fresh-food/all?department=Festive%20Food%20to%20Order&viewAll=department&page=,£8.50,£1.47/100g,,,/groceries/en-GB/products/304412105,https://digitalcontent.api.tesco.com/v2/media/ghs/455f3a36-2698-48d8-acac-d3d717df51ed/8fd4eaf4-3107-40e3-8d1d-ac7c4b374008.jpeg?h=225&w=225,
312357247,Tesco Finest Salmon Wellington Serves 4,https://www.tesco.com/groceries/en-GB/shop/fresh-food/all?department=Festive%20Food%20to%20Order&viewAll=department&page=,£16.00,£20.13/kg,,,/groceries/en-GB/products/312357247,https://digitalcontent.api.tesco.com/v2/media/ghs/f03fba59-9a8b-478c-86c5-76b79f5864c2/2a0f4c19-0e3e-4b08-b34e-5e155e8b1c60.jpeg?h=225&w=225,
309774912,Tesco Finest Raspberry & Peach Bellini Trifle Serves 8,https://www.tesco.com/groceries/en-GB/shop/fresh-food/all?department=Festive%20Food%20to%20Order&viewAll=department&page=,£9.00,£1.16/100g,,,/groceries/en-GB/products/309774912,https://digitalcontent.api.tesco.com/v2/media/ghs/63c2bd04-d5ec-4b38-be78-5adcc8900653/fe465cff-c836-484a-8733-ae72e5e78346.jpeg?h=225&w=225,
297938070,Tesco Finest Jumbo King Prawn Cocktail Serves 4,https://www.tesco.com/groceries/en-GB/shop/fresh-food/all?department=Festive%20Food%20to%20Order&viewAll=department&page=,£8.00,£18.61/kg,,,/groceries/en-GB/products/297938070,https://digitalcontent.api.tesco.com/v2/media/ghs/8b1d6f8d-be7a-483f-89b6-6795d943a005/8594bc80-fb31-4bdd-81f5-0303f91a09a3.jpeg?h=225&w=225,
312845977,Wicked Kitchen Raspberry & Vanilla Layered Dessert Serves 6,https://www.tesco.com/groceries/en-GB/shop/fresh-food/all?department=Festive%20Food%20to%20Order&viewAll=department&page=,£7.00,£1.28/100g,,,/groceries/en-GB/products/312845977,https://digitalcontent.api.tesco.com/v2/media/ghs/88968138-7942-41c0-baf3-9202efdf4aff/eb693a46-f7fe-49db-a6ac-0304dc59050e.jpeg?h=225&w=225,
312827242,Tesco Finest Stem Ginger Tiffin Cracker Serves 12,https://www.tesco.com/groceries/en-GB/shop/fresh-food/all?department=Festive%20Food%20to%20Order&viewAll=department&page=,£8.00,£1.33/100g,,,/groceries/en-GB/products/312827242,https://digitalcontent.api.tesco.com/v2/media/ghs/d46b693c-abd7-4cdd-acb4-6f99320819cb/d15901fa-40fc-4562-bab9-6a9918dfbf8a.jpeg?h=225&w=225,
309745383,Wicked Kitchen Chocolate & Salted Caramel Cake Serves 8,https://www.tesco.com/groceries/en-GB/shop/fresh-food/all?department=Festive%20Food%20to%20Order&viewAll=department&page=,£7.00,£7.00/each,,,/groceries/en-GB/products/309745383,https://digitalcontent.api.tesco.com/v2/media/ghs/08dd425f-4aae-4ebc-94d3-2d1c47c8e779/ddcab3bf-acd7-4d75-b2b1-9a1f3e465b2d.jpeg?h=225&w=225,
309483346,Tesco Finest Sticky Toffee & Pecan Croissant Star Serves 6,https://www.tesco.com/groceries/en-GB/shop/fresh-food/all?department=Festive%20Food%20to%20Order&viewAll=department&page=,£9.00,£1.50/100g,,,/groceries/en-GB/products/309483346,https://digitalcontent.api.tesco.com/v2/media/ghs/7e40f76c-3715-4a0a-8b5b-36bd9619cff2/a6c9b8fa-44c0-4205-b3db-3a6bdc992b40.jpeg?h=225&w=225,
309786685,Tesco Chocolate Yule Log Serves 10,https://www.tesco.com/groceries/en-GB/shop/fresh-food/all?department=Festive%20Food%20to%20Order&viewAll=department&page=,£7.00,£0.97/100g,,,/groceries/en-GB/products/309786685,https://digitalcontent.api.tesco.com/v2/media/ghs/793bdf81-0b8a-4483-a056-358242d3bbcb/cd8105a5-7ed0-4f00-b8ac-c4827a4ef945.jpeg?h=225&w=225,
312562067,Tesco Finest Surf & Turf Serves 2,https://www.tesco.com/groceries/en-GB/shop/fresh-food/all?department=Festive%20Food%20to%20Order&viewAll=department&page=,£35.00,£35.00/kg,,,/groceries/en-GB/products/312562067,https://digitalcontent.api.tesco.com/v2/media/ghs/46a3aabc-2122-4ce7-9802-072b052c070d/f951ec68-8824-4d6c-b14a-ba3c0a12040b.jpeg?h=225&w=225,
312715518,Tesco Finest Continental Platter Serves approx 7,https://www.tesco.com/groceries/en-GB/shop/fresh-food/all?department=Festive%20Food%20to%20Order&viewAll=department&page=,£18.00,£2.73/100g,,,/groceries/en-GB/products/312715518,https://digitalcontent.api.tesco.com/v2/media/ghs/c5c62c4a-1799-4cab-a5ed-a0b1521c2ecb/16c90198-c0d8-4462-8ff5-16ae4598f2c0.jpeg?h=225&w=225,
312227848,"Tesco Finest Cranberry Topped Pork, Turkey & Stuffing Pie Serves 12",https://www.tesco.com/groceries/en-GB/shop/fresh-food/all?department=Festive%20Food%20to%20Order&viewAll=department&page=,£16.50,£1.27/100g,,,/groceries/en-GB/products/312227848,https://digitalcontent.api.tesco.com/v2/media/ghs/37091ec0-9f62-4be5-bc15-746da58140d3/d24def2a-afa3-4465-8962-6bd7519f6574.jpeg?h=225&w=225,
312574085,Tesco Finest Meat & Fish Pate Selection Serves 9,https://www.tesco.com/groceries/en-GB/shop/fresh-food/all?department=Festive%20Food%20to%20Order&viewAll=department&page=,£10.00,£2.67/100g,,,/groceries/en-GB/products/312574085,https://digitalcontent.api.tesco.com/v2/media/ghs/81a038e7-3b01-4d37-b939-35644a53bc09/da25ab0b-a4c1-418d-bf95-631eafe1b26e.jpeg?h=225&w=225,
310130412,Tesco Pork Cranberry & Stuffing Candy Cane Sausage Roll Serves 8,https://www.tesco.com/groceries/en-GB/shop/fresh-food/all?department=Festive%20Food%20to%20Order&viewAll=department&page=,£10.00,£1.54/100g,,,/groceries/en-GB/products/310130412,https://digitalcontent.api.tesco.com/v2/media/ghs/5d4ab244-3fde-470a-bb73-f6fc4710746f/345833fe-0bed-46b2-b102-24ab4b08d7e0.jpeg?h=225&w=225,
310121567,Plant Chef Roasted Vegetable Puff Pastry Crown with Cranberry Dip Serves 10,https://www.tesco.com/groceries/en-GB/shop/fresh-food/all?department=Festive%20Food%20to%20Order&viewAll=department&page=,£9.50,£1.83/100g,,,/groceries/en-GB/products/310121567,https://digitalcontent.api.tesco.com/v2/media/ghs/f7cb5c80-ee74-4a9c-b244-24d27e70b3cb/c94fe1b2-bb1d-4894-9fb7-d5993b2af86b.jpeg?h=225&w=225,
284475550,Tesco Gala Apple Minimum 5 Pack,https://www.tesco.com/groceries/en-GB/shop/fresh-food/all?department=Fresh%20Fruit&viewAll=department&page=,£1.70,£0.28/each,,,/groceries/en-GB/products/284475550,https://digitalcontent.api.tesco.com/v2/media/ghs/806c1a7c-a7ec-431b-a3b5-a8897b22b455/97a7bb52-0785-4325-8ba8-fc7502da8bf1.jpeg?h=225&w=225,
287357000,Tesco Blueberries 250G,https://www.tesco.com/groceries/en-GB/shop/fresh-food/all?department=Fresh%20Fruit&viewAll=department&page=,£3.00,£12.00/kg,,,/groceries/en-GB/products/287357000,https://digitalcontent.api.tesco.com/v2/media/ghs/d59137bb-6249-4399-bec3-2115553bfe6b/839c91f2-5ffa-47a4-be39-d1738121804e.jpeg?h=225&w=225,
284475832,Tesco Granny Smith Apple Minimum 5 Pack,https://www.tesco.com/groceries/en-GB/shop/fresh-food/all?department=Fresh%20Fruit&viewAll=department&page=,£1.70,£0.28/each,,,/groceries/en-GB/products/284475832,https://digitalcontent.api.tesco.com/v2/media/ghs/7e5bcdde-a735-4377-8f3b-535c152d56a8/8ae6264c-a889-4549-a176-e0d42e92c706.jpeg?h=225&w=225,
284477542,Tesco Pink Lady Apple Minimum 5 Pack,https://www.tesco.com/groceries/en-GB/shop/fresh-food/all?department=Fresh%20Fruit&viewAll=department&page=,£2.80,£0.56/each,£2.00 Clubcard Price,,/groceries/en-GB/products/284477542,https://digitalcontent.api.tesco.com/v2/media/ghs/b3a40f17-4dab-4694-a7b6-dc424f4e3537/fc5bc888-6aa5-4950-8dac-768298399c3f.jpeg?h=225&w=225,
284477058,Tesco British Apple Minimum 5 Pack,https://www.tesco.com/groceries/en-GB/shop/fresh-food/all?department=Fresh%20Fruit&viewAll=department&page=,£1.70,£0.34/each,,,/groceries/en-GB/products/284477058,https://digitalcontent.api.tesco.com/v2/media/ghs/a09f6e3c-5a4f-4ca9-9ded-0ea6b94948c9/53d20907-1ee7-4b59-b7aa-82d1b414ddfc.jpeg?h=225&w=225,
288135169,Jaffa Clementine Or Sweet Easy Peeler 600G,https://www.tesco.com/groceries/en-GB/shop/fresh-food/all?department=Fresh%20Fruit&viewAll=department&page=,£2.00,£3.34/kg,£1.50 Clubcard Price,,/groceries/en-GB/products/288135169,https://digitalcontent.api.tesco.com/v2/media/ghs/3b0eaa57-7226-40ac-80f8-1192becd81bf/snapshotimagehandler_6803425.jpeg?h=225&w=225,
303869954,Tesco Organic Fair Trade Bananas 5 Pack,https://www.tesco.com/groceries/en-GB/shop/fresh-food/all?department=Fresh%20Fruit&viewAll=department&page=,£1.35,£0.27/each,,,/groceries/en-GB/products/303869954,https://digitalcontent.api.tesco.com/v2/media/ghs/a080a40d-8326-400f-9033-c612bfb64e6a/6d300670-be3d-43de-a6dc-a1c45eaf6171.jpeg?h=225&w=225,
262640958,Tesco Black Seedless Grapes 500G,https://www.tesco.com/groceries/en-GB/shop/fresh-food/all?department=Fresh%20Fruit&viewAll=department&page=,£2.00,£4.00/kg,,,/groceries/en-GB/products/262640958,https://digitalcontent.api.tesco.com/v2/media/ghs/d98e2228-73a0-406a-9686-f01e4688ccdb/4607a10e-151a-458e-9543-64593a7bce29.jpeg?h=225&w=225,
284475227,Tesco Conference Pears Pack 610G,https://www.tesco.com/groceries/en-GB/shop/fresh-food/all?department=Fresh%20Fruit&viewAll=department&page=,£1.70,£2.79/kg,,,/groceries/en-GB/products/284475227,https://digitalcontent.api.tesco.com/v2/media/ghs/abd164d7-048d-44da-9c89-e965878d48b0/b80dc346-2cdb-4c41-851d-90e36b26f9ce.jpeg?h=225&w=225,
260138290,Tesco Green Seedless Grapes Punnet 500G,https://www.tesco.com/groceries/en-GB/shop/fresh-food/all?department=Fresh%20Fruit&viewAll=department&page=,£2.00,£4.00/kg,,,/groceries/en-GB/products/260138290,https://digitalcontent.api.tesco.com/v2/media/ghs/9ab2326d-936e-4d80-8cd6-550b31bba33a/cf6dc1f5-1bec-420e-9437-dfd5c7246765.jpeg?h=225&w=225,
287377771,Tesco Finest Raspberries 150G,https://www.tesco.com/groceries/en-GB/shop/fresh-food/all?department=Fresh%20Fruit&viewAll=department&page=,£2.50,£16.67/kg,,,/groceries/en-GB/products/287377771,https://digitalcontent.api.tesco.com/v2/media/ghs/e3f7ef44-577f-4139-a982-0eae21171f4c/2744f6f2-9851-4d90-8429-d90941505926.jpeg?h=225&w=225,
260138854,Tesco Red Seedless Grapes Punnet 500G,https://www.tesco.com/groceries/en-GB/shop/fresh-food/all?department=Fresh%20Fruit&viewAll=department&page=,,,,,/groceries/en-GB/products/260138854,https://digitalcontent.api.tesco.com/v2/media/ghs/e474564a-0805-40ad-b6bb-12e2b85231df/d1c6cad7-7c0c-4c1d-95a3-72c73c942585.jpeg?h=225&w=225,This product's currently out of stock
287356888,Tesco Blueberries 150G,https://www.tesco.com/groceries/en-GB/shop/fresh-food/all?department=Fresh%20Fruit&viewAll=department&page=,£2.00,£13.34/kg,£1.50 Clubcard Price,,/groceries/en-GB/products/287356888,https://digitalcontent.api.tesco.com/v2/media/ghs/a7d897fa-9985-4a48-8ee6-3713ee259014/143aae83-78de-4dce-9ba7-c27d13d3858b_1593483018.jpeg?h=225&w=225,
253554170,Jaffa Oranges Minimum 4 Pack,https://www.tesco.com/groceries/en-GB/shop/fresh-food/all?department=Fresh%20Fruit&viewAll=department&page=,£2.00,£0.50/each,£1.50 Clubcard Price,,/groceries/en-GB/products/253554170,https://digitalcontent.api.tesco.com/v2/media/ghs/c606d7c5-e432-4808-8287-97f90ac67be3/c52a9a41-88a7-4746-a048-883057709265.jpeg?h=225&w=225,
287377667,Tesco Raspberries 150G,https://www.tesco.com/groceries/en-GB/shop/fresh-food/all?department=Fresh%20Fruit&viewAll=department&page=,£2.00,£13.34/kg,£1.50 Clubcard Price,,/groceries/en-GB/products/287377667,https://digitalcontent.api.tesco.com/v2/media/ghs/d3c5a4ef-6aef-403a-80f0-4e4c77941aee/322a5e90-1906-49a2-b1a6-5b87ad4db5d8_901601226.jpeg?h=225&w=225,
292249576,Rosedene Farms Small Apple 6 Pack,https://www.tesco.com/groceries/en-GB/shop/fresh-food/all?department=Fresh%20Fruit&viewAll=department&page=,£0.95,£0.16/each,,,/groceries/en-GB/products/292249576,https://digitalcontent.api.tesco.com/v2/media/ghs/76b31b08-a788-4a42-b726-6ad301903ed3/09cbf5e0-4b4c-4ba5-8c4a-e660f12c79d3.jpeg?h=225&w=225,
253554014,Oranges Each,https://www.tesco.com/groceries/en-GB/shop/fresh-food/all?department=Fresh%20Fruit&viewAll=department&page=,£0.30,£0.30/each,,,/groceries/en-GB/products/253554014,https://digitalcontent.api.tesco.com/v2/media/ghs/735fa03e-7a64-4d3e-b824-884e9eaffd85/d3a00dd0-19fe-45cb-9ea6-00c7a74a0d71.jpeg?h=225&w=225,
253561443,Red Grapefruit Each,https://www.tesco.com/groceries/en-GB/shop/fresh-food/all?department=Fresh%20Fruit&viewAll=department&page=,£0.55,£0.55/each,,,/groceries/en-GB/products/253561443,https://digitalcontent.api.tesco.com/v2/media/ghs/106f2ec5-fcea-4ed8-916f-478074ca79e4/b2fd1469-4d85-4f79-98cf-f700cbf5a6f1.jpeg?h=225&w=225,
292250003,Suntrail Farms Grapes 500G,https://www.tesco.com/groceries/en-GB/shop/fresh-food/all?department=Fresh%20Fruit&viewAll=department&page=,£1.35,£2.70/kg,,,/groceries/en-GB/products/292250003,https://digitalcontent.api.tesco.com/v2/media/ghs/500d40b5-1116-4dd8-b962-94d1902b6816/d9c537cc-96ee-4efb-b65e-80dbc01b85f2_315904427.jpeg?h=225&w=225,
253554285,Large Kiwi Fruit Class 1 Each,https://www.tesco.com/groceries/en-GB/shop/fresh-food/all?department=Fresh%20Fruit&viewAll=department&page=,£0.40,£0.40/each,30p Clubcard Price,,/groceries/en-GB/products/253554285,https://digitalcontent.api.tesco.com/v2/media/ghs/fdd2aae8-6ecd-476c-b5ee-9de99cf30da7/801bf4b2-7d95-481a-a739-00aca894efa5.jpeg?h=225&w=225,
288136888,Tesco Orange Minimum 5 Pack,https://www.tesco.com/groceries/en-GB/shop/fresh-food/all?department=Fresh%20Fruit&viewAll=department&page=,£1.50,£0.30/each,80p Clubcard Price,,/groceries/en-GB/products/288136888,https://digitalcontent.api.tesco.com/v2/media/ghs/da58e17f-1c26-49ca-a67c-c0a9acf29362/2d3719cf-6bd3-4217-8365-fe9560697214.jpeg?h=225&w=225,
267528710,Tesco Satsumas 600G,https://www.tesco.com/groceries/en-GB/shop/fresh-food/all?department=Fresh%20Fruit&viewAll=department&page=,£1.20,£2.00/kg,£1.00 Clubcard Price,,/groceries/en-GB/products/267528710,https://digitalcontent.api.tesco.com/v2/media/ghs/02c1f6d4-c481-425a-a1fd-26f6fee7c37f/3b0389fb-896d-4d0d-b1fa-738d95774c1a.jpeg?h=225&w=225,
253556398,Lemons Each,https://www.tesco.com/groceries/en-GB/shop/fresh-food/all?department=Fresh%20Fruit&viewAll=department&page=,,,,,/groceries/en-GB/products/253556398,,This product's currently out of stock
292248312,Rosedene Farms Raspberries 125G,https://www.tesco.com/groceries/en-GB/shop/fresh-food/all?department=Fresh%20Fruit&viewAll=department&page=,£1.39,£11.12/kg,Aldi Price Match,,/groceries/en-GB/products/292248312,,
305831903,Rosedene Farms Gala Apples 6 Pack,https://www.tesco.com/groceries/en-GB/shop/fresh-food/all?department=Fresh%20Fruit&viewAll=department&page=,£0.90,£0.15/each,Aldi Price Match,,/groceries/en-GB/products/305831903,https://digitalcontent.api.tesco.com/v2/media/ghs/8c626692-c63a-4560-b188-1f1dcc3dc77e/c5215187-3b50-4459-b18d-7e8a1f153b91.jpeg?h=225&w=225,
292249484,Rosedene Farms Small Pear Pack 550G,https://www.tesco.com/groceries/en-GB/shop/fresh-food/all?department=Fresh%20Fruit&viewAll=department&page=,£0.85,£1.55/kg,Aldi Price Match,,/groceries/en-GB/products/292249484,https://digitalcontent.api.tesco.com/v2/media/ghs/6d02baf2-a148-4ae1-b6a4-8c98a4517ee2/ea57593f-781b-4d68-8e5e-2beff7b20f61_167442130.jpeg?h=225&w=225,
253560634,Limes Each,https://www.tesco.com/groceries/en-GB/shop/fresh-food/all?department=Fresh%20Fruit&viewAll=department&page=,£0.19,£0.19/each,Aldi Price Match,,/groceries/en-GB/products/253560634,https://digitalcontent.api.tesco.com/v2/media/ghs/5feafddc-576e-456c-8a1c-8fe0374f0b26/893bf43f-6797-429d-974f-622f54b8e3ba.jpeg?h=225&w=225,
292216045,Suntrail Lemons Minimum 4 Pack,https://www.tesco.com/groceries/en-GB/shop/fresh-food/all?department=Fresh%20Fruit&viewAll=department&page=,£0.50,£0.12/each,Aldi Price Match,,/groceries/en-GB/products/292216045,https://digitalcontent.api.tesco.com/v2/media/ghs/c8123341-4bdf-4527-80f7-bf14edec7425/64f88fdf-423a-43b8-a415-3c9721ee1718_1718975739.jpeg?h=225&w=225,
266499399,Tesco Clementine Or Sweet Easy Peeler Pack 600G,https://www.tesco.com/groceries/en-GB/shop/fresh-food/all?department=Fresh%20Fruit&viewAll=department&page=,£1.30,£2.17/kg,79p Clubcard Price,,/groceries/en-GB/products/266499399,https://digitalcontent.api.tesco.com/v2/media/ghs/a6108769-6315-4a69-b1e7-8cf72cb08369/675b058b-495b-4fb1-b5fc-d410b537b968.jpeg?h=225&w=225,
275280804,Bananas Loose,https://www.tesco.com/groceries/en-GB/shop/fresh-food/all?department=Fresh%20Fruit&viewAll=department&page=,£0.14,£0.78/kg,,,/groceries/en-GB/products/275280804,https://digitalcontent.api.tesco.com/v2/media/ghs/e98e3fec-e240-4537-9157-587c472cc800/faf84273-906d-4dc8-98c8-4cfa9fc17aab.jpeg?h=225&w=225,
292248554,Rosedene Farms Blueberries 125G,https://www.tesco.com/groceries/en-GB/shop/fresh-food/all?department=Fresh%20Fruit&viewAll=department&page=,£0.99,£7.92/kg,Aldi Price Match,,/groceries/en-GB/products/292248554,https://digitalcontent.api.tesco.com/v2/media/ghs/576c80ad-0f07-4c94-8932-a59895b72705/392deea1-7fba-491e-972e-8a5cca801561.jpeg?h=225&w=225,
284475671,Tesco Braeburn Apple Minimum 5 Pack,https://www.tesco.com/groceries/en-GB/shop/fresh-food/all?department=Fresh%20Fruit&viewAll=department&page=,£1.70,£0.34/each,79p Clubcard Price,,/groceries/en-GB/products/284475671,https://digitalcontent.api.tesco.com/v2/media/ghs/651290dc-dfe1-49e3-933d-775185a3b7a5/3d5893d8-7956-4d78-89ea-104ff92e859f.jpeg?h=225&w=225,
292249766,Suntrail Farms Kiwi X6,https://www.tesco.com/groceries/en-GB/shop/fresh-food/all?department=Fresh%20Fruit&viewAll=department&page=,£0.95,£0.16/each,Aldi Price Match,,/groceries/en-GB/products/292249766,https://digitalcontent.api.tesco.com/v2/media/ghs/f0a672e4-b889-4a54-ad85-8acf537bcc43/a6222575-e9f3-4982-ab55-9a93f107a694_1539261560.jpeg?h=225&w=225,
255805844,Tesco Perfectly Ripe Mango,https://www.tesco.com/groceries/en-GB/shop/fresh-food/all?department=Fresh%20Fruit&viewAll=department&page=,,,,,/groceries/en-GB/products/255805844,https://digitalcontent.api.tesco.com/v2/media/ghs/ff6187df-f4a3-4e49-91f6-3b8e3324dea2/1c2366f2-3f08-40f4-8501-5b1f97fa4a06.jpeg?h=225&w=225,This product's currently out of stock
254384645,Tesco Honeydew Melon Each,https://www.tesco.com/groceries/en-GB/shop/fresh-food/all?department=Fresh%20Fruit&viewAll=department&page=,£1.69,£1.69/each,Aldi Price Match,,/groceries/en-GB/products/254384645,https://digitalcontent.api.tesco.com/v2/media/ghs/aedeefa1-18cd-4247-a63f-55b34dd07311/c94bad24-ff53-4c7d-8974-6b957f0b2fd2_602669669.jpeg?h=225&w=225,
292275580,Suntrail Farms Ripen At Home Plum 400G,https://www.tesco.com/groceries/en-GB/shop/fresh-food/all?department=Fresh%20Fruit&viewAll=department&page=,£0.68,£1.70/kg,,,/groceries/en-GB/products/292275580,https://digitalcontent.api.tesco.com/v2/media/ghs/49a60a4e-b3ee-4309-8898-7817c43c74a2/34dcda22-99b6-4c1a-95f0-03aeec2583f2.jpeg?h=225&w=225,
311449005,Tesco Pineapple Chunks 300G,https://www.tesco.com/groceries/en-GB/shop/fresh-food/all?department=Fresh%20Fruit&viewAll=department&page=,£2.25,£7.50/kg,,,/groceries/en-GB/products/311449005,https://digitalcontent.api.tesco.com/v2/media/ghs/38731b21-9dab-48ed-b7d2-07c97e956a49/95b44f7a-0d1a-4ceb-9cb6-fe80e1afab1f.jpeg?h=225&w=225,
296546961,Tesco Walnuts 200G,https://www.tesco.com/groceries/en-GB/shop/fresh-food/all?department=Fresh%20Fruit&viewAll=department&page=,£2.65,£13.25/kg,,,/groceries/en-GB/products/296546961,https://digitalcontent.api.tesco.com/v2/media/ghs/c99c22bc-a61e-470d-b317-0c9970ac1091/fc016bd2-8309-4458-a6c2-bcb175a6696d.jpeg?h=225&w=225,
251627289,Large Pink Lady Apples Class 1 Loose,https://www.tesco.com/groceries/en-GB/shop/fresh-food/all?department=Fresh%20Fruit&viewAll=department&page=,£0.65,£3.85/kg,,,/groceries/en-GB/products/251627289,https://digitalcontent.api.tesco.com/v2/media/ghs/71692d9a-d60d-400d-b5df-1d863b3689c6/e88995b7-09f7-451d-9ea0-cbd5fa0edef1.jpeg?h=225&w=225,
253559147,Tesco Large Gala Apples Class 1 Loose,https://www.tesco.com/groceries/en-GB/shop/fresh-food/all?department=Fresh%20Fruit&viewAll=department&page=,£0.43,£2.70/kg,,,/groceries/en-GB/products/253559147,https://digitalcontent.api.tesco.com/v2/media/ghs/666c4de8-71ef-416a-bf6c-68271a14eb0b/cbb1ce07-31a1-4201-aac4-6e6ca167b9b2.jpeg?h=225&w=225,
253807413,Large Braeburn Apples Loose Class 1,https://www.tesco.com/groceries/en-GB/shop/fresh-food/all?department=Fresh%20Fruit&viewAll=department&page=,£0.54,£2.70/kg,,,/groceries/en-GB/products/253807413,https://digitalcontent.api.tesco.com/v2/media/ghs/fa7af327-25c7-4a50-9302-fa53bb4991ee/05908020-488e-446d-b421-0f66bcc11547.jpeg?h=225&w=225,
284477628,Tesco Jazz Apple,https://www.tesco.com/groceries/en-GB/shop/fresh-food/all?department=Fresh%20Fruit&viewAll=department&page=,£2.30,£0.38/each,,,/groceries/en-GB/products/284477628,https://digitalcontent.api.tesco.com/v2/media/ghs/681e9e17-4282-4197-8936-2d3741d2a80f/4f5a5f88-2266-49ee-9608-e39da5d69327.jpeg?h=225&w=225,
253561247,Large Pears Conference Class 1 Loose,https://www.tesco.com/groceries/en-GB/shop/fresh-food/all?department=Fresh%20Fruit&viewAll=department&page=,£0.51,£2.70/kg,,,/groceries/en-GB/products/253561247,https://digitalcontent.api.tesco.com/v2/media/ghs/17b4f1d4-0c76-4708-9ae6-5a480c644454/ae7fda62-e61c-475d-a172-c1e234311a4c.jpeg?h=225&w=225,
262456128,Tesco Mini Watermelon Each,https://www.tesco.com/groceries/en-GB/shop/fresh-food/all?department=Fresh%20Fruit&viewAll=department&page=,£2.50,£2.50/each,,,/groceries/en-GB/products/262456128,https://digitalcontent.api.tesco.com/v2/media/ghs/32113a3c-d53f-4ee3-9435-2b9586f0628b/a81125f3-878f-4071-b85e-46553e063320.jpeg?h=225&w=225,
268412616,Tesco Finest Blueberries 150G Class 1,https://www.tesco.com/groceries/en-GB/shop/fresh-food/all?department=Fresh%20Fruit&viewAll=department&page=,£2.60,£17.34/kg,,,/groceries/en-GB/products/268412616,https://digitalcontent.api.tesco.com/v2/media/ghs/6ea66aff-e3ce-4ada-908c-aa73f588f1a9/1843ab5f-cb65-4aa0-85e4-56092a9e50f0.jpeg?h=225&w=225,
302987699,Tesco Mango 250G,https://www.tesco.com/groceries/en-GB/shop/fresh-food/all?department=Fresh%20Fruit&viewAll=department&page=,£2.25,£9.00/kg,,,/groceries/en-GB/products/302987699,https://digitalcontent.api.tesco.com/v2/media/ghs/48296f9a-f5f7-4a77-b7de-cb223119190e/14f5d751-019a-4527-a7de-d03d318a5207_2017485529.jpeg?h=225&w=225,
303391549,Finest Strawberries 227G,https://www.tesco.com/groceries/en-GB/shop/fresh-food/all?department=Fresh%20Fruit&viewAll=department&page=,,,,,/groceries/en-GB/products/303391549,,This product's currently out of stock
288115395,Tesco Finest Clementine Or Sweet Easy Peeler 600G,https://www.tesco.com/groceries/en-GB/shop/fresh-food/all?department=Fresh%20Fruit&viewAll=department&page=,£2.50,£4.17/kg,£1.85 Clubcard Price,,/groceries/en-GB/products/288115395,,
308859578,Tesco Finest Green Grapes Seedless 400G,https://www.tesco.com/groceries/en-GB/shop/fresh-food/all?department=Fresh%20Fruit&viewAll=department&page=,,,,,/groceries/en-GB/products/308859578,https://digitalcontent.api.tesco.com/v2/media/ghs/00d4cc3a-9235-4ca3-a305-2a3a69d40721/ed1705bb-ac1e-45bd-8d87-967e03a5262b.jpeg?h=225&w=225,This product's currently out of stock
284475890,Tesco Golden Delicious Apple Minimum 5,https://www.tesco.com/groceries/en-GB/shop/fresh-food/all?department=Fresh%20Fruit&viewAll=department&page=,£1.70,£0.34/each,,,/groceries/en-GB/products/284475890,https://digitalcontent.api.tesco.com/v2/media/ghs/14e971ab-9408-45d7-8c5b-e9fbe04f9a8a/253db58f-6879-4de7-84a9-6515a5811455.jpeg?h=225&w=225,
254638605,Tesco Watermelon Each,https://www.tesco.com/groceries/en-GB/shop/fresh-food/all?department=Fresh%20Fruit&viewAll=department&page=,£3.50,£3.50/each,,,/groceries/en-GB/products/254638605,https://digitalcontent.api.tesco.com/v2/media/ghs/efb4aad9-6bd9-4052-b399-a3b8d4ecac23/48c7fc98-122e-4c0a-9001-744843c1ae68_1146321227.jpeg?h=225&w=225,
252201146,Tesco Organic Unwaxed Lemons Minimum 3 Pack,https://www.tesco.com/groceries/en-GB/shop/fresh-food/all?department=Fresh%20Fruit&viewAll=department&page=,£1.80,£0.60/each,,,/groceries/en-GB/products/252201146,https://digitalcontent.api.tesco.com/v2/media/ghs/840e6691-8d11-4781-b399-9959225be9f0/9c544888-02fc-4dcd-a1af-ddf2762606bc.jpeg?h=225&w=225,
273888602,Tesco Pomegranate Seeds 80G,https://www.tesco.com/groceries/en-GB/shop/fresh-food/all?department=Fresh%20Fruit&viewAll=department&page=,£1.15,£14.38/kg,,,/groceries/en-GB/products/273888602,https://digitalcontent.api.tesco.com/v2/media/ghs/9a70ba6c-e526-4c6f-a46e-d01a371361c7/882c6bc9-42a0-44a1-8b52-7c11472dad30.jpeg?h=225&w=225,
253558033,Tesco Bramley Cooking Apples Loose,https://www.tesco.com/groceries/en-GB/shop/fresh-food/all?department=Fresh%20Fruit&viewAll=department&page=,£0.50,£2.00/kg,,,/groceries/en-GB/products/253558033,https://digitalcontent.api.tesco.com/v2/media/ghs/811c1eec-bac9-4ab4-bbfd-0ba40b06e5ab/e9c82b4c-297f-4998-9813-6f2106524136.jpeg?h=225&w=225,
286681924,Tesco Apple Snack Pack 80G,https://www.tesco.com/groceries/en-GB/shop/fresh-food/all?department=Fresh%20Fruit&viewAll=department&page=,£0.50,£6.25/kg,Any 3 for £1.25 Clubcard Price - Selected Tesco Apple Or Apple & Grape 80g,,/groceries/en-GB/products/286681924,https://digitalcontent.api.tesco.com/v2/media/ghs/9d17dd88-b4cd-4e3d-9b70-87de6f7b4ff5/9776c80d-e3b8-4b1e-a22a-436f1d128f83.jpeg?h=225&w=225,
296057710,Tesco Plums 400G,https://www.tesco.com/groceries/en-GB/shop/fresh-food/all?department=Fresh%20Fruit&viewAll=department&page=,£1.50,£3.75/kg,,,/groceries/en-GB/products/296057710,https://digitalcontent.api.tesco.com/v2/media/ghs/cda0b909-6ac3-4d6e-a693-97d3c82d7f6c/9c5ec62f-9224-478b-95a3-e8f9115751d6_589097831.jpeg?h=225&w=225,
257875814,Tesco Lemons 4 Pack,https://www.tesco.com/groceries/en-GB/shop/fresh-food/all?department=Fresh%20Fruit&viewAll=department&page=,£1.35,£0.34/each,£1.00 Clubcard Price,,/groceries/en-GB/products/257875814,https://digitalcontent.api.tesco.com/v2/media/ghs/4368b89c-364c-48c1-9fc4-33022582f5ce/0d82a03c-d952-4f89-b581-34f9f3758b5d.jpeg?h=225&w=225,
260905678,Tesco Large Pineapple Each,https://www.tesco.com/groceries/en-GB/shop/fresh-food/all?department=Fresh%20Fruit&viewAll=department&page=,£1.75,£1.75/each,,,/groceries/en-GB/products/260905678,https://digitalcontent.api.tesco.com/v2/media/ghs/91e440fa-f12c-441a-a880-60ccbb15361f/758e99bf-7037-44ee-bba1-010e2e68cdd0.jpeg?h=225&w=225,
311955598,Tesco Shredded Iceberg 130G,https://www.tesco.com/groceries/en-GB/shop/fresh-food/all?department=Fresh%20Fruit&viewAll=department&page=,£0.70,£0.54/100g,,,/groceries/en-GB/products/311955598,https://digitalcontent.api.tesco.com/v2/media/ghs/8c8a12c0-13b6-47b0-97d0-33b950e32967/51051dde-ce59-4dbb-b343-8b367e8d7f04.jpeg?h=225&w=225,
312704710,Tesco Iceberg Lettuce 200G,https://www.tesco.com/groceries/en-GB/shop/fresh-food/all?department=Fresh%20Fruit&viewAll=department&page=,£0.70,£0.35/100g,,,/groceries/en-GB/products/312704710,https://digitalcontent.api.tesco.com/v2/media/ghs/43e9294e-9ea3-4b79-9a5a-1eb400311e7c/2d8d9c65-70f0-423a-b16b-37c8751ce1a3_997195066.jpeg?h=225&w=225,
301514109,Tesco Blueberries 500G,https://www.tesco.com/groceries/en-GB/shop/fresh-food/all?department=Fresh%20Fruit&viewAll=department&page=,£4.50,£9.00/kg,£3.37 Clubcard Price,,/groceries/en-GB/products/301514109,https://digitalcontent.api.tesco.com/v2/media/ghs/bdca9173-a3d9-4cee-a875-8801580e296d/8282918c-9afd-4ab0-9024-f39c806a506b.jpeg?h=225&w=225,
256582085,T.Cantaloupe Melon Each Class 1,https://www.tesco.com/groceries/en-GB/shop/fresh-food/all?department=Fresh%20Fruit&viewAll=department&page=,£1.90,£1.90/each,,,/groceries/en-GB/products/256582085,https://digitalcontent.api.tesco.com/v2/media/ghs/c4ba7d32-9eb9-4591-8c70-986cb20c848b/35418759-8e86-4522-b113-a897acbb6a48.jpeg?h=225&w=225,
271531711,Tesco Persimmons Minimum 3 Pack,https://www.tesco.com/groceries/en-GB/shop/fresh-food/all?department=Fresh%20Fruit&viewAll=department&page=,£1.20,£0.40/each,80p Clubcard Price,,/groceries/en-GB/products/271531711,https://digitalcontent.api.tesco.com/v2/media/ghs/00b8ee69-a088-4443-8c08-ad12d61b73b1/aaca5b9f-2d47-49b8-b66d-58414125da13.jpeg?h=225&w=225,
305832741,Rosedene Farms Braeburn Apples 6 Pack,https://www.tesco.com/groceries/en-GB/shop/fresh-food/all?department=Fresh%20Fruit&viewAll=department&page=,,,,,/groceries/en-GB/products/305832741,https://digitalcontent.api.tesco.com/v2/media/ghs/25f53af4-7de7-4cf4-9bc7-1088bd36661d/e99f801b-722d-4362-b8ea-d848e96ce807.jpeg?h=225&w=225,This product's currently out of stock
296057693,Tesco Nectarines Minimum 4 Pack,https://www.tesco.com/groceries/en-GB/shop/fresh-food/all?department=Fresh%20Fruit&viewAll=department&page=,,,,,/groceries/en-GB/products/296057693,https://digitalcontent.api.tesco.com/v2/media/ghs/52262117-1856-4e2b-9b7e-77277765785a/cecc607a-dd8f-4642-96e8-7b87ce976f4c_1403631030.jpeg?h=225&w=225,This product's currently out of stock
284475164,Tesco Ready To Eat Seasonal Pears 4Pack 550G,https://www.tesco.com/groceries/en-GB/shop/fresh-food/all?department=Fresh%20Fruit&viewAll=department&page=,£2.10,£3.82/kg,£1.50 Clubcard Price,,/groceries/en-GB/products/284475164,https://digitalcontent.api.tesco.com/v2/media/ghs/347b12b6-1cef-4a4c-be76-ec4d4c0cade0/25b16983-6720-4267-b6bf-0223be0c8b4e.jpeg?h=225&w=225,
252496118,Tesco Perfectly Ripe Kiwi,https://www.tesco.com/groceries/en-GB/shop/fresh-food/all?department=Fresh%20Fruit&viewAll=department&page=,£1.60,£1.60/each,,,/groceries/en-GB/products/252496118,https://digitalcontent.api.tesco.com/v2/media/ghs/336bf3a4-c68c-4464-b26a-9f90f64af614/4dd17cba-72d8-4f39-85d0-a3c2b30965ec.jpeg?h=225&w=225,
292216000,Suntrail Farms Soft Citrus Pack 600G,https://www.tesco.com/groceries/en-GB/shop/fresh-food/all?department=Fresh%20Fruit&viewAll=department&page=,£0.89,£1.49/kg,Aldi Price Match,,/groceries/en-GB/products/292216000,,
310172362,Tesco Limes 5 Pack,https://www.tesco.com/groceries/en-GB/shop/fresh-food/all?department=Fresh%20Fruit&viewAll=department&page=,,,,,/groceries/en-GB/products/310172362,,This product's currently out of stock
287377189,Tesco Blackberries 150G,https://www.tesco.com/groceries/en-GB/shop/fresh-food/all?department=Fresh%20Fruit&viewAll=department&page=,£2.00,£13.34/kg,,,/groceries/en-GB/products/287377189,,
292249370,Rosedene Farms Blackberries 150G,https://www.tesco.com/groceries/en-GB/shop/fresh-food/all?department=Fresh%20Fruit&viewAll=department&page=,£1.59,£10.60/kg,Aldi Price Match,,/groceries/en-GB/products/292249370,,
255230763,Tesco Pineapple Each,https://www.tesco.com/groceries/en-GB/shop/fresh-food/all?department=Fresh%20Fruit&viewAll=department&page=,,,,,/groceries/en-GB/products/255230763,,This product's currently out of stock
254385356,Tesco Galia Melon Each Class 1,https://www.tesco.com/groceries/en-GB/shop/fresh-food/all?department=Fresh%20Fruit&viewAll=department&page=,£1.90,£1.90/each,£1.40 Clubcard Price,,/groceries/en-GB/products/254385356,https://digitalcontent.api.tesco.com/v2/media/ghs/31a91b85-9d99-45d1-b833-8e9b0a1f52d3/076a2f07-e780-4f40-9e1b-f8c0d7b7e246.jpeg?h=225&w=225,
292225110,Suntrail Farms Orange Minimum 5 Pack,https://www.tesco.com/groceries/en-GB/shop/fresh-food/all?department=Fresh%20Fruit&viewAll=department&page=,£0.60,£0.12/each,Aldi Price Match,,/groceries/en-GB/products/292225110,https://digitalcontent.api.tesco.com/v2/media/ghs/5f705205-c9ca-404f-91bd-ad9a366d7939/f510c42f-682a-4084-9c03-3aaa31c60f07_427709128.jpeg?h=225&w=225,
266357101,Tesco Almonds 200G,https://www.tesco.com/groceries/en-GB/shop/fresh-food/all?department=Fresh%20Fruit&viewAll=department&page=,£2.65,£13.25/kg,,,/groceries/en-GB/products/266357101,https://digitalcontent.api.tesco.com/v2/media/ghs/529a5055-e55a-41ac-8d63-79343bc55723/9d303868-ede5-46d1-a563-7f410c3275f6.jpeg?h=225&w=225,
266375033,Tesco Mixed Nuts 200G,https://www.tesco.com/groceries/en-GB/shop/fresh-food/all?department=Fresh%20Fruit&viewAll=department&page=,£2.65,£13.25/kg,,,/groceries/en-GB/products/266375033,https://digitalcontent.api.tesco.com/v2/media/ghs/93d1f294-82e7-4194-a94c-d8acc52ac1c5/f374bfe3-c9af-439d-995f-a2f584f24622.jpeg?h=225&w=225,
302971880,Tesco Melon Medley 300G,https://www.tesco.com/groceries/en-GB/shop/fresh-food/all?department=Fresh%20Fruit&viewAll=department&page=,£2.25,£7.50/kg,,,/groceries/en-GB/products/302971880,https://digitalcontent.api.tesco.com/v2/media/ghs/e3e5d677-f212-4599-8e33-fccc691a3bc8/6f64db50-1c09-4edd-89e9-debe2428b553.jpeg?h=225&w=225,
254142569,Wholefood Pine Nuts 100G,https://www.tesco.com/groceries/en-GB/shop/fresh-food/all?department=Fresh%20Fruit&viewAll=department&page=,£3.60,£36.00/kg,,,/groceries/en-GB/products/254142569,https://digitalcontent.api.tesco.com/v2/media/ghs/46336145-69cc-4726-848d-97497593fb8e/517bcce8-aeb2-42af-9af8-aa9198d62b9c.jpeg?h=225&w=225,
302676947,Tesco Finest Medjool Dates 200G,https://www.tesco.com/groceries/en-GB/shop/fresh-food/all?department=Fresh%20Fruit&viewAll=department&page=,£2.50,£12.50/kg,,,/groceries/en-GB/products/302676947,https://digitalcontent.api.tesco.com/v2/media/ghs/dc17400b-4081-40c6-94b3-06078b097ae0/97b80587-f7a8-49ae-af50-6d2c1a7842af_49173485.jpeg?h=225&w=225,
287594559,Tesco Watermelon Wedges 550G,https://www.tesco.com/groceries/en-GB/shop/fresh-food/all?department=Fresh%20Fruit&viewAll=department&page=,£3.00,£5.46/kg,,,/groceries/en-GB/products/287594559,https://digitalcontent.api.tesco.com/v2/media/ghs/25e7313b-968c-46b0-91ad-fc76d70e2e62/b798db79-2506-4474-82cd-6f0021b95a96.jpeg?h=225&w=225,
302972049,Tesco Watermelon Chunks 300G,https://www.tesco.com/groceries/en-GB/shop/fresh-food/all?department=Fresh%20Fruit&viewAll=department&page=,£2.25,£7.50/kg,,,/groceries/en-GB/products/302972049,https://digitalcontent.api.tesco.com/v2/media/ghs/d6cb9a48-580b-414a-bcf5-51e7cd131f75/31c8320a-f57f-43b8-9e5f-eaf3b6f54b6a.jpeg?h=225&w=225,
274171043,Tesco Soft Pitted Dates 250G,https://www.tesco.com/groceries/en-GB/shop/fresh-food/all?department=Fresh%20Fruit&viewAll=department&page=,£1.85,£7.40/kg,,,/groceries/en-GB/products/274171043,https://digitalcontent.api.tesco.com/v2/media/ghs/f7d4b6cd-d1c4-4167-8f14-6c824fc91b38/a14cc0bf-5fbe-4be2-afa3-ec5eaebfd532.jpeg?h=225&w=225,
302971908,Tesco Melon & Grapes 300G,https://www.tesco.com/groceries/en-GB/shop/fresh-food/all?department=Fresh%20Fruit&viewAll=department&page=,£2.25,£7.50/kg,,,/groceries/en-GB/products/302971908,https://digitalcontent.api.tesco.com/v2/media/ghs/54995c22-a464-493e-a32e-d693174ece72/ee21ffda-61c1-463d-9e67-497cddc1e114.jpeg?h=225&w=225,
256991482,Tesco Organic Blueberries 150G,https://www.tesco.com/groceries/en-GB/shop/fresh-food/all?department=Fresh%20Fruit&viewAll=department&page=,£2.60,£17.34/kg,,,/groceries/en-GB/products/256991482,https://digitalcontent.api.tesco.com/v2/media/ghs/0de091c3-f14b-435d-99ed-4220bb99ab85/bee7081a-fe4c-4d29-848b-0253d9e13107.jpeg?h=225&w=225,
312356580,Tesco Walnut Pieces 250G,https://www.tesco.com/groceries/en-GB/shop/fresh-food/all?department=Fresh%20Fruit&viewAll=department&page=,£2.50,£1.00/100g,,,/groceries/en-GB/products/312356580,https://digitalcontent.api.tesco.com/v2/media/ghs/64bca6d9-471f-4e79-811e-c03ee9103b2f/a2b3d980-c4d6-4d61-b586-50fbf24ba1c3_647668326.jpeg?h=225&w=225,
260733201,Wholefood Dried Mango 100G,https://www.tesco.com/groceries/en-GB/shop/fresh-food/all?department=Fresh%20Fruit&viewAll=department&page=,£1.85,£18.50/kg,,,/groceries/en-GB/products/260733201,https://digitalcontent.api.tesco.com/v2/media/ghs/db475d48-597d-497d-b6cc-c21218a82252/71b4b077-d126-44f1-9b7d-38857aca494e.jpeg?h=225&w=225,
302685533,Tesco Brazil Nuts 200G,https://www.tesco.com/groceries/en-GB/shop/fresh-food/all?department=Fresh%20Fruit&viewAll=department&page=,£2.65,£13.25/kg,,,/groceries/en-GB/products/302685533,https://digitalcontent.api.tesco.com/v2/media/ghs/f03e2077-af6c-4113-a703-2565d27c5495/2d99815e-9567-44ee-ae08-e13e9fa0b512.jpeg?h=225&w=225,
312567071,Tesco Cashews 300G,https://www.tesco.com/groceries/en-GB/shop/fresh-food/all?department=Fresh%20Fruit&viewAll=department&page=,£3.00,£1.00/100g,,,/groceries/en-GB/products/312567071,https://digitalcontent.api.tesco.com/v2/media/ghs/19958f27-e333-4386-85b5-8e0f917041be/d03ce20b-05ec-4e4e-8d6f-28df74ded275_694951908.jpeg?h=225&w=225,
311443985,"Tesco Kiwi, Melon & Strawberries 250G (C)",https://www.tesco.com/groceries/en-GB/shop/fresh-food/all?department=Fresh%20Fruit&viewAll=department&page=,£2.25,£9.00/kg,,New,/groceries/en-GB/products/311443985,https://digitalcontent.api.tesco.com/v2/media/ghs/21b994ec-b1f5-42f6-99a9-f54738337a38/a7931718-85b4-447b-bafb-3aaab4f4bc0c_1598562627.jpeg?h=225&w=225,
308824366,Tesco Finest Red Grapes Seedless 400G,https://www.tesco.com/groceries/en-GB/shop/fresh-food/all?department=Fresh%20Fruit&viewAll=department&page=,£2.20,£5.50/kg,,,/groceries/en-GB/products/308824366,https://digitalcontent.api.tesco.com/v2/media/ghs/097893ad-9911-4b11-aa4f-fe1efe3c0d98/d60dbfae-2c1c-4f67-a437-16f391ba5131.jpeg?h=225&w=225,
287023171,Tesco Organic Gala Apples 630G,https://www.tesco.com/groceries/en-GB/shop/fresh-food/all?department=Fresh%20Fruit&viewAll=department&page=,£2.35,£3.74/kg,,,/groceries/en-GB/products/287023171,https://digitalcontent.api.tesco.com/v2/media/ghs/980f62cf-8128-41ab-a20c-ac5c025f8069/bcbbdf47-92bf-427c-8c18-1066b0c5d6c4_30848276.jpeg?h=225&w=225,
266386982,Tesco Sunflower Seeds 150G,https://www.tesco.com/groceries/en-GB/shop/fresh-food/all?department=Fresh%20Fruit&viewAll=department&page=,£1.00,£6.67/kg,,,/groceries/en-GB/products/266386982,https://digitalcontent.api.tesco.com/v2/media/ghs/b154e05a-00f3-4ef6-9846-e9f1803cb704/fd3d6ef9-1211-43ff-96c1-121c70600bda.jpeg?h=225&w=225,
253557316,Large Granny Smith Apples Class 1 Loose,https://www.tesco.com/groceries/en-GB/shop/fresh-food/all?department=Fresh%20Fruit&viewAll=department&page=,£0.43,£2.70/kg,,,/groceries/en-GB/products/253557316,https://digitalcontent.api.tesco.com/v2/media/ghs/c82793bc-11a8-4d1d-97a6-9b6b74aef6e8/b9d5e508-e20f-4bcd-b6b6-d08daa6163e1.jpeg?h=225&w=225,
302972562,Tesco Berry Medley 240G,https://www.tesco.com/groceries/en-GB/shop/fresh-food/all?department=Fresh%20Fruit&viewAll=department&page=,£2.25,£9.38/kg,,New,/groceries/en-GB/products/302972562,https://digitalcontent.api.tesco.com/v2/media/ghs/aa505538-b9f6-4c5e-bd10-1d4e6fa4ecc7/0faf15f3-1784-4327-8437-5e34d8472078.jpeg?h=225&w=225,
258057537,Tesco Soft Apricots 250G,https://www.tesco.com/groceries/en-GB/shop/fresh-food/all?department=Fresh%20Fruit&viewAll=department&page=,£1.85,£7.40/kg,,,/groceries/en-GB/products/258057537,https://digitalcontent.api.tesco.com/v2/media/ghs/6bace6e5-f5f7-4cd3-82b7-753187429d73/88377fe5-3164-485d-8096-122170c7c735.jpeg?h=225&w=225,
302971678,Tesco Pineapple Chunks 145G,https://www.tesco.com/groceries/en-GB/shop/fresh-food/all?department=Fresh%20Fruit&viewAll=department&page=,£1.15,£7.94/kg,,,/groceries/en-GB/products/302971678,https://digitalcontent.api.tesco.com/v2/media/ghs/807324a8-e8d6-4191-b9c5-1867aab966e0/f8756058-b466-4eb2-ab78-e2dfb7bd7115.jpeg?h=225&w=225,
311945063,Deliciously Ella Chocolate Orange Almonds 27G,https://www.tesco.com/groceries/en-GB/shop/fresh-food/all?department=Fresh%20Fruit&viewAll=department&page=,£1.00,£3.71/100g,80p Clubcard Price,,/groceries/en-GB/products/311945063,https://digitalcontent.api.tesco.com/v2/media/ghs/13c78948-8fac-49dd-9ea0-628ffe822be7/07295938-5c19-42ca-9232-79092a290578_1634497675.jpeg?h=225&w=225,
311209097,"Tesco Kiwi, Melon & Strawberries 250G",https://www.tesco.com/groceries/en-GB/shop/fresh-food/all?department=Fresh%20Fruit&viewAll=department&page=,£2.25,£9.00/kg,,New,/groceries/en-GB/products/311209097,https://digitalcontent.api.tesco.com/v2/media/ghs/0f169b05-7ded-49ce-ae4b-aed645f9a956/d465dc0d-50d9-46db-b2df-f0f6f307375d_505475081.jpeg?h=225&w=225,
299045691,Tesco Mango Chunks 120G,https://www.tesco.com/groceries/en-GB/shop/fresh-food/all?department=Fresh%20Fruit&viewAll=department&page=,£1.15,£9.59/kg,,,/groceries/en-GB/products/299045691,https://digitalcontent.api.tesco.com/v2/media/ghs/21e778ad-d140-4e0e-8671-8b54841378ac/eefc5f5b-2b9d-4c5f-a45b-458e1514ba39.jpeg?h=225&w=225,
299497633,Tesco Cashew Nuts 25G,https://www.tesco.com/groceries/en-GB/shop/fresh-food/all?department=Fresh%20Fruit&viewAll=department&page=,£0.60,£2.40/100g,Any 3 for 2 Clubcard Price - Cheapest Product Free - Selected Tesco Dried Fruit Or Nuts,,/groceries/en-GB/products/299497633,https://digitalcontent.api.tesco.com/v2/media/ghs/32b57584-ba0a-434f-82d3-850450165f76/70cdc3cd-659a-4160-8f46-5d0dfaaa312a.jpeg?h=225&w=225,
279233078,Tesco Apricots 320G,https://www.tesco.com/groceries/en-GB/shop/fresh-food/all?department=Fresh%20Fruit&viewAll=department&page=,£2.00,£6.25/kg,,,/groceries/en-GB/products/279233078,https://digitalcontent.api.tesco.com/v2/media/ghs/af8f211a-feb8-4aaf-a54a-6a9408db6ad6/1bcd8741-5319-4919-811b-e87391d57903.jpeg?h=225&w=225,
265460855,Tesco Passion Fruit 3 Pack,https://www.tesco.com/groceries/en-GB/shop/fresh-food/all?department=Fresh%20Fruit&viewAll=department&page=,£1.30,£0.43/each,,,/groceries/en-GB/products/265460855,https://digitalcontent.api.tesco.com/v2/media/ghs/52cc89fe-855a-4351-a787-4707809b7638/41f65f73-ca26-4d82-8ac2-a1117b8f9794.jpeg?h=225&w=225,
266291241,Tesco Cherries Punnet 200G,https://www.tesco.com/groceries/en-GB/shop/fresh-food/all?department=Fresh%20Fruit&viewAll=department&page=,£2.50,£12.50/kg,,,/groceries/en-GB/products/266291241,https://digitalcontent.api.tesco.com/v2/media/ghs/38288244-4e82-464e-8688-3d88cfe87562/27f92f4e-927c-4080-b7be-c157c29478fa.jpeg?h=225&w=225,
291009874,Jaffa Citrus Box 1.2Kg,https://www.tesco.com/groceries/en-GB/shop/fresh-food/all?department=Fresh%20Fruit&viewAll=department&page=,£2.00,£1.67/kg,,New,/groceries/en-GB/products/291009874,https://digitalcontent.api.tesco.com/v2/media/ghs/5196b830-4eeb-46f3-84cb-ad789fa810a2/e646dda4-a7fd-43a5-b551-d80572d6d090_1691457884.jpeg?h=225&w=225,
306935710,Tesco Organic Seasonal Apples,https://www.tesco.com/groceries/en-GB/shop/fresh-food/all?department=Fresh%20Fruit&viewAll=department&page=,£1.90,£0.48/each,,,/groceries/en-GB/products/306935710,https://digitalcontent.api.tesco.com/v2/media/ghs/0bb76ef9-bbd3-45f5-b89e-417dc9d0616c/ede62b92-4f63-4ad9-b7e3-1401845c6c55.jpeg?h=225&w=225,
311274568,Tesco Perfectly Ripe Gold Kiwi 4 Pack,https://www.tesco.com/groceries/en-GB/shop/fresh-food/all?department=Fresh%20Fruit&viewAll=department&page=,£2.10,£0.52/each,,,/groceries/en-GB/products/311274568,https://digitalcontent.api.tesco.com/v2/media/ghs/aa187a60-644a-484e-b2ee-9aec6770f3dd/d7c55cd4-b1a9-41a7-84f7-8748d24b6474.jpeg?h=225&w=225,
272897950,Tesco Figs Minimum 3 Pack,https://www.tesco.com/groceries/en-GB/shop/fresh-food/all?department=Fresh%20Fruit&viewAll=department&page=,£2.00,£0.67/each,,,/groceries/en-GB/products/272897950,https://digitalcontent.api.tesco.com/v2/media/ghs/b6cda00f-e47a-4e01-8cbb-e32a2e1d5982/602c22ec-e826-4d62-8b22-2ad85b1f45bf.jpeg?h=225&w=225,
294697928,Tesco Raspberries 425G,https://www.tesco.com/groceries/en-GB/shop/fresh-food/all?department=Fresh%20Fruit&viewAll=department&page=,£4.00,£9.42/kg,£3.00 Clubcard Price,,/groceries/en-GB/products/294697928,https://digitalcontent.api.tesco.com/v2/media/ghs/c38fd6e5-4983-4bfd-9bd7-5a7dbca45943/ccb78785-8f6f-489c-8361-e56e227b3af2_730147152.jpeg?h=225&w=225,
283111735,Tesco Cashew Nuts Snack Pack 60G,https://www.tesco.com/groceries/en-GB/shop/fresh-food/all?department=Fresh%20Fruit&viewAll=department&page=,£0.85,£1.42/100g,Any 3 for 2 Clubcard Price - Cheapest Product Free - Selected Tesco Dried Fruit Or Nuts,,/groceries/en-GB/products/283111735,https://digitalcontent.api.tesco.com/v2/media/ghs/e7d4b7fb-d63f-4096-95c4-0f3c24da0bc9/13974ff2-8f68-4f8e-ba6b-b55a981cd604.jpeg?h=225&w=225,
274669428,Tesco Walnuts 225G,https://www.tesco.com/groceries/en-GB/shop/fresh-food/all?department=Fresh%20Fruit&viewAll=department&page=,£3.00,£13.34/kg,Any 2 for £5 Clubcard Price - Selected Tesco Core And In Shell Nuts 170g - 600g,,/groceries/en-GB/products/274669428,https://digitalcontent.api.tesco.com/v2/media/ghs/caaa51bf-216f-4951-82fa-aeba41ca0823/b2238589-16fb-4a68-bd76-6bd2e407de3a_648725433.jpeg?h=225&w=225,
284196413,Eat Me Dates Deglet Nourishing Pitted 200G,https://www.tesco.com/groceries/en-GB/shop/fresh-food/all?department=Fresh%20Fruit&viewAll=department&page=,£2.50,£12.50/kg,,,/groceries/en-GB/products/284196413,https://digitalcontent.api.tesco.com/v2/media/ghs/5fc13bf4-aa69-49ac-b28b-d4910a098100/b0582027-c525-473b-959f-ef802504f864_1505523491.jpeg?h=225&w=225,
274678814,Tesco Mixed Nuts 225G,https://www.tesco.com/groceries/en-GB/shop/fresh-food/all?department=Fresh%20Fruit&viewAll=department&page=,£3.00,£13.34/kg,Any 2 for £5 Clubcard Price - Selected Tesco Core And In Shell Nuts 170g - 600g,,/groceries/en-GB/products/274678814,https://digitalcontent.api.tesco.com/v2/media/ghs/28bad9d6-15a8-4bc4-ae6b-45b4dc1fc79c/559f2649-f958-479e-aed9-a40d75363249_427190088.jpeg?h=225&w=225,
266387520,Tesco Fruit And Nut 200G,https://www.tesco.com/groceries/en-GB/shop/fresh-food/all?department=Fresh%20Fruit&viewAll=department&page=,£2.65,£13.25/kg,,,/groceries/en-GB/products/266387520,https://digitalcontent.api.tesco.com/v2/media/ghs/42b98dd9-5eb5-45b2-b0e5-68713af3f5c8/4a028c77-4e73-4e1b-b507-884018baad23.jpeg?h=225&w=225,
312353525,Tesco Flaked Almonds 250G,https://www.tesco.com/groceries/en-GB/shop/fresh-food/all?department=Fresh%20Fruit&viewAll=department&page=,£3.00,£1.20/100g,,,/groceries/en-GB/products/312353525,https://digitalcontent.api.tesco.com/v2/media/ghs/8f97fe56-804f-485b-b510-89e5391fd8d3/e26c46ca-6138-4258-b2c7-10789a130706_728070217.jpeg?h=225&w=225,
302677029,Tesco Finest Roasted Nut Selection 190G,https://www.tesco.com/groceries/en-GB/shop/fresh-food/all?department=Fresh%20Fruit&viewAll=department&page=,£3.50,£18.43/kg,,,/groceries/en-GB/products/302677029,https://digitalcontent.api.tesco.com/v2/media/ghs/0edcbf52-1886-4268-a682-77687ab7ecf7/a6e2f98f-76e2-4099-b783-55ff4f26c9bb_1949167741.jpeg?h=225&w=225,
250281502,Tesco Organic Medjool Dates 200G,https://www.tesco.com/groceries/en-GB/shop/fresh-food/all?department=Fresh%20Fruit&viewAll=department&page=,£2.50,£12.50/kg,,,/groceries/en-GB/products/250281502,https://digitalcontent.api.tesco.com/v2/media/ghs/1957c027-7678-49e4-8714-71436808a598/5248e971-460e-4611-812f-3603a26c2aa9.jpeg?h=225&w=225,
307761343,Tesco Finest Apples Minimum 4 Pack,https://www.tesco.com/groceries/en-GB/shop/fresh-food/all?department=Fresh%20Fruit&viewAll=department&page=,£2.10,£0.52/each,,,/groceries/en-GB/products/307761343,https://digitalcontent.api.tesco.com/v2/media/ghs/d9e87bc3-c0e8-4e29-b36f-546ee8e4c9f3/2d48bf82-a615-4d5e-aa12-909df351b64d.jpeg?h=225&w=225,
254033802,Tesco Chestnuts 400G,https://www.tesco.com/groceries/en-GB/shop/fresh-food/all?department=Fresh%20Fruit&viewAll=department&page=,£2.25,£5.63/kg,Any 2 for £4 Clubcard Price - Tesco Chestnuts 400g,,/groceries/en-GB/products/254033802,https://digitalcontent.api.tesco.com/v2/media/ghs/49c1b018-2427-4562-8cb3-526015326c23/0e1f61da-f635-4b62-89bc-27ebdee3d4e2_1503629346.jpeg?h=225&w=225,
302972366,Tesco Tropical Tray 250G,https://www.tesco.com/groceries/en-GB/shop/fresh-food/all?department=Fresh%20Fruit&viewAll=department&page=,£2.25,£9.00/kg,,,/groceries/en-GB/products/302972366,https://digitalcontent.api.tesco.com/v2/media/ghs/7d6cb75e-5926-4231-9a53-0bd0df2b27be/b49b091b-ac63-4841-8666-7599fd6860d1.jpeg?h=225&w=225,
302677255,Tesco Milled Flax Seed Mix 175G,https://www.tesco.com/groceries/en-GB/shop/fresh-food/all?department=Fresh%20Fruit&viewAll=department&page=,£1.85,£10.58/kg,,,/groceries/en-GB/products/302677255,https://digitalcontent.api.tesco.com/v2/media/ghs/0c2933da-dec1-4589-9114-1e8375e5c3c6/b36e307e-405c-48d4-a8e4-02d5a2caf8ab.jpeg?h=225&w=225,
295747045,Tesco Pomegranate 250G,https://www.tesco.com/groceries/en-GB/shop/fresh-food/all?department=Fresh%20Fruit&viewAll=department&page=,£2.60,£10.40/kg,,,/groceries/en-GB/products/295747045,https://digitalcontent.api.tesco.com/v2/media/ghs/3762fce8-ff40-41db-82e6-35cb1fd54f0c/4286936f-aab5-4248-98fc-bb5a195767f6.jpeg?h=225&w=225,
256056991,Wholefood Roasted Monkey Nuts 250G,https://www.tesco.com/groceries/en-GB/shop/fresh-food/all?department=Fresh%20Fruit&viewAll=department&page=,£1.25,£5.00/kg,,,/groceries/en-GB/products/256056991,https://digitalcontent.api.tesco.com/v2/media/ghs/2abb8138-0ead-41db-8dae-15e8eb507467/11cd2935-0418-402b-95e7-072c5d0e8e63.jpeg?h=225&w=225,
302972268,Tesco Large Fruit Platter 350G,https://www.tesco.com/groceries/en-GB/shop/fresh-food/all?department=Fresh%20Fruit&viewAll=department&page=,£3.00,£8.58/kg,,,/groceries/en-GB/products/302972268,https://digitalcontent.api.tesco.com/v2/media/ghs/99258b30-11d5-411c-b5ce-2a44ff5e73ab/e22b5c87-4c17-4ede-9030-a040a9253832.jpeg?h=225&w=225,
302054595,Jaffa Candy Floss Grapes 400G,https://www.tesco.com/groceries/en-GB/shop/fresh-food/all?department=Fresh%20Fruit&viewAll=department&page=,£2.15,£5.38/kg,,,/groceries/en-GB/products/302054595,https://digitalcontent.api.tesco.com/v2/media/ghs/bc40ef2b-ca03-46a8-bfbb-f8444dbe9991/51e4eef4-8f6f-4995-a01c-82c6909325b2_1161122382.jpeg?h=225&w=225,
302972487,Tesco Grape & Strawberry 125G,https://www.tesco.com/groceries/en-GB/shop/fresh-food/all?department=Fresh%20Fruit&viewAll=department&page=,£1.15,£9.20/kg,,,/groceries/en-GB/products/302972487,https://digitalcontent.api.tesco.com/v2/media/ghs/560aaac1-935b-40a2-9b4f-cf012b457120/fca361d5-c9b7-4429-9d46-90f951de1203.jpeg?h=225&w=225,
309172075,Jaffa Seedless Lemons Minimum 4Pack,https://www.tesco.com/groceries/en-GB/shop/fresh-food/all?department=Fresh%20Fruit&viewAll=department&page=,£1.60,£0.40/each,,,/groceries/en-GB/products/309172075,https://digitalcontent.api.tesco.com/v2/media/ghs/60bee5c5-29d4-4268-bc98-b03b3f26f14d/59e9acf6-ddf3-49d3-a3be-bb1116459b3c.jpeg?h=225&w=225,
284475129,Tesco Perfectly Ripe Conference Minimum 4 Pack Pear,https://www.tesco.com/groceries/en-GB/shop/fresh-food/all?department=Fresh%20Fruit&viewAll=department&page=,£2.15,£0.54/each,,,/groceries/en-GB/products/284475129,https://digitalcontent.api.tesco.com/v2/media/ghs/d16cbbd8-a8d8-4089-87cb-2ec25e122d26/be8b20aa-da90-4031-92af-5943503cc54d.jpeg?h=225&w=225,
258058058,Tesco Soft Figs 250G,https://www.tesco.com/groceries/en-GB/shop/fresh-food/all?department=Fresh%20Fruit&viewAll=department&page=,£1.85,£7.40/kg,,,/groceries/en-GB/products/258058058,https://digitalcontent.api.tesco.com/v2/media/ghs/0b10332b-910f-4d1f-bc5d-99a8f556fe52/27c41337-fd65-4b06-8b30-a59179b7e9f2_600644968.jpeg?h=225&w=225,
277053207,Tesco Melon Slices 450G,https://www.tesco.com/groceries/en-GB/shop/fresh-food/all?department=Fresh%20Fruit&viewAll=department&page=,£2.25,£5.00/kg,,,/groceries/en-GB/products/277053207,https://digitalcontent.api.tesco.com/v2/media/ghs/510afa20-2dff-45e5-933b-f251f504b15e/9be93f7d-2d20-49ff-b76b-2ed76b7a4e02.jpeg?h=225&w=225,
305056231,Tesco Mango 450G,https://www.tesco.com/groceries/en-GB/shop/fresh-food/all?department=Fresh%20Fruit&viewAll=department&page=,£3.60,£8.00/kg,,,/groceries/en-GB/products/305056231,https://digitalcontent.api.tesco.com/v2/media/ghs/2920bc26-e683-488a-95d6-19b87a15e4c8/864953ed-4e06-4c8d-9cc0-62a465bbd771.jpeg?h=225&w=225,
302972406,Tesco Berry Medley 240G,https://www.tesco.com/groceries/en-GB/shop/fresh-food/all?department=Fresh%20Fruit&viewAll=department&page=,£2.25,£9.38/kg,,,/groceries/en-GB/products/302972406,https://digitalcontent.api.tesco.com/v2/media/ghs/a10e2fa7-2b7f-45e6-9720-fbca3e590446/cc0be3b9-eef2-4eef-a175-bad54581274f.jpeg?h=225&w=225,
302677278,Tesco Milled Flax Pumpkin & Chia Seed Mix 175G,https://www.tesco.com/groceries/en-GB/shop/fresh-food/all?department=Fresh%20Fruit&viewAll=department&page=,£1.85,£10.58/kg,,,/groceries/en-GB/products/302677278,https://digitalcontent.api.tesco.com/v2/media/ghs/971cfaf6-f230-4973-8e38-d82d5d89a2bc/5bbf4a7e-2eb6-4182-a215-b9a95cd19d22.jpeg?h=225&w=225,
312101542,Tesco Finest Pecorino Cheese Nut Selection 225G,https://www.tesco.com/groceries/en-GB/shop/fresh-food/all?department=Fresh%20Fruit&viewAll=department&page=,£3.50,£15.56/kg,£3.00 Clubcard Price,,/groceries/en-GB/products/312101542,https://digitalcontent.api.tesco.com/v2/media/ghs/0289f698-a4a3-4257-957c-dd7bc0bbdc2b/09ca6417-1470-4a88-8c35-e360670ee09c_1695503396.jpeg?h=225&w=225,
258056187,Tesco Wholefoods Prunes 250G,https://www.tesco.com/groceries/en-GB/shop/fresh-food/all?department=Fresh%20Fruit&viewAll=department&page=,£1.85,£7.40/kg,,,/groceries/en-GB/products/258056187,https://digitalcontent.api.tesco.com/v2/media/ghs/be83bd39-36bf-46d2-bc19-f428b79a2f52/0cb85434-1878-4abf-beb4-d9a7c3d65a5d.jpeg?h=225&w=225,
305977327,Tesco Raspberries & Blueberries 200G,https://www.tesco.com/groceries/en-GB/shop/fresh-food/all?department=Fresh%20Fruit&viewAll=department&page=,£2.60,£13.00/kg,,,/groceries/en-GB/products/305977327,https://digitalcontent.api.tesco.com/v2/media/ghs/cc649103-f275-405a-828d-f2eb6ecf66ec/0e0c34f8-ec87-483d-a7b5-8e045acd560c.jpeg?h=225&w=225,
286681740,Tesco Apple & Grape Snack Pack 80G,https://www.tesco.com/groceries/en-GB/shop/fresh-food/all?department=Fresh%20Fruit&viewAll=department&page=,£0.50,£6.25/kg,Any 3 for £1.25 Clubcard Price - Selected Tesco Apple Or Apple & Grape 80g,,/groceries/en-GB/products/286681740,https://digitalcontent.api.tesco.com/v2/media/ghs/b3e0e0ad-3b1c-4d92-9756-d550a4d9cb68/665c74ae-eb20-4f1d-9f8d-5c156c946411.jpeg?h=225&w=225,
312105054,Tesco Finest Sweet Cherry Fruit & Nut Selection 225G,https://www.tesco.com/groceries/en-GB/shop/fresh-food/all?department=Fresh%20Fruit&viewAll=department&page=,£3.50,£15.56/kg,£3.00 Clubcard Price,,/groceries/en-GB/products/312105054,https://digitalcontent.api.tesco.com/v2/media/ghs/f9e9ffdd-09a0-49dc-860f-75347ed87b02/53968c95-890a-4468-a7e6-cfc4682a43c7_134004004.jpeg?h=225&w=225,
302677353,Tesco Fruit & Nut Snack Pot 55G,https://www.tesco.com/groceries/en-GB/shop/fresh-food/all?department=Fresh%20Fruit&viewAll=department&page=,£0.85,£1.55/100g,Any 3 for 2 Clubcard Price - Cheapest Product Free - Selected Tesco Dried Fruit Or Nuts,,/groceries/en-GB/products/302677353,https://digitalcontent.api.tesco.com/v2/media/ghs/e4c4a8e4-7e6c-4962-a5ec-ca22cf8623ef/8bfdbfa2-eee8-44a7-a0e9-776614cd7f3f.jpeg?h=225&w=225,
290594510,Tesco Chia Seeds 150G,https://www.tesco.com/groceries/en-GB/shop/fresh-food/all?department=Fresh%20Fruit&viewAll=department&page=,£1.00,£6.67/kg,,,/groceries/en-GB/products/290594510,https://digitalcontent.api.tesco.com/v2/media/ghs/21fe410e-63ac-4148-8d88-9929a1b2a8d2/9444268a-9694-48d4-95bd-eee3760a972a.jpeg?h=225&w=225,
312083026,Tesco Finest Rosemary Nut Selection 225G,https://www.tesco.com/groceries/en-GB/shop/fresh-food/all?department=Fresh%20Fruit&viewAll=department&page=,£3.50,£15.56/kg,£3.00 Clubcard Price,,/groceries/en-GB/products/312083026,https://digitalcontent.api.tesco.com/v2/media/ghs/400e42f1-55f2-461c-9b40-6f1d86dfbb38/d9772585-64ab-4483-87e7-64c32ebf6f4b_1381331412.jpeg?h=225&w=225,
300991012,Tesco Finest Snowball Melon,https://www.tesco.com/groceries/en-GB/shop/fresh-food/all?department=Fresh%20Fruit&viewAll=department&page=,£2.50,£2.50/each,£2.00 Clubcard Price,,/groceries/en-GB/products/300991012,https://digitalcontent.api.tesco.com/v2/media/ghs/69e4d06d-ea2c-4e5a-b13b-317b88fbdb9a/2a00fe82-0ee4-4910-80ed-3895a0840199_1041391270.jpeg?h=225&w=225,
312361587,Tesco Smoky Bbq Favour Nut Mix 25G,https://www.tesco.com/groceries/en-GB/shop/fresh-food/all?department=Fresh%20Fruit&viewAll=department&page=,£0.60,£24.00/kg,Any 3 for 2 Clubcard Price - Cheapest Product Free - Selected Tesco Dried Fruit Or Nuts,,/groceries/en-GB/products/312361587,https://digitalcontent.api.tesco.com/v2/media/ghs/c47c5da4-755b-40a6-bf55-6201324cf8f5/206c9439-950f-4a79-ae0f-8de846f51d12_585463075.jpeg?h=225&w=225,
312220493,Tesco Nut Bites Mix Baklava Flavour 25G,https://www.tesco.com/groceries/en-GB/shop/fresh-food/all?department=Fresh%20Fruit&viewAll=department&page=,£0.60,£24.00/kg,Any 3 for 2 Clubcard Price - Cheapest Product Free - Selected Tesco Dried Fruit Or Nuts,,/groceries/en-GB/products/312220493,https://digitalcontent.api.tesco.com/v2/media/ghs/673e5601-8663-4e05-98b8-56079e7da9db/22d6c0a1-55a7-45da-aea3-9719bbd42c58_1023890512.jpeg?h=225&w=225,
287024636,Tesco Organic Ripe & Ready Pears 550G,https://www.tesco.com/groceries/en-GB/shop/fresh-food/all?department=Fresh%20Fruit&viewAll=department&page=,£2.50,£4.55/kg,,,/groceries/en-GB/products/287024636,https://digitalcontent.api.tesco.com/v2/media/ghs/492d2ba0-ba39-45bd-a6f5-29b9de40b1e1/3e528d50-ff69-4053-8d67-f72f374b23f3.jpeg?h=225&w=225,
302685683,Tesco Snack Pack Mango 35G,https://www.tesco.com/groceries/en-GB/shop/fresh-food/all?department=Fresh%20Fruit&viewAll=department&page=,£0.85,£24.29/kg,Any 3 for 2 Clubcard Price - Cheapest Product Free - Selected Tesco Dried Fruit Or Nuts,,/groceries/en-GB/products/302685683,https://digitalcontent.api.tesco.com/v2/media/ghs/169938b8-76c2-4823-939f-205de5e5c5ef/ecb2b5fe-03c8-4975-9016-1be14a0db899.jpeg?h=225&w=225,
287219084,Tesco Snacking Pistachio 50G,https://www.tesco.com/groceries/en-GB/shop/fresh-food/all?department=Fresh%20Fruit&viewAll=department&page=,£0.85,£17.00/kg,Any 3 for 2 Clubcard Price - Cheapest Product Free - Selected Tesco Dried Fruit Or Nuts,,/groceries/en-GB/products/287219084,https://digitalcontent.api.tesco.com/v2/media/ghs/a9f66467-2747-402b-a259-8216992731f7/1300ce65-ae17-4e4f-b9bb-3625f892d20f.jpeg?h=225&w=225,
253557950,Pomelos Each,https://www.tesco.com/groceries/en-GB/shop/fresh-food/all?department=Fresh%20Fruit&viewAll=department&page=,£2.00,£2.00/each,,New,/groceries/en-GB/products/253557950,https://digitalcontent.api.tesco.com/v2/media/ghs/0d0ce493-64a1-4b27-ab73-4a6d3dba6692/425c1170-7456-488c-9e8e-d62f443d77be_888719190.jpeg?h=225&w=225,
283111885,Tesco Brazil Nuts Snack Pack 60G,https://www.tesco.com/groceries/en-GB/shop/fresh-food/all?department=Fresh%20Fruit&viewAll=department&page=,£0.85,£1.42/100g,Any 3 for 2 Clubcard Price - Cheapest Product Free - Selected Tesco Dried Fruit Or Nuts,,/groceries/en-GB/products/283111885,https://digitalcontent.api.tesco.com/v2/media/ghs/86d09880-e111-42ed-aff0-a0c3ffea1c2b/87d010d9-46bb-4727-adcb-d3362565272d.jpeg?h=225&w=225,
312563757,Tesco Deglet Nourishing Dates 500G,https://www.tesco.com/groceries/en-GB/shop/fresh-food/all?department=Fresh%20Fruit&viewAll=department&page=,£3.50,£7.00/kg,,,/groceries/en-GB/products/312563757,https://digitalcontent.api.tesco.com/v2/media/ghs/47e9601f-1d04-41ab-8875-08f4426c6b9a/3cf3d328-4007-4f19-b9f5-421370157363_1391640768.jpeg?h=225&w=225,
260942646,Tesco Organic Fair Trade Cashew Nuts 150G,https://www.tesco.com/groceries/en-GB/shop/fresh-food/all?department=Fresh%20Fruit&viewAll=department&page=,£3.20,£21.34/kg,,,/groceries/en-GB/products/260942646,https://digitalcontent.api.tesco.com/v2/media/ghs/b7a006eb-ee36-48ce-9586-78f888e3984b/f85eef92-c354-4fcb-b59c-28269321dd2c.jpeg?h=225&w=225,
297632765,Tesco Mixed Nuts In Shell 350G,https://www.tesco.com/groceries/en-GB/shop/fresh-food/all?department=Fresh%20Fruit&viewAll=department&page=,£3.00,£8.58/kg,Any 2 for £5 Clubcard Price - Selected Tesco Core And In Shell Nuts 170g - 600g,,/groceries/en-GB/products/297632765,https://digitalcontent.api.tesco.com/v2/media/ghs/dbed683f-cc3e-4b67-b22d-e722c52dc4cd/449455dc-4c9f-4ce2-a06a-fbd876dfd987_1088887466.jpeg?h=225&w=225,
297648545,Tesco Walnuts In Shell 350G,https://www.tesco.com/groceries/en-GB/shop/fresh-food/all?department=Fresh%20Fruit&viewAll=department&page=,£3.00,£8.58/kg,Any 2 for £5 Clubcard Price - Selected Tesco Core And In Shell Nuts 170g - 600g,,/groceries/en-GB/products/297648545,https://digitalcontent.api.tesco.com/v2/media/ghs/29bb39ce-96e1-48c6-9aac-267726cf3b51/009cd680-9d6d-4b2a-9d93-2c5b721cd92c_1524987479.jpeg?h=225&w=225,
308870949,Tesco Cranberries 100G,https://www.tesco.com/groceries/en-GB/shop/fresh-food/all?department=Fresh%20Fruit&viewAll=department&page=,£1.85,£18.50/kg,,,/groceries/en-GB/products/308870949,https://digitalcontent.api.tesco.com/v2/media/ghs/4825074f-7ead-4a2a-9ca5-606a589f2cce/f9ad965e-b887-4cc8-8986-bfd720b3c9ee.jpeg?h=225&w=225,
266375344,Tesco Pistachio Nuts 200G,https://www.tesco.com/groceries/en-GB/shop/fresh-food/all?department=Fresh%20Fruit&viewAll=department&page=,£2.65,£13.25/kg,,,/groceries/en-GB/products/266375344,https://digitalcontent.api.tesco.com/v2/media/ghs/416cc438-2e03-4962-85e8-74b9a8deacf6/8dddfecf-e3b5-46dd-bbd1-20463035b066.jpeg?h=225&w=225,
293587162,Tesco Pecans 170G,https://www.tesco.com/groceries/en-GB/shop/fresh-food/all?department=Fresh%20Fruit&viewAll=department&page=,£3.00,£17.65/kg,Any 2 for £5 Clubcard Price - Selected Tesco Core And In Shell Nuts 170g - 600g,,/groceries/en-GB/products/293587162,https://digitalcontent.api.tesco.com/v2/media/ghs/f54de3b5-e645-48e6-ad4f-928da6567e4d/6cc697b6-2c1d-45e6-bef8-10aff39a2b73_2018096233.jpeg?h=225&w=225,
297186889,Jordan River Dates 800G,https://www.tesco.com/groceries/en-GB/shop/fresh-food/all?department=Fresh%20Fruit&viewAll=department&page=,£3.35,£4.19/kg,,,/groceries/en-GB/products/297186889,https://digitalcontent.api.tesco.com/v2/media/ghs/68479083-877a-4dc9-9cc3-723a1c59cc73/2f0020d5-0c48-47d3-b581-3f9cb8a2f52e_2115339213.jpeg?h=225&w=225,
297685391,Tesco Finest Medjool & Zamli Dates 400G,https://www.tesco.com/groceries/en-GB/shop/fresh-food/all?department=Fresh%20Fruit&viewAll=department&page=,£4.50,£11.25/kg,£4.00 Clubcard Price,,/groceries/en-GB/products/297685391,https://digitalcontent.api.tesco.com/v2/media/ghs/281790be-0a8d-419c-9626-0e1216de2356/a1a3109a-d8ff-4625-a68e-4da420948989_1230066945.jpeg?h=225&w=225,
290594532,Tesco Flax Seeds 150G,https://www.tesco.com/groceries/en-GB/shop/fresh-food/all?department=Fresh%20Fruit&viewAll=department&page=,£1.00,£6.67/kg,,,/groceries/en-GB/products/290594532,https://digitalcontent.api.tesco.com/v2/media/ghs/35f0eb47-9a42-46f0-a093-1660731a2d4c/a9039d51-30e7-4cd9-8c21-66bfcd7a094a_1713539621.jpeg?h=225&w=225,
309450846,Tesco Organic Raspberries 150G,https://www.tesco.com/groceries/en-GB/shop/fresh-food/all?department=Fresh%20Fruit&viewAll=department&page=,£3.00,£20.00/kg,,,/groceries/en-GB/products/309450846,https://digitalcontent.api.tesco.com/v2/media/ghs/19ffda0c-746e-4684-a82d-947a67b94db8/8933330c-1e55-41c7-97b3-0d62d0b7cf8f.jpeg?h=225&w=225,
311275550,Tesco Raisins & Sultanas 5 Bags 100G,https://www.tesco.com/groceries/en-GB/shop/fresh-food/all?department=Fresh%20Fruit&viewAll=department&page=,£1.00,£10.00/kg,,,/groceries/en-GB/products/311275550,https://digitalcontent.api.tesco.com/v2/media/ghs/861896b4-73e5-4a20-bed2-b90d05c140d0/06a8d7c4-f709-4861-9ace-1e455e761250_536434267.jpeg?h=225&w=225,
311424461,Tesco Soft Raisins 5 Bags 100G,https://www.tesco.com/groceries/en-GB/shop/fresh-food/all?department=Fresh%20Fruit&viewAll=department&page=,£1.00,£10.00/kg,,,/groceries/en-GB/products/311424461,https://digitalcontent.api.tesco.com/v2/media/ghs/b3de9edc-fa92-477b-aba5-8b26ad3302d9/ba8fdd5b-4e04-4f6e-9480-eb178d7be81d_394267581.jpeg?h=225&w=225,
293171580,Tesco Organic Pink Lady Apples 440G,https://www.tesco.com/groceries/en-GB/shop/fresh-food/all?department=Fresh%20Fruit&viewAll=department&page=,£2.50,£5.69/kg,,,/groceries/en-GB/products/293171580,https://digitalcontent.api.tesco.com/v2/media/ghs/9f8300d2-3077-48d5-8459-4e0d90777127/493f676a-fa5b-4dcd-950a-294faad59cc2.jpeg?h=225&w=225,
309472739,Tesco Watermelon & Mango 230G,https://www.tesco.com/groceries/en-GB/shop/fresh-food/all?department=Fresh%20Fruit&viewAll=department&page=,£2.25,£0.98/100g,,,/groceries/en-GB/products/309472739,https://digitalcontent.api.tesco.com/v2/media/ghs/9ee1dbd9-13e4-4196-b985-4b3d230bde96/103a2f39-55fd-4f3e-877a-b738471f45cd.jpeg?h=225&w=225,
302971816,Tesco Large Classic Fruit Salad 440G,https://www.tesco.com/groceries/en-GB/shop/fresh-food/all?department=Fresh%20Fruit&viewAll=department&page=,£2.60,£5.91/kg,,,/groceries/en-GB/products/302971816,https://digitalcontent.api.tesco.com/v2/media/ghs/89c64288-c44d-488d-ac97-b493f30f3de1/a58a37a2-6700-4fdb-bfd1-522109e3d4b8.jpeg?h=225&w=225,
306930312,Tesco Wasabi Peas 40G,https://www.tesco.com/groceries/en-GB/shop/fresh-food/all?department=Fresh%20Fruit&viewAll=department&page=,£0.85,£21.25/kg,Any 3 for 2 Clubcard Price - Cheapest Product Free - Selected Tesco Dried Fruit Or Nuts,,/groceries/en-GB/products/306930312,https://digitalcontent.api.tesco.com/v2/media/ghs/fbc16761-4d78-4f65-a469-652c9926fcde/a7b14753-5fa6-4ad4-8772-210fc6022d6f_1507960026.jpeg?h=225&w=225,
304396434,Tesco Finest Belgian Dark Chocolate Brazil Nuts 225G,https://www.tesco.com/groceries/en-GB/shop/fresh-food/all?department=Fresh%20Fruit&viewAll=department&page=,£3.50,£1.56/100g,£3.00 Clubcard Price,,/groceries/en-GB/products/304396434,https://digitalcontent.api.tesco.com/v2/media/ghs/2e00b5ee-a5f4-4cc2-84f2-abaffefffc00/ec096e2b-1671-4f5a-b340-ece10180a2f2_159191192.jpeg?h=225&w=225,
250299925,Tesco Organic Grapes 400G,https://www.tesco.com/groceries/en-GB/shop/fresh-food/all?department=Fresh%20Fruit&viewAll=department&page=,£3.25,£8.13/kg,,,/groceries/en-GB/products/250299925,https://digitalcontent.api.tesco.com/v2/media/ghs/a37a6ec9-6c7b-4b0a-a961-5203ecd29b19/13d436da-addd-451e-a451-b83c916d17ba_781269592.jpeg?h=225&w=225,
311230102,Tesco Sultana & Apricot 5 Bags 100G,https://www.tesco.com/groceries/en-GB/shop/fresh-food/all?department=Fresh%20Fruit&viewAll=department&page=,£1.00,£10.00/kg,,,/groceries/en-GB/products/311230102,https://digitalcontent.api.tesco.com/v2/media/ghs/172cab70-1f92-40b9-9264-86ddd4483df5/96cf53e3-ef39-4bb6-85d9-e55cfb9763d1_1065090936.jpeg?h=225&w=225,
305983158,Tesco Apple & Strawberry 100G,https://www.tesco.com/groceries/en-GB/shop/fresh-food/all?department=Fresh%20Fruit&viewAll=department&page=,£1.15,£11.50/kg,"£3.40 Meal Deal Clubcard Price £3.90 Meal Deal Regular Price - Selected Drink, Snack, Wrap, Sandwich, Roll, Pasty Or Salad",,/groceries/en-GB/products/305983158,https://digitalcontent.api.tesco.com/v2/media/ghs/3fe97a76-7351-4acc-942f-0f3ad82e9ff9/541580de-9fdf-4e17-8b8f-d4633d9eaa77.jpeg?h=225&w=225,
309753989,Tesco Seasonal Apples Mineral 5 Pack,https://www.tesco.com/groceries/en-GB/shop/fresh-food/all?department=Fresh%20Fruit&viewAll=department&page=,£2.00,£0.40/each,,,/groceries/en-GB/products/309753989,https://digitalcontent.api.tesco.com/v2/media/ghs/50954c7d-e704-4927-b9ec-c3bed5fe970d/a864a09c-21ec-4c91-af03-d4de2076bbb5.jpeg?h=225&w=225,
283112187,Tesco Chocolate Fruit & Nut Mix Snack Pack 60G,https://www.tesco.com/groceries/en-GB/shop/fresh-food/all?department=Fresh%20Fruit&viewAll=department&page=,£0.85,£14.17/kg,,,/groceries/en-GB/products/283112187,https://digitalcontent.api.tesco.com/v2/media/ghs/54193900-94aa-45e0-8166-1a472ffd73d3/c3220284-08c4-4f8b-9084-7a4e57591963.jpeg?h=225&w=225,
252946036,Tesco Rhubarb 400G Pack Class 1,https://www.tesco.com/groceries/en-GB/shop/fresh-food/all?department=Fresh%20Fruit&viewAll=department&page=,£1.60,£4.00/kg,,,/groceries/en-GB/products/252946036,https://digitalcontent.api.tesco.com/v2/media/ghs/433aca3b-29e3-444b-ae7c-cf24f7c45098/a88d6292-3f20-4f06-8d63-9c62b38fe49c.jpeg?h=225&w=225,
311447192,Tesco Kiwi Strawberry & Melon 125G,https://www.tesco.com/groceries/en-GB/shop/fresh-food/all?department=Fresh%20Fruit&viewAll=department&page=,£1.15,£9.20/kg,,,/groceries/en-GB/products/311447192,https://digitalcontent.api.tesco.com/v2/media/ghs/020269aa-4996-4b69-9c05-f32769563f6b/dfc19258-6ad6-4167-bc39-3264ebfbefaf.jpeg?h=225&w=225,
299497656,Tesco Almonds 25G,https://www.tesco.com/groceries/en-GB/shop/fresh-food/all?department=Fresh%20Fruit&viewAll=department&page=,£0.60,£2.40/100g,Any 3 for 2 Clubcard Price - Cheapest Product Free - Selected Tesco Dried Fruit Or Nuts,,/groceries/en-GB/products/299497656,https://digitalcontent.api.tesco.com/v2/media/ghs/89f8872b-bc31-4e56-8fcc-7fb96a669e8b/def361fa-8537-42a4-ab1c-1c7331b40760.jpeg?h=225&w=225,
311276937,Tesco Fruity Granola Shot 25G,https://www.tesco.com/groceries/en-GB/shop/fresh-food/all?department=Fresh%20Fruit&viewAll=department&page=,£0.60,£0.24/10g,Any 3 for 2 Clubcard Price - Cheapest Product Free - Selected Tesco Dried Fruit Or Nuts,,/groceries/en-GB/products/311276937,https://digitalcontent.api.tesco.com/v2/media/ghs/77272651-1fd3-4507-9cce-9f6c34470a57/fb506c3c-e816-4ab8-bef9-a3f3097bc40f_1445991277.jpeg?h=225&w=225,
311438001,Tesco Finest Harissa Nut Selection 225G,https://www.tesco.com/groceries/en-GB/shop/fresh-food/all?department=Fresh%20Fruit&viewAll=department&page=,£3.50,£15.56/kg,£3.00 Clubcard Price,,/groceries/en-GB/products/311438001,https://digitalcontent.api.tesco.com/v2/media/ghs/42516fc9-93c7-4487-b46d-03940b377e8b/6b1d1a30-e6dc-4376-a86a-af8515756652_714109179.jpeg?h=225&w=225,
274670057,Tesco Finest Salted Caramelised Nut Selection 225G,https://www.tesco.com/groceries/en-GB/shop/fresh-food/all?department=Fresh%20Fruit&viewAll=department&page=,£3.50,£15.56/kg,£3.00 Clubcard Price,,/groceries/en-GB/products/274670057,https://digitalcontent.api.tesco.com/v2/media/ghs/f9c296f1-4403-44e8-b200-69d7ff935d01/95410ba2-63b9-44db-b32a-ef96bd4f537c_501293885.jpeg?h=225&w=225,
283112072,Tesco Salt & Pepper Nut Mix Snack Pack 55G,https://www.tesco.com/groceries/en-GB/shop/fresh-food/all?department=Fresh%20Fruit&viewAll=department&page=,£0.85,£15.46/kg,Any 3 for 2 Clubcard Price - Cheapest Product Free - Selected Tesco Dried Fruit Or Nuts,,/groceries/en-GB/products/283112072,https://digitalcontent.api.tesco.com/v2/media/ghs/ceb05293-64f4-40c1-aa54-6815a7f4fc9a/83cfbf08-59e2-445a-a5f8-8de696f3a607.jpeg?h=225&w=225,
268954572,Tesco Roasted Nut Mix 45G,https://www.tesco.com/groceries/en-GB/shop/fresh-food/all?department=Fresh%20Fruit&viewAll=department&page=,£0.85,£18.89/kg,Any 3 for 2 Clubcard Price - Cheapest Product Free - Selected Tesco Dried Fruit Or Nuts,,/groceries/en-GB/products/268954572,https://digitalcontent.api.tesco.com/v2/media/ghs-mktg/b0b04216-fa73-466d-a9d7-c9fcfa1ce9b3/no-image.jpeg,
261834005,Tesco Organic Walnuts 100G,https://www.tesco.com/groceries/en-GB/shop/fresh-food/all?department=Fresh%20Fruit&viewAll=department&page=,£3.20,£32.00/kg,,,/groceries/en-GB/products/261834005,https://digitalcontent.api.tesco.com/v2/media/ghs/60800253-2ff7-4a6b-9e3f-f78ead0b41ed/f54784b3-6842-4bab-9645-5baec47893ab_264360243.jpeg?h=225&w=225,
302676982,Tesco Finest Fruit & Nut 190G,https://www.tesco.com/groceries/en-GB/shop/fresh-food/all?department=Fresh%20Fruit&viewAll=department&page=,£3.50,£18.43/kg,,,/groceries/en-GB/products/302676982,https://digitalcontent.api.tesco.com/v2/media/ghs/0f862391-5bb1-44a3-b7f4-a87029351487/7f325227-8584-4361-a1de-38efaa1acc65_1442536989.jpeg?h=225&w=225,
311807397,Tesco Raisins And Cranberries 500G,https://www.tesco.com/groceries/en-GB/shop/fresh-food/all?department=Fresh%20Fruit&viewAll=department&page=,£4.00,£0.80/100g,,,/groceries/en-GB/products/311807397,https://digitalcontent.api.tesco.com/v2/media/ghs/8e5d8958-bc23-43bf-b6a6-565e95a82f57/98b66967-8eb7-4261-ac5e-1bf8d901c375_546900269.jpeg?h=225&w=225,
302716227,Tesco Cashew & Raisins 200G,https://www.tesco.com/groceries/en-GB/shop/fresh-food/all?department=Fresh%20Fruit&viewAll=department&page=,£2.65,£13.25/kg,,,/groceries/en-GB/products/302716227,https://digitalcontent.api.tesco.com/v2/media/ghs/7e3d368a-4e6a-4420-bdc0-e37ae7c68975/782ff66d-bbaf-45be-a5ec-b0c78db86c72.jpeg?h=225&w=225,
309765128,Tesco Finest Lime Infused Mango 100G,https://www.tesco.com/groceries/en-GB/shop/fresh-food/all?department=Fresh%20Fruit&viewAll=department&page=,£3.50,£35.00/kg,,,/groceries/en-GB/products/309765128,https://digitalcontent.api.tesco.com/v2/media/ghs/178abe29-bc8b-4973-869a-cf97d8c1d936/0e59f9fe-f789-4ca6-bf6f-6154c565e8b3_2138936287.jpeg?h=225&w=225,
258701017,Tesco Organic Fair Trade Brazil Nuts 150G,https://www.tesco.com/groceries/en-GB/shop/fresh-food/all?department=Fresh%20Fruit&viewAll=department&page=,£3.20,£21.34/kg,,,/groceries/en-GB/products/258701017,https://digitalcontent.api.tesco.com/v2/media/ghs/5d071919-61b8-4cff-a2ab-c18792f3c7b0/9a1fbdfb-e62f-493d-8d7f-ae31f6b18597.jpeg?h=225&w=225,
258580504,Tesco Organic Mixed Nuts 200G,https://www.tesco.com/groceries/en-GB/shop/fresh-food/all?department=Fresh%20Fruit&viewAll=department&page=,£3.20,£16.00/kg,,,/groceries/en-GB/products/258580504,https://digitalcontent.api.tesco.com/v2/media/ghs/9240b514-29a0-44c2-ba27-9870f1c83c3a/4388ecc1-49ac-4b1a-a2c0-8791e39e21c6.jpeg?h=225&w=225,
274678584,Tesco Brazil Nuts In Shell 300G,https://www.tesco.com/groceries/en-GB/shop/fresh-food/all?department=Fresh%20Fruit&viewAll=department&page=,£3.00,£10.00/kg,Any 2 for £5 Clubcard Price - Selected Tesco Core And In Shell Nuts 170g - 600g,,/groceries/en-GB/products/274678584,https://digitalcontent.api.tesco.com/v2/media/ghs/e7b4c49b-ad48-4eaa-bde9-11fb551a60cc/48864249-306c-43f0-95b1-e18f8aa05a88_564079540.jpeg?h=225&w=225,
297648580,Tesco Pecan Nuts In Shell 300G,https://www.tesco.com/groceries/en-GB/shop/fresh-food/all?department=Fresh%20Fruit&viewAll=department&page=,£3.00,£10.00/kg,Any 2 for £5 Clubcard Price - Selected Tesco Core And In Shell Nuts 170g - 600g,,/groceries/en-GB/products/297648580,https://digitalcontent.api.tesco.com/v2/media/ghs/74f89e3e-e6bb-4f0b-87fb-1e67f2c9fcf5/52926e53-5eb5-4054-a412-c88c056426a1_565666078.jpeg?h=225&w=225,
274669394,Tesco Roasted Pistachio Nuts In Shell 200G,https://www.tesco.com/groceries/en-GB/shop/fresh-food/all?department=Fresh%20Fruit&viewAll=department&page=,£3.00,£15.00/kg,Any 2 for £5 Clubcard Price - Selected Tesco Core And In Shell Nuts 170g - 600g,,/groceries/en-GB/products/274669394,https://digitalcontent.api.tesco.com/v2/media/ghs/166ae272-c420-4815-97a5-32c50dca15c4/e7034d3c-2925-4bb8-84b4-b1c0b64d9dab_596137866.jpeg?h=225&w=225,
297648568,Tesco Hazelnuts In Shell 350G,https://www.tesco.com/groceries/en-GB/shop/fresh-food/all?department=Fresh%20Fruit&viewAll=department&page=,£3.00,£8.58/kg,Any 2 for £5 Clubcard Price - Selected Tesco Core And In Shell Nuts 170g - 600g,,/groceries/en-GB/products/297648568,https://digitalcontent.api.tesco.com/v2/media/ghs/a46c6926-5cb3-4f91-a332-2e9e5955b951/7edec0ce-08f1-48cf-843b-3f39b544d8ad_1702297651.jpeg?h=225&w=225,
311435753,Tesco Pineapple Chunks 300G,https://www.tesco.com/groceries/en-GB/shop/fresh-food/all?department=Fresh%20Fruit&viewAll=department&page=,£2.25,£7.50/kg,,,/groceries/en-GB/products/311435753,https://digitalcontent.api.tesco.com/v2/media/ghs/16712cc8-0b17-4222-bcb9-65b43b088756/f5c50ddf-29df-4996-8252-b80f5e10a4c9.jpeg?h=225&w=225,
266356851,Tesco Organic Almonds 200 G,https://www.tesco.com/groceries/en-GB/shop/fresh-food/all?department=Fresh%20Fruit&viewAll=department&page=,£3.20,£16.00/kg,,,/groceries/en-GB/products/266356851,https://digitalcontent.api.tesco.com/v2/media/ghs/45cb57d7-4fe0-4903-a80e-a5ce5f835059/c4ffe0a4-dd74-43d5-9e09-dab74a3b2da7_26443492.jpeg?h=225&w=225,
262860352,Tesco Goji Berries 100G,https://www.tesco.com/groceries/en-GB/shop/fresh-food/all?department=Fresh%20Fruit&viewAll=department&page=,£1.85,£18.50/kg,,,/groceries/en-GB/products/262860352,https://digitalcontent.api.tesco.com/v2/media/ghs/9c154585-a86f-4765-9840-01376237ef6a/5b82c93b-ca17-4b4c-9e92-4dbcdbd31e7e.jpeg?h=225&w=225,
309484466,Tesco Finest Chocolate Coffee Nut Tray 265G,https://www.tesco.com/groceries/en-GB/shop/fresh-food/all?department=Fresh%20Fruit&viewAll=department&page=,£5.50,£20.76/kg,£5.00 Clubcard Price,,/groceries/en-GB/products/309484466,https://digitalcontent.api.tesco.com/v2/media/ghs/a13c11e6-1401-4c97-9f19-4d35bedf5225/aaab51ad-5dcf-4adf-971e-5e1d7b26c990_562273834.jpeg?h=225&w=225,
301916522,Tesco Finest White Chocolate & Coconut Hazelnuts 200G,https://www.tesco.com/groceries/en-GB/shop/fresh-food/all?department=Fresh%20Fruit&viewAll=department&page=,£3.50,£1.75/100g,£3.00 Clubcard Price,,/groceries/en-GB/products/301916522,https://digitalcontent.api.tesco.com/v2/media/ghs/c5250903-56a0-4a23-8438-3958171e38f2/fb19fa2a-0853-49ad-a56f-c3f3638a685a_1571214978.jpeg?h=225&w=225,
300134734,Tesco Coconut 80G,https://www.tesco.com/groceries/en-GB/shop/fresh-food/all?department=Fresh%20Fruit&viewAll=department&page=,£1.15,£14.38/kg,,,/groceries/en-GB/products/300134734,https://digitalcontent.api.tesco.com/v2/media/ghs/9fcb8344-1377-4b8a-af44-225326d06647/e4a4164d-1b01-4269-b4ab-3b0bfa8e1978.jpeg?h=225&w=225,
295770402,Tesco Strawberry Banana Grape Apple 230G,https://www.tesco.com/groceries/en-GB/shop/fresh-food/all?department=Fresh%20Fruit&viewAll=department&page=,£2.25,£9.79/kg,,,/groceries/en-GB/products/295770402,https://digitalcontent.api.tesco.com/v2/media/ghs/e9666c83-4cba-4c96-a2c2-3f593df8589d/d48fb799-3128-4508-bc78-3d64e765d94c.jpeg?h=225&w=225,
311211822,"Tesco Melon,Grapes, Kiwi, Strawberries & Pomegranate 275G",https://www.tesco.com/groceries/en-GB/shop/fresh-food/all?department=Fresh%20Fruit&viewAll=department&page=,£2.25,£8.19/kg,,,/groceries/en-GB/products/311211822,https://digitalcontent.api.tesco.com/v2/media/ghs/6e1771da-45a9-4be9-b671-7b1c70cda9d4/4b658cc6-f050-42fc-8eac-fc9b88200033_629050825.jpeg?h=225&w=225,
297674945,Tesco Roasted Almonds 225G,https://www.tesco.com/groceries/en-GB/shop/fresh-food/all?department=Fresh%20Fruit&viewAll=department&page=,£3.00,£13.34/kg,Any 2 for £5 Clubcard Price - Selected Tesco Core And In Shell Nuts 170g - 600g,,/groceries/en-GB/products/297674945,https://digitalcontent.api.tesco.com/v2/media/ghs/5d07a4e3-23fd-46dc-86c5-37d38abca1d1/369731b3-a1f4-4c2e-8b4d-f864af82c6a4_1071495858.jpeg?h=225&w=225,
301892599,Tesco Finest Belgian Chocolate Nut Tray 285G,https://www.tesco.com/groceries/en-GB/shop/fresh-food/all?department=Fresh%20Fruit&viewAll=department&page=,£5.50,£1.93/100g,£5.00 Clubcard Price,,/groceries/en-GB/products/301892599,https://digitalcontent.api.tesco.com/v2/media/ghs/6cfc4e04-7cdf-468f-98fe-5e52a5d2d84a/281c67b6-9f6d-4abf-8e3f-e6da6cbc4f2a_1062365835.jpeg?h=225&w=225,
312997195,Tesco Cranberries 250G 250G,https://www.tesco.com/groceries/en-GB/shop/fresh-food/all?department=Fresh%20Fruit&viewAll=department&page=,£2.00,£8.00/kg,£1.50 Clubcard Price,,/groceries/en-GB/products/312997195,https://digitalcontent.api.tesco.com/v2/media/ghs-mktg/b0b04216-fa73-466d-a9d7-c9fcfa1ce9b3/no-image.jpeg,
312111674,Tesco Finest Marron Chestnuts 400G,https://www.tesco.com/groceries/en-GB/shop/fresh-food/all?department=Fresh%20Fruit&viewAll=department&page=,£3.50,£8.75/kg,£3.00 Clubcard Price,,/groceries/en-GB/products/312111674,https://digitalcontent.api.tesco.com/v2/media/ghs/a3e51d60-e3b8-4551-9869-dead15cbd9be/86c2c629-767f-4e88-b949-6e6abc200044.jpeg?h=225&w=225,
312363231,Tesco Apple Slices 500G,https://www.tesco.com/groceries/en-GB/shop/fresh-food/all?department=Fresh%20Fruit&viewAll=department&page=,£3.50,£7.00/kg,,,/groceries/en-GB/products/312363231,https://digitalcontent.api.tesco.com/v2/media/ghs/dda70795-411f-4c5d-83d0-fa2ad6c24d51/3df3077f-75fe-4485-843c-43f7e4360dfd_305295780.jpeg?h=225&w=225,
306812889,Tesco Finest Maple Nut Selection 225G,https://www.tesco.com/groceries/en-GB/shop/fresh-food/all?department=Fresh%20Fruit&viewAll=department&page=,£3.50,£1.56/100g,£3.00 Clubcard Price,,/groceries/en-GB/products/306812889,https://digitalcontent.api.tesco.com/v2/media/ghs/350a37d8-3977-4f53-b626-500e0a3d2af2/8f274b73-5d6b-469a-94ef-add33ead9657_1375774269.jpeg?h=225&w=225,
297675005,Tesco Finest Belgian Chocolate Nut Selection 225G,https://www.tesco.com/groceries/en-GB/shop/fresh-food/all?department=Fresh%20Fruit&viewAll=department&page=,£3.50,£15.56/kg,£3.00 Clubcard Price,,/groceries/en-GB/products/297675005,https://digitalcontent.api.tesco.com/v2/media/ghs/a618777a-9ab6-4b60-8201-f768f7f793cd/57c129c1-a824-4e15-8128-23fd686786c5_1369899110.jpeg?h=225&w=225,
311262104,Tesco Mixed Raisins 60G,https://www.tesco.com/groceries/en-GB/shop/fresh-food/all?department=Fresh%20Fruit&viewAll=department&page=,£0.85,£14.17/kg,Any 3 for 2 Clubcard Price - Cheapest Product Free - Selected Tesco Dried Fruit Or Nuts,,/groceries/en-GB/products/311262104,https://digitalcontent.api.tesco.com/v2/media/ghs/7b539661-5925-4cc2-94e5-0bb422e5cb90/37397492-fcd5-44b4-a391-78df4b1ac342_2095654901.jpeg?h=225&w=225,
306937034,Tesco Smoky Paprika Crunch 45G,https://www.tesco.com/groceries/en-GB/shop/fresh-food/all?department=Fresh%20Fruit&viewAll=department&page=,£0.85,£1.89/100g,Any 3 for 2 Clubcard Price - Cheapest Product Free - Selected Tesco Dried Fruit Or Nuts,,/groceries/en-GB/products/306937034,https://digitalcontent.api.tesco.com/v2/media/ghs/03c0a5f9-c2b8-410e-8b32-ef63a33ad33d/37b61ee9-3bf6-4fc1-8089-30a598b8c328.jpeg?h=225&w=225,
302677128,Tesco Fruit & Nut Shot 25G,https://www.tesco.com/groceries/en-GB/shop/fresh-food/all?department=Fresh%20Fruit&viewAll=department&page=,£0.60,£24.00/kg,Any 3 for 2 Clubcard Price - Cheapest Product Free - Selected Tesco Dried Fruit Or Nuts,,/groceries/en-GB/products/302677128,https://digitalcontent.api.tesco.com/v2/media/ghs/074d7514-e602-4191-9d90-210b3565399a/5df7235e-4da0-408c-80f6-f6b656fb4351.jpeg?h=225&w=225,
311797531,Tesco Cocoa & Vanilla Flavour Nut Mix 25G,https://www.tesco.com/groceries/en-GB/shop/fresh-food/all?department=Fresh%20Fruit&viewAll=department&page=,£0.60,£24.00/kg,Any 3 for 2 Clubcard Price - Cheapest Product Free - Selected Tesco Dried Fruit Or Nuts,,/groceries/en-GB/products/311797531,https://digitalcontent.api.tesco.com/v2/media/ghs/9d0fe398-4b7b-4584-b69e-704a6d68cabb/3198730c-e2c1-4387-8848-6969e7cb11e4_1046664288.jpeg?h=225&w=225,
309468198,Tesco Finest Zamli Dates 200G,https://www.tesco.com/groceries/en-GB/shop/fresh-food/all?department=Fresh%20Fruit&viewAll=department&page=,£2.50,£12.50/kg,£2.00 Clubcard Price,,/groceries/en-GB/products/309468198,https://digitalcontent.api.tesco.com/v2/media/ghs/1b53a0d8-c061-4811-a14f-e77751fb8ac2/f4c45196-e60f-4e53-b13d-834fd8f3182c_339270861.jpeg?h=225&w=225,
267264900,Tesco Snack Pack Almonds 60G,https://www.tesco.com/groceries/en-GB/shop/fresh-food/all?department=Fresh%20Fruit&viewAll=department&page=,£0.85,£14.17/kg,Any 3 for 2 Clubcard Price - Cheapest Product Free - Selected Tesco Dried Fruit Or Nuts,,/groceries/en-GB/products/267264900,https://digitalcontent.api.tesco.com/v2/media/ghs-mktg/b0b04216-fa73-466d-a9d7-c9fcfa1ce9b3/no-image.jpeg,
250404353,Tesco Organic Sweet Easy Peeler Minimum 4 Pack,https://www.tesco.com/groceries/en-GB/shop/fresh-food/all?department=Fresh%20Fruit&viewAll=department&page=,£1.50,£0.38/each,,,/groceries/en-GB/products/250404353,https://digitalcontent.api.tesco.com/v2/media/ghs/55facbce-7ab4-4cbb-8698-3f81f330d9c8/af58d306-0a67-4f12-8880-deb6e4ef31df.jpeg?h=225&w=225,
274670126,Tesco Finest Hickory Smoked Nut Selection 225G,https://www.tesco.com/groceries/en-GB/shop/fresh-food/all?department=Fresh%20Fruit&viewAll=department&page=,£3.50,£15.56/kg,£3.00 Clubcard Price,,/groceries/en-GB/products/274670126,https://digitalcontent.api.tesco.com/v2/media/ghs/3124ccfb-3808-4992-904e-4ebbe955b8b3/2cbdd8d0-555b-41fa-90b5-31711ffc0254_1987099624.jpeg?h=225&w=225,
250164181,Tesco Finest Mango Each,https://www.tesco.com/groceries/en-GB/shop/fresh-food/all?department=Fresh%20Fruit&viewAll=department&page=,£2.00,£2.00/each,,,/groceries/en-GB/products/250164181,https://digitalcontent.api.tesco.com/v2/media/ghs/4fe3b8ce-a842-471e-8109-17a53f93d411/snapshotimagehandler_196851289.jpeg?h=225&w=225,
274661333,Tesco Finest Roasted Nut Selection With Sea Salt225g,https://www.tesco.com/groceries/en-GB/shop/fresh-food/all?department=Fresh%20Fruit&viewAll=department&page=,£3.50,£15.56/kg,£3.00 Clubcard Price,,/groceries/en-GB/products/274661333,https://digitalcontent.api.tesco.com/v2/media/ghs/9305a477-5908-4e2c-a1e8-1d27eb2f6bef/d3390b10-5925-4ff9-955c-503888d2a526_1599409728.jpeg?h=225&w=225,
310693655,Tesco Finest Medjool Date Selection 335G,https://www.tesco.com/groceries/en-GB/shop/fresh-food/all?department=Fresh%20Fruit&viewAll=department&page=,£10.00,£29.86/kg,£8.00 Clubcard Price,,/groceries/en-GB/products/310693655,https://digitalcontent.api.tesco.com/v2/media/ghs/6308274e-08f3-4901-a233-1695159cece3/73dbc2c9-c2b5-44e3-99f4-bec878139193_245876551.jpeg?h=225&w=225,
293587450,Tesco Roasted Cashew & Raisin Mix 225G,https://www.tesco.com/groceries/en-GB/shop/fresh-food/all?department=Fresh%20Fruit&viewAll=department&page=,£3.00,£13.34/kg,Any 2 for £5 Clubcard Price - Selected Tesco Core And In Shell Nuts 170g - 600g,,/groceries/en-GB/products/293587450,https://digitalcontent.api.tesco.com/v2/media/ghs/54825b9d-bc6f-479f-8f3e-2b9b83ceee46/39d0c719-db38-48f8-ae83-017a6a99b30c_2000583185.jpeg?h=225&w=225,
311449604,Tesco Finest Tropical Fruit Mix 125G,https://www.tesco.com/groceries/en-GB/shop/fresh-food/all?department=Fresh%20Fruit&viewAll=department&page=,£3.50,£28.00/kg,,,/groceries/en-GB/products/311449604,https://digitalcontent.api.tesco.com/v2/media/ghs/db586543-d772-4474-b57b-1f048c75fbdf/d6d89b2d-292c-4658-a404-ad7bd58f8a72_567217203.jpeg?h=225&w=225,
312346309,Tesco Smoked Bbq Nut Mix 200G,https://www.tesco.com/groceries/en-GB/shop/fresh-food/all?department=Fresh%20Fruit&viewAll=department&page=,£3.00,£15.00/kg,,,/groceries/en-GB/products/312346309,https://digitalcontent.api.tesco.com/v2/media/ghs/ee208e59-2863-4005-a69a-4ae5e9ffe20b/a542101c-66ae-4e81-909a-3b6e7a417164_889787186.jpeg?h=225&w=225,
274650484,Tesco Finest Fruit & Nut Selection 225G,https://www.tesco.com/groceries/en-GB/shop/fresh-food/all?department=Fresh%20Fruit&viewAll=department&page=,£3.50,£15.56/kg,£3.00 Clubcard Price,,/groceries/en-GB/products/274650484,https://digitalcontent.api.tesco.com/v2/media/ghs/7ff061d2-7005-4ca8-86da-a02b2bb8cca7/46aa4e3a-aff5-43a8-a9e3-1ed2a4837b06_343024860.jpeg?h=225&w=225,
311435724,Tesco Finest Roasted Marcona Almonds 150G,https://www.tesco.com/groceries/en-GB/shop/fresh-food/all?department=Fresh%20Fruit&viewAll=department&page=,£3.50,£23.34/kg,,,/groceries/en-GB/products/311435724,https://digitalcontent.api.tesco.com/v2/media/ghs/08665f12-53e1-4b19-b10c-0a6f65c611d4/c6a078d5-e814-4969-8fe9-b9272d2be68b_2086672850.jpeg?h=225&w=225,
311937159,Tesco Apple Infused Apple Pieces 100G,https://www.tesco.com/groceries/en-GB/shop/fresh-food/all?department=Fresh%20Fruit&viewAll=department&page=,£1.50,£15.00/kg,,,/groceries/en-GB/products/311937159,https://digitalcontent.api.tesco.com/v2/media/ghs/51bee693-ec86-411e-8d6e-8cb2126b2bcd/2cacf2a9-6dfd-42b3-b154-5e3b9de75cd5_1667644544.jpeg?h=225&w=225,
311805805,Tesco Strawberry Infused Apple Pieces 100G,https://www.tesco.com/groceries/en-GB/shop/fresh-food/all?department=Fresh%20Fruit&viewAll=department&page=,£1.50,£15.00/kg,,,/groceries/en-GB/products/311805805,https://digitalcontent.api.tesco.com/v2/media/ghs/e57a66e3-5476-43b7-83c4-a3d649e1df16/78c25569-0f6f-4cd1-a47e-ac56a3e95ed7_1841076714.jpeg?h=225&w=225,
311935196,Tesco Finest Chocolate Orange Nut Selection 225G,https://www.tesco.com/groceries/en-GB/shop/fresh-food/all?department=Fresh%20Fruit&viewAll=department&page=,£3.50,£15.56/kg,£3.00 Clubcard Price,,/groceries/en-GB/products/311935196,https://digitalcontent.api.tesco.com/v2/media/ghs/588e045a-c9c4-4b6d-9a1a-55305b71658c/0b30dcf8-1f6d-4c1a-aa3e-f2099864731c_412314024.jpeg?h=225&w=225,
278721090,Coconut Each,https://www.tesco.com/groceries/en-GB/shop/fresh-food/all?department=Fresh%20Fruit&viewAll=department&page=,£1.00,£1.00/each,,,/groceries/en-GB/products/278721090,https://digitalcontent.api.tesco.com/v2/media/ghs/b0ba1107-e694-4b79-a7ff-68383639ac29/7ae1d305-d534-44b7-bce3-59a90e54dc58_1634226871.jpeg?h=225&w=225,
309789958,Tesco Finest After Dinner Chocolate Mint Tray 310G,https://www.tesco.com/groceries/en-GB/shop/fresh-food/all?department=Fresh%20Fruit&viewAll=department&page=,£5.50,£17.75/kg,£5.00 Clubcard Price,,/groceries/en-GB/products/309789958,https://digitalcontent.api.tesco.com/v2/media/ghs/15e3222d-228e-42e3-b152-c79ffee63e19/62cdd8f8-9172-44df-97d1-e09c1229bba4_1312166332.jpeg?h=225&w=225,
285347418,Tesco Pineapple Fingers 80G,https://www.tesco.com/groceries/en-GB/shop/fresh-food/all?department=Fresh%20Fruit&viewAll=department&page=,£0.60,£7.50/kg,,,/groceries/en-GB/products/285347418,https://digitalcontent.api.tesco.com/v2/media/ghs/9e186554-8630-4bb8-82ee-c892a7ec8f1b/b783c8af-0103-47e6-9fa7-58398e7f9b4e.jpeg?h=225&w=225,
287594536,Tesco Watermelon Fingers 90G,https://www.tesco.com/groceries/en-GB/shop/fresh-food/all?department=Fresh%20Fruit&viewAll=department&page=,£0.60,£6.67/kg,,,/groceries/en-GB/products/287594536,https://digitalcontent.api.tesco.com/v2/media/ghs/17ab8e5f-435f-4ac1-81e8-ce40c813e8f3/dde9d02c-8f02-4c06-985e-5405757081ca_1218851834.jpeg?h=225&w=225,
312347470,Tesco Oriental Flavoured Nut Mix 250G,https://www.tesco.com/groceries/en-GB/shop/fresh-food/all?department=Fresh%20Fruit&viewAll=department&page=,£0.60,£24.00/kg,Any 3 for 2 Clubcard Price - Cheapest Product Free - Selected Tesco Dried Fruit Or Nuts,,/groceries/en-GB/products/312347470,https://digitalcontent.api.tesco.com/v2/media/ghs/6471041f-adb1-4dc9-b30c-2bd581d1021e/ba4047ee-41f9-4c92-9895-529ca23ae217_903604172.jpeg?h=225&w=225,
312362094,Tesco Chai Masala Flavour Nut Mix 25G,https://www.tesco.com/groceries/en-GB/shop/fresh-food/all?department=Fresh%20Fruit&viewAll=department&page=,£0.60,£24.00/kg,Any 3 for 2 Clubcard Price - Cheapest Product Free - Selected Tesco Dried Fruit Or Nuts,,/groceries/en-GB/products/312362094,https://digitalcontent.api.tesco.com/v2/media/ghs/39aeb9b6-5b13-4a80-a2ef-a18d01419486/9ed3671c-77f0-4ff0-8a30-f058ce9170a1_1987274836.jpeg?h=225&w=225,
285104228,Tesco Deglet Nour. Dates 400G,https://www.tesco.com/groceries/en-GB/shop/fresh-food/all?department=Fresh%20Fruit&viewAll=department&page=,£3.00,£7.50/kg,£2.50 Clubcard Price,,/groceries/en-GB/products/285104228,https://digitalcontent.api.tesco.com/v2/media/ghs/d2c0c36e-c77c-4330-aca8-9357af4b14b6/d8438c0d-1c32-4c89-b31a-3039bb3c3c7c_1431156675.jpeg?h=225&w=225,
312360021,Tesco Cocoa & Vanilla Flavour Nut Mix 200G,https://www.tesco.com/groceries/en-GB/shop/fresh-food/all?department=Fresh%20Fruit&viewAll=department&page=,£3.00,£15.00/kg,,,/groceries/en-GB/products/312360021,https://digitalcontent.api.tesco.com/v2/media/ghs/3e6806f5-31bf-43b2-9fa7-c97b9163c7c5/58619f98-7688-4215-9bf7-0832725fe627_1493326049.jpeg?h=225&w=225,
312561780,Tesco Sour Cream & Chive Flavour Nut & Pulse Mix 200G,https://www.tesco.com/groceries/en-GB/shop/fresh-food/all?department=Fresh%20Fruit&viewAll=department&page=,£3.00,£15.00/kg,,,/groceries/en-GB/products/312561780,https://digitalcontent.api.tesco.com/v2/media/ghs/a70532f0-aa43-43e4-9f21-e1983e934042/f4c7f7aa-e3f7-46a5-b62b-6fce48df7d18_2012944077.jpeg?h=225&w=225,
312343399,Tesco Pulse Bites Tom & Basil Flavoured Pulse Mix 200G,https://www.tesco.com/groceries/en-GB/shop/fresh-food/all?department=Fresh%20Fruit&viewAll=department&page=,£3.00,£15.00/kg,,,/groceries/en-GB/products/312343399,https://digitalcontent.api.tesco.com/v2/media/ghs/e6fa6c9e-f5ec-4eb1-a223-bafb24e9ffbe/017c558e-6aaa-45ae-a001-64a6ee52ab5f_2139594277.jpeg?h=225&w=225,
312360107,Tesco Sour Cream Chive Flavoured Pulse & Nut Mix 25G,https://www.tesco.com/groceries/en-GB/shop/fresh-food/all?department=Fresh%20Fruit&viewAll=department&page=,£0.60,£2.40/100g,Any 3 for 2 Clubcard Price - Cheapest Product Free - Selected Tesco Dried Fruit Or Nuts,,/groceries/en-GB/products/312360107,https://digitalcontent.api.tesco.com/v2/media/ghs/17fe8678-fdea-4602-800b-29c87c2fa4bb/86f01554-aeea-48bb-a8af-ad5370cae7b1_624274687.jpeg?h=225&w=225,
312229691,Tesco Smoky Bbq Flavoured Chickpea & Seed Mix 25G,https://www.tesco.com/groceries/en-GB/shop/fresh-food/all?department=Fresh%20Fruit&viewAll=department&page=,£0.60,£24.00/kg,Any 3 for 2 Clubcard Price - Cheapest Product Free - Selected Tesco Dried Fruit Or Nuts,,/groceries/en-GB/products/312229691,https://digitalcontent.api.tesco.com/v2/media/ghs/020faf9f-cc0e-4bc7-a606-985068adc875/8b23de8a-8903-4453-83a6-7b178c37205d_1230436967.jpeg?h=225&w=225,
312578530,Tesco Pulse Bites Pesto Flavoured Nut & Pulse Mix 25G,https://www.tesco.com/groceries/en-GB/shop/fresh-food/all?department=Fresh%20Fruit&viewAll=department&page=,£0.60,£24.00/kg,Any 3 for 2 Clubcard Price - Cheapest Product Free - Selected Tesco Dried Fruit Or Nuts,,/groceries/en-GB/products/312578530,https://digitalcontent.api.tesco.com/v2/media/ghs/547058f3-8cd7-48a3-9b24-e2fc9fc77181/daf2975b-0b54-4c72-b7a8-c2817faf1166_684886892.jpeg?h=225&w=225,
258423951,Tesco Baking Potatoes 2.5Kg Pack,https://www.tesco.com/groceries/en-GB/shop/fresh-food/all?department=Fresh%20Vegetables&viewAll=department&page=,£1.85,£0.74/kg,,,/groceries/en-GB/products/258423951,https://digitalcontent.api.tesco.com/v2/media/ghs/9ae2f6c0-a0e3-4dfb-b32e-628e40d05b61/9092c6fc-ee12-4a90-84a9-059c67898ec9.jpeg?h=225&w=225,
273150945,Tesco Finest Baby Potatoes 750G,https://www.tesco.com/groceries/en-GB/shop/fresh-food/all?department=Fresh%20Vegetables&viewAll=department&page=,£1.40,£1.87/kg,,,/groceries/en-GB/products/273150945,https://digitalcontent.api.tesco.com/v2/media/ghs/d9d06249-1dfa-4ef7-bfc7-9b218d196281/5977ff4e-3463-4e27-8f4d-2648ac2cd885.jpeg?h=225&w=225,
281426090,Tesco Brown Onions Minimum 3 Pack 385G,https://www.tesco.com/groceries/en-GB/shop/fresh-food/all?department=Fresh%20Vegetables&viewAll=department&page=,£1.00,£2.60/kg,,,/groceries/en-GB/products/281426090,https://digitalcontent.api.tesco.com/v2/media/ghs/0a9cdfb3-7a31-4a09-850b-7c0b2e263ec1/6f1cc5b1-670b-4e3a-ad85-85b40ca8c75f.jpeg?h=225&w=225,
281425851,Tesco Red Onions 3Pack Minimum,https://www.tesco.com/groceries/en-GB/shop/fresh-food/all?department=Fresh%20Vegetables&viewAll=department&page=,£0.90,£0.30/each,,,/groceries/en-GB/products/281425851,https://digitalcontent.api.tesco.com/v2/media/ghs/2fe55d3e-be34-4184-b98a-bca19eae280d/66a138b5-fba3-4136-a551-3fe58c6006ee.jpeg?h=225&w=225,
312571249,Tesco Finest Portobello Mushrooms 150G,https://www.tesco.com/groceries/en-GB/shop/fresh-food/all?department=Fresh%20Vegetables&viewAll=department&page=,£1.10,£7.34/kg,,New,/groceries/en-GB/products/312571249,https://digitalcontent.api.tesco.com/v2/media/ghs/5dc5f63e-dcab-4475-aa07-774c176b7917/2063b94a-830c-405c-bf46-ba3ca39d40f2.jpeg?h=225&w=225,
253554596,Courgettes Loose Class 1,https://www.tesco.com/groceries/en-GB/shop/fresh-food/all?department=Fresh%20Vegetables&viewAll=department&page=,£0.48,£2.38/kg,,,/groceries/en-GB/products/253554596,https://digitalcontent.api.tesco.com/v2/media/ghs/a8efa1eb-4843-415b-bf48-16a6775d6cfc/snapshotimagehandler_1519473480.jpeg?h=225&w=225,
292201759,Redmere Farms Garlic 4 Pack,https://www.tesco.com/groceries/en-GB/shop/fresh-food/all?department=Fresh%20Vegetables&viewAll=department&page=,£0.79,£0.79/each,Aldi Price Match,,/groceries/en-GB/products/292201759,https://digitalcontent.api.tesco.com/v2/media/ghs/3667f7d2-8241-4cc2-b0a6-aedb0ecce074/a5e30546-e649-4c66-8c62-d6085a6c1846_417115773.jpeg?h=225&w=225,
257231200,Broccoli Loose,https://www.tesco.com/groceries/en-GB/shop/fresh-food/all?department=Fresh%20Vegetables&viewAll=department&page=,£0.72,£1.92/kg,,,/groceries/en-GB/products/257231200,https://digitalcontent.api.tesco.com/v2/media/ghs/ca964b48-7ad7-4e8e-a45d-0d6557552391/d327395f-16d8-47c9-bdf6-4dde614bd6ec.jpeg?h=225&w=225,
280046682,Tesco Closed Cup Mushrooms 300G,https://www.tesco.com/groceries/en-GB/shop/fresh-food/all?department=Fresh%20Vegetables&viewAll=department&page=,£0.94,£3.14/kg,Aldi Price Match,,/groceries/en-GB/products/280046682,https://digitalcontent.api.tesco.com/v2/media/ghs/a35f81ac-4a7c-4557-a98f-c1a2d6d1843f/be3cf878-b05f-499f-837f-db625cc0eba5.jpeg?h=225&w=225,
267524806,Tesco Pre-Packed Leeks 500G,https://www.tesco.com/groceries/en-GB/shop/fresh-food/all?department=Fresh%20Vegetables&viewAll=department&page=,£1.19,£2.38/kg,,,/groceries/en-GB/products/267524806,https://digitalcontent.api.tesco.com/v2/media/ghs/52619f57-7098-4c78-a120-6e00d322e25f/9a76d823-a834-4d1b-ab8d-b65ee94e81ee.jpeg?h=225&w=225,
293610620,Tesco Aubergine Each,https://www.tesco.com/groceries/en-GB/shop/fresh-food/all?department=Fresh%20Vegetables&viewAll=department&page=,£0.75,£0.75/each,Aldi Price Match,,/groceries/en-GB/products/293610620,https://digitalcontent.api.tesco.com/v2/media/ghs/9163ca12-e018-460c-b032-c10edba76df4/cca7a9c4-4883-427d-9007-0ad1c9cb1699.jpeg?h=225&w=225,
258423755,Tesco Maris Piper Potatoes 2.5Kg,https://www.tesco.com/groceries/en-GB/shop/fresh-food/all?department=Fresh%20Vegetables&viewAll=department&page=,£1.49,£0.60/kg,Aldi Price Match,,/groceries/en-GB/products/258423755,https://digitalcontent.api.tesco.com/v2/media/ghs/de6b3329-b376-4e43-9ea1-7e1a980cdbeb/bf6ba095-bf27-4565-87cd-8f756f6d149e.jpeg?h=225&w=225,
253558183,Large Potatoes Baking Loose,https://www.tesco.com/groceries/en-GB/shop/fresh-food/all?department=Fresh%20Vegetables&viewAll=department&page=,£0.21,£0.70/kg,,,/groceries/en-GB/products/253558183,https://digitalcontent.api.tesco.com/v2/media/ghs/8ea2f97e-9c3c-4bb7-8e69-d9e86e546026/bb8a2ee4-8dc9-46ca-905c-eebcfb4b4c6d.jpeg?h=225&w=225,
253557034,Loose Brown Onions,https://www.tesco.com/groceries/en-GB/shop/fresh-food/all?department=Fresh%20Vegetables&viewAll=department&page=,£0.12,£1.00/kg,,,/groceries/en-GB/products/253557034,https://digitalcontent.api.tesco.com/v2/media/ghs/fbc49282-7acd-4bda-9961-0f48ee54b9a4/56bff385-3897-4b74-9ccf-5b8bf81c1273.jpeg?h=225&w=225,
273796618,Chestnut Mushrooms 250G,https://www.tesco.com/groceries/en-GB/shop/fresh-food/all?department=Fresh%20Vegetables&viewAll=department&page=,£1.00,£4.00/kg,79p Clubcard Price,,/groceries/en-GB/products/273796618,https://digitalcontent.api.tesco.com/v2/media/ghs/4fbed448-d9a5-4673-b04c-4b366c9ed87d/5f26e536-2831-4c39-bbca-0dd7c5420671.jpeg?h=225&w=225,
301219119,Tesco Baby Spinach 250G,https://www.tesco.com/groceries/en-GB/shop/fresh-food/all?department=Fresh%20Vegetables&viewAll=department&page=,£0.90,£3.60/kg,,,/groceries/en-GB/products/301219119,https://digitalcontent.api.tesco.com/v2/media/ghs/649efb1f-20bf-4fc7-9621-cccf7af00e6d/a62ec967-0329-4c9d-be17-6ef15ab01a50.jpeg?h=225&w=225,
258114107,Loose Red Onions Class 2,https://www.tesco.com/groceries/en-GB/shop/fresh-food/all?department=Fresh%20Vegetables&viewAll=department&page=,£0.21,£1.00/kg,,,/groceries/en-GB/products/258114107,https://digitalcontent.api.tesco.com/v2/media/ghs/cd93b59e-d160-4be3-9c95-17535d97173f/8aa20968-4506-4769-a832-93682af920c6.jpeg?h=225&w=225,
292276376,Redmere Farms Brown Onion 1Kg,https://www.tesco.com/groceries/en-GB/shop/fresh-food/all?department=Fresh%20Vegetables&viewAll=department&page=,£0.55,£0.55/kg,Aldi Price Match,,/groceries/en-GB/products/292276376,https://digitalcontent.api.tesco.com/v2/media/ghs/dcd81d0f-358c-49e4-bf53-6a4efcc8d126/5fb7238f-53c8-4d8c-bd35-4b6e592bd899_1689759674.jpeg?h=225&w=225,
311672834,Tesco Celery,https://www.tesco.com/groceries/en-GB/shop/fresh-food/all?department=Fresh%20Vegetables&viewAll=department&page=,,,,,/groceries/en-GB/products/311672834,https://digitalcontent.api.tesco.com/v2/media/ghs/865ab9d4-a6e4-4cc1-93c5-a4db3c76c6f3/191ff1f3-321c-445a-b937-9e2f4fbb2a4e.jpeg?h=225&w=225,This product's currently out of stock
293953011,Tesco Sugar Snap Peas 150G,https://www.tesco.com/groceries/en-GB/shop/fresh-food/all?department=Fresh%20Vegetables&viewAll=department&page=,,,,,/groceries/en-GB/products/293953011,https://digitalcontent.api.tesco.com/v2/media/ghs/47e5311e-2827-46ef-a97d-3b9a8d9aa8e9/snapshotimagehandler_1804754647.jpeg?h=225&w=225,This product's currently out of stock
305729979,Tesco 4 Baking Potatoes,https://www.tesco.com/groceries/en-GB/shop/fresh-food/all?department=Fresh%20Vegetables&viewAll=department&page=,£0.57,£0.14/each,Aldi Price Match,,/groceries/en-GB/products/305729979,https://digitalcontent.api.tesco.com/v2/media/ghs/7a7b7b1f-de16-433a-88c7-1e7fe0709c1d/ae671490-76bb-498f-8698-db6c31394660.jpeg?h=225&w=225,
254638565,Tesco Carrots Loose,https://www.tesco.com/groceries/en-GB/shop/fresh-food/all?department=Fresh%20Vegetables&viewAll=department&page=,£0.07,£0.45/kg,,,/groceries/en-GB/products/254638565,https://digitalcontent.api.tesco.com/v2/media/ghs/8717779b-23ca-48d8-bfd9-ef2d1d465612/3c6d2985-ea1b-46f7-9a44-0b9ef307f29d.jpeg?h=225&w=225,
305953125,Tesco Carrots 1Kg,https://www.tesco.com/groceries/en-GB/shop/fresh-food/all?department=Fresh%20Vegetables&viewAll=department&page=,£0.45,£0.45/kg,Aldi Price Match,,/groceries/en-GB/products/305953125,,
307344549,Tesco Broccoli 375G,https://www.tesco.com/groceries/en-GB/shop/fresh-food/all?department=Fresh%20Vegetables&viewAll=department&page=,£0.72,£1.92/kg,Aldi Price Match,,/groceries/en-GB/products/307344549,,
253558119,Tesco Cauliflower,https://www.tesco.com/groceries/en-GB/shop/fresh-food/all?department=Fresh%20Vegetables&viewAll=department&page=,£0.95,£0.95/each,69p Clubcard Price,,/groceries/en-GB/products/253558119,https://digitalcontent.api.tesco.com/v2/media/ghs/7da39b4f-8901-48f9-a9a5-912d03f9bf4a/a2133b59-fa7c-4422-a1cd-b78deba6371e.jpeg?h=225&w=225,
289647218,Tesco Finest Jacket Potatoes 4 Pack,https://www.tesco.com/groceries/en-GB/shop/fresh-food/all?department=Fresh%20Vegetables&viewAll=department&page=,£1.60,£0.40/each,,,/groceries/en-GB/products/289647218,https://digitalcontent.api.tesco.com/v2/media/ghs/5c2d8a10-ac94-4c77-8099-babd628fc1a0/3f475c1b-8c3e-4268-bf15-4c73842e20a3.jpeg?h=225&w=225,
255736044,Tesco Brown Onions 1Kg,https://www.tesco.com/groceries/en-GB/shop/fresh-food/all?department=Fresh%20Vegetables&viewAll=department&page=,£1.00,£1.00/kg,,,/groceries/en-GB/products/255736044,https://digitalcontent.api.tesco.com/v2/media/ghs/6b10d3dc-2670-4bd1-b691-de6d4bfad360/f826fe22-4fb3-49f3-974c-6f050c531b5d.jpeg?h=225&w=225,
256651384,Asparagus Tips 125G Class 1,https://www.tesco.com/groceries/en-GB/shop/fresh-food/all?department=Fresh%20Vegetables&viewAll=department&page=,£2.00,£16.00/kg,,,/groceries/en-GB/products/256651384,https://digitalcontent.api.tesco.com/v2/media/ghs/2f699fda-1971-47db-89c9-0fa906a3a09d/87f6c38f-1009-46ba-8f99-d862f926312a.jpeg?h=225&w=225,
255095718,Tesco Baby Potatoes 1 Kilograms,https://www.tesco.com/groceries/en-GB/shop/fresh-food/all?department=Fresh%20Vegetables&viewAll=department&page=,£1.30,£1.30/kg,,,/groceries/en-GB/products/255095718,https://digitalcontent.api.tesco.com/v2/media/ghs/251ce1c1-49fb-46a8-b33b-c9078cb2005a/39e4f717-96bd-444c-aeeb-6016bae00398.jpeg?h=225&w=225,
301193961,Tesco Green Beans 80G,https://www.tesco.com/groceries/en-GB/shop/fresh-food/all?department=Fresh%20Vegetables&viewAll=department&page=,£1.05,£13.13/kg,Any 3 for 2 Clubcard Price - Cheapest Product Free - Selected Vegetables 80g - 800g,,/groceries/en-GB/products/301193961,https://digitalcontent.api.tesco.com/v2/media/ghs/be201c39-cf9a-4ac0-9ff0-c5694129d1b5/da36c14e-c884-4332-8665-8aa8a437d78a.jpeg?h=225&w=225,
304785423,Tesco Swede,https://www.tesco.com/groceries/en-GB/shop/fresh-food/all?department=Fresh%20Vegetables&viewAll=department&page=,£0.80,£0.80/each,,,/groceries/en-GB/products/304785423,https://digitalcontent.api.tesco.com/v2/media/ghs/8b1f6607-4bf8-4ca5-9d26-41f0d432dd8d/a37d4f81-6dfc-43a2-8f23-6429ad1d53c6.jpeg?h=225&w=225,
304401971,Tesco Baby Spinach 220G,https://www.tesco.com/groceries/en-GB/shop/fresh-food/all?department=Fresh%20Vegetables&viewAll=department&page=,£1.25,£0.57/100g,,,/groceries/en-GB/products/304401971,https://digitalcontent.api.tesco.com/v2/media/ghs/76892f39-a7c5-4691-8e06-754056107fb3/ec2d4d0e-23c6-4829-bda8-391f79137116.jpeg?h=225&w=225,
280108932,Tesco Tenderstem Broccoli Tips 120G,https://www.tesco.com/groceries/en-GB/shop/fresh-food/all?department=Fresh%20Vegetables&viewAll=department&page=,£1.25,£10.42/kg,,,/groceries/en-GB/products/280108932,https://digitalcontent.api.tesco.com/v2/media/ghs/5fb2dcab-d864-4abf-a749-836b1fd18bdb/2e5b6e88-2777-4422-bf77-d94178023cb9.jpeg?h=225&w=225,
292276641,Redmere Farms Sprouts Unpeeled 500G,https://www.tesco.com/groceries/en-GB/shop/fresh-food/all?department=Fresh%20Vegetables&viewAll=department&page=,£0.95,£1.90/kg,Aldi Price Match,,/groceries/en-GB/products/292276641,https://digitalcontent.api.tesco.com/v2/media/ghs/1ca84536-ba4f-4d38-b3d3-456008ab5a03/024d71cd-2971-4351-ae6a-a5578dcf5754_266014396.jpeg?h=225&w=225,
301219155,Tesco Curly Kale 180G,https://www.tesco.com/groceries/en-GB/shop/fresh-food/all?department=Fresh%20Vegetables&viewAll=department&page=,£0.75,£4.17/kg,,,/groceries/en-GB/products/301219155,https://digitalcontent.api.tesco.com/v2/media/ghs/e2754d18-f0aa-4b7f-b019-c34059c0feb5/6cc6136a-8bc0-493f-b4f3-f741ba125928.jpeg?h=225&w=225,
256687445,Organic Carrots 700G,https://www.tesco.com/groceries/en-GB/shop/fresh-food/all?department=Fresh%20Vegetables&viewAll=department&page=,£1.15,£1.65/kg,,,/groceries/en-GB/products/256687445,https://digitalcontent.api.tesco.com/v2/media/ghs/702fffda-2cf0-46c7-a21f-89ae4468ce90/ea3efd41-2c7e-41d7-a0e1-ba3461d2a50c_369913887.jpeg?h=225&w=225,
253555998,Leeks Loose Class 2,https://www.tesco.com/groceries/en-GB/shop/fresh-food/all?department=Fresh%20Vegetables&viewAll=department&page=,£0.63,£2.50/kg,,,/groceries/en-GB/products/253555998,https://digitalcontent.api.tesco.com/v2/media/ghs/5fbf5f2b-a027-4385-bb09-6fb1649c1f6f/241632a1-4857-4f59-a481-20c08b9c7116.jpeg?h=225&w=225,
293953719,Tesco Baby Corn 130G,https://www.tesco.com/groceries/en-GB/shop/fresh-food/all?department=Fresh%20Vegetables&viewAll=department&page=,£1.20,£9.24/kg,,,/groceries/en-GB/products/293953719,https://digitalcontent.api.tesco.com/v2/media/ghs/5ba4d043-addf-42b8-bb50-67dddb0fcc9d/81f0ac7d-2bfb-4798-86cb-6ea2a0860fb4.jpeg?h=225&w=225,
279316390,Tesco Family Pack Mushrooms 625G,https://www.tesco.com/groceries/en-GB/shop/fresh-food/all?department=Fresh%20Vegetables&viewAll=department&page=,£1.80,£2.88/kg,,,/groceries/en-GB/products/279316390,https://digitalcontent.api.tesco.com/v2/media/ghs/6bdc0a98-3346-42b8-b8f1-1e885958818d/d0523494-ab46-4473-a5bd-89bebe9d6da7.jpeg?h=225&w=225,
304376337,Tesco British Maris Piper 1.25Kg,https://www.tesco.com/groceries/en-GB/shop/fresh-food/all?department=Fresh%20Vegetables&viewAll=department&page=,£1.00,£0.80/kg,,,/groceries/en-GB/products/304376337,https://digitalcontent.api.tesco.com/v2/media/ghs/ea35f63e-6404-49db-aef9-87a0ae70ef30/84190550-9b14-481a-b4fe-848c41843eba.jpeg?h=225&w=225,
305255289,Tesco Tenderstem Broccoli 200G,https://www.tesco.com/groceries/en-GB/shop/fresh-food/all?department=Fresh%20Vegetables&viewAll=department&page=,£1.60,£8.00/kg,,,/groceries/en-GB/products/305255289,https://digitalcontent.api.tesco.com/v2/media/ghs/ce9333ab-6a26-4309-8afc-e70d014da04b/7af9a47a-b25a-4683-8674-a07d193b3f31.jpeg?h=225&w=225,
302292312,Tesco Courgettes,https://www.tesco.com/groceries/en-GB/shop/fresh-food/all?department=Fresh%20Vegetables&viewAll=department&page=,£1.19,£0.40/each,Aldi Price Match,,/groceries/en-GB/products/302292312,https://digitalcontent.api.tesco.com/v2/media/ghs/d273dfaa-81f3-46cf-b8e2-76c65769bc7c/9933c19a-0d35-462f-8797-1ec07ffb45a2.jpeg?h=225&w=225,
280046454,Tesco Baby Button Mushrooms 200G,https://www.tesco.com/groceries/en-GB/shop/fresh-food/all?department=Fresh%20Vegetables&viewAll=department&page=,£1.10,£5.50/kg,,,/groceries/en-GB/products/280046454,https://digitalcontent.api.tesco.com/v2/media/ghs/027fe6ee-f9f3-452e-ba6c-cecf07b82d4f/c78bc3a0-e4ad-4120-9e7e-016feff6b54b.jpeg?h=225&w=225,
292332517,Perfectly Imperfect Potatoes 2.5Kg,https://www.tesco.com/groceries/en-GB/shop/fresh-food/all?department=Fresh%20Vegetables&viewAll=department&page=,£1.05,£0.42/kg,Aldi Price Match,,/groceries/en-GB/products/292332517,https://digitalcontent.api.tesco.com/v2/media/ghs/79ba7594-7aed-4050-9a57-2e0e935a1e57/203d42cb-5d7a-41a0-894f-5c89e26496e2_1515435463.jpeg?h=225&w=225,
277492902,Tesco Butternut Squash Each,https://www.tesco.com/groceries/en-GB/shop/fresh-food/all?department=Fresh%20Vegetables&viewAll=department&page=,£1.25,£1.25/each,,,/groceries/en-GB/products/277492902,https://digitalcontent.api.tesco.com/v2/media/ghs/4b24d049-d983-441d-af91-ce4d2eafaa85/1d7823ab-966a-44e1-bf3f-1a4d4cdc8405.jpeg?h=225&w=225,
279336901,Tesco Fine Beans 200G,https://www.tesco.com/groceries/en-GB/shop/fresh-food/all?department=Fresh%20Vegetables&viewAll=department&page=,£1.25,£6.25/kg,,,/groceries/en-GB/products/279336901,https://digitalcontent.api.tesco.com/v2/media/ghs/fa5657f9-fb41-407f-9275-99b209c96866/349b1c53-ca20-41e2-b8f1-f29dffe2031f.jpeg?h=225&w=225,
292686490,Tesco Fresh Cut Coriander 30G,https://www.tesco.com/groceries/en-GB/shop/fresh-food/all?department=Fresh%20Vegetables&viewAll=department&page=,£0.52,£0.17/10g,Aldi Price Match,,/groceries/en-GB/products/292686490,https://digitalcontent.api.tesco.com/v2/media/ghs/356289f9-cb7a-4a9c-ad4b-a3c0ae7018a7/b62f93e0-6548-43d2-a5dd-f73f6e979bc3.jpeg?h=225&w=225,
254648518,Asparagus Bundle 250G Pack Class 1 Each,https://www.tesco.com/groceries/en-GB/shop/fresh-food/all?department=Fresh%20Vegetables&viewAll=department&page=,£2.00,£8.00/kg,,,/groceries/en-GB/products/254648518,https://digitalcontent.api.tesco.com/v2/media/ghs/f2e0f637-554e-49e5-857c-78c78dabfa97/489778cc-3606-4327-84aa-a6ebfba23a3d.jpeg?h=225&w=225,
258491673,Redmere Farms Green Beans 220G,https://www.tesco.com/groceries/en-GB/shop/fresh-food/all?department=Fresh%20Vegetables&viewAll=department&page=,£0.82,£3.73/kg,Aldi Price Match,,/groceries/en-GB/products/258491673,https://digitalcontent.api.tesco.com/v2/media/ghs/4f3c703c-1fe4-4720-a1e5-61ab9ef28c51/54e31db1-4bab-4ab0-bef5-cc6f06bea5fb_563620961.jpeg?h=225&w=225,
267111051,Tesco Mashed Potato 425G,https://www.tesco.com/groceries/en-GB/shop/fresh-food/all?department=Fresh%20Vegetables&viewAll=department&page=,£0.75,£1.77/kg,Aldi Price Match,,/groceries/en-GB/products/267111051,https://digitalcontent.api.tesco.com/v2/media/ghs/49c4e6f5-5940-458a-b69c-47a535dc4d80/0406a6f7-b0ba-4f38-8c7c-94d11d33fe73.jpeg?h=225&w=225,
253557408,Parsnips Loose Class 1,https://www.tesco.com/groceries/en-GB/shop/fresh-food/all?department=Fresh%20Vegetables&viewAll=department&page=,£0.19,£1.24/kg,,,/groceries/en-GB/products/253557408,https://digitalcontent.api.tesco.com/v2/media/ghs/527f6ae8-f65e-426b-92d5-67251b8e8d7b/9be8505c-be45-4e8e-b73e-946823a7e9a9.jpeg?h=225&w=225,
290981391,Tesco Egg Noodles 300G,https://www.tesco.com/groceries/en-GB/shop/fresh-food/all?department=Fresh%20Vegetables&viewAll=department&page=,£0.87,£2.90/kg,"Stir Fry Meal Deal for £2.50 Clubcard Price - Buy 1 Stir Fry Vegetable, 1 Noodle & 1 Sauce",,/groceries/en-GB/products/290981391,https://digitalcontent.api.tesco.com/v2/media/ghs/d69c8bad-193a-45dc-965e-71a93c13e626/bf323f6a-a118-4c56-8adb-61332fe09509.jpeg?h=225&w=225,
253559199,Tesco Large Sweet Potatoes Loose Class 1,https://www.tesco.com/groceries/en-GB/shop/fresh-food/all?department=Fresh%20Vegetables&viewAll=department&page=,£0.39,£1.10/kg,,,/groceries/en-GB/products/253559199,https://digitalcontent.api.tesco.com/v2/media/ghs/52e4d92a-5a4b-4acd-91f1-495cd9baaa48/e53de030-0f84-487a-b10f-339ccf5f9ad6.jpeg?h=225&w=225,
292310843,Perfectly Imperfect Parsnips 500G,https://www.tesco.com/groceries/en-GB/shop/fresh-food/all?department=Fresh%20Vegetables&viewAll=department&page=,£0.49,£0.98/kg,Aldi Price Match,,/groceries/en-GB/products/292310843,https://digitalcontent.api.tesco.com/v2/media/ghs/c1507b9c-c991-4ef8-8853-82f7e5f12ca5/55c830dd-b4be-455e-9eac-7eee17aa7e5b_2110041543.jpeg?h=225&w=225,
292695686,Tesco Cut Basil 30G,https://www.tesco.com/groceries/en-GB/shop/fresh-food/all?department=Fresh%20Vegetables&viewAll=department&page=,£0.52,£0.17/10g,Aldi Price Match,,/groceries/en-GB/products/292695686,https://digitalcontent.api.tesco.com/v2/media/ghs/cdecf106-4e3d-4ff7-b102-e0f30f1fba26/9456edc0-0055-481a-97d5-7b887932a667.jpeg?h=225&w=225,
307365386,Tesco Parsnips 500G,https://www.tesco.com/groceries/en-GB/shop/fresh-food/all?department=Fresh%20Vegetables&viewAll=department&page=,£0.62,£1.24/kg,Aldi Price Match,,/groceries/en-GB/products/307365386,https://digitalcontent.api.tesco.com/v2/media/ghs/4ed00c38-34c6-47e0-9c89-9960087b8302/4bc65678-1e19-45b0-8b03-fafd41e563f6_1376338199.jpeg?h=225&w=225,
272852905,Tesco Large Broccoli Pack 500G,https://www.tesco.com/groceries/en-GB/shop/fresh-food/all?department=Fresh%20Vegetables&viewAll=department&page=,£0.95,£1.90/kg,,,/groceries/en-GB/products/272852905,https://digitalcontent.api.tesco.com/v2/media/ghs/3c16e5f5-0399-47e1-88e5-343d6a506b30/e9619c94-01c2-4f33-af7b-5a60b9754314.jpeg?h=225&w=225,
305041628,Tesco Finest Extra Fine Beans 200G,https://www.tesco.com/groceries/en-GB/shop/fresh-food/all?department=Fresh%20Vegetables&viewAll=department&page=,£1.75,£8.75/kg,£1.30 Clubcard Price,,/groceries/en-GB/products/305041628,https://digitalcontent.api.tesco.com/v2/media/ghs/843ffbf0-9d33-465c-b75f-7d975908959d/f968333a-ee6f-4303-9cea-a435d7ff42fc.jpeg?h=225&w=225,
254941983,Tesco Sweet Heart Cabbage Each Class 1,https://www.tesco.com/groceries/en-GB/shop/fresh-food/all?department=Fresh%20Vegetables&viewAll=department&page=,£0.62,£0.62/each,Aldi Price Match,,/groceries/en-GB/products/254941983,https://digitalcontent.api.tesco.com/v2/media/ghs/533829b3-37fe-4d96-9bf9-54a3442afb78/9b195fcd-03d2-49e5-9f61-b4415c7175a6.jpeg?h=225&w=225,
310190037,Tesco Sweet Potatoes 1Kg,https://www.tesco.com/groceries/en-GB/shop/fresh-food/all?department=Fresh%20Vegetables&viewAll=department&page=,£0.99,£0.99/kg,Aldi Price Match,,/groceries/en-GB/products/310190037,https://digitalcontent.api.tesco.com/v2/media/ghs/2821f8dc-cbf4-47d8-ab4a-7f4fd0734ef0/87177aef-cb7d-4cda-8d0a-cfcfdbef3911.jpeg?h=225&w=225,
255838396,Tesco Savoy Cabbage,https://www.tesco.com/groceries/en-GB/shop/fresh-food/all?department=Fresh%20Vegetables&viewAll=department&page=,£0.65,£0.65/each,Aldi Price Match,,/groceries/en-GB/products/255838396,https://digitalcontent.api.tesco.com/v2/media/ghs/dcf0eac4-a3df-4d32-a664-e5bc451528e6/9bd15408-3e47-4a3d-b0bd-a2520f7be28a.jpeg?h=225&w=225,
299389237,Tesco Tenderstem Broccoli Spears 330G,https://www.tesco.com/groceries/en-GB/shop/fresh-food/all?department=Fresh%20Vegetables&viewAll=department&page=,£2.35,£7.13/kg,£1.75 Clubcard Price,,/groceries/en-GB/products/299389237,https://digitalcontent.api.tesco.com/v2/media/ghs/3a8025ad-77ac-40ba-822e-da019570e66f/ec11a906-74d2-4db1-9f50-8548b9c568c1.jpeg?h=225&w=225,
305964008,Tesco Perfectly Imperfect Carrots 1.5Kg,https://www.tesco.com/groceries/en-GB/shop/fresh-food/all?department=Fresh%20Vegetables&viewAll=department&page=,£0.58,£0.39/kg,Aldi Price Match,,/groceries/en-GB/products/305964008,https://digitalcontent.api.tesco.com/v2/media/ghs/95fe557d-0652-40ca-aebe-8652573b77da/abe01b39-7329-45dc-b366-1d17f7f71bfa.jpeg?h=225&w=225,
252895723,Pak Choi 250G,https://www.tesco.com/groceries/en-GB/shop/fresh-food/all?department=Fresh%20Vegetables&viewAll=department&page=,£1.30,£5.20/kg,,,/groceries/en-GB/products/252895723,https://digitalcontent.api.tesco.com/v2/media/ghs/a1ba13ec-2206-4f1f-b42f-676e09bdc667/c3b92bea-4c38-4df1-b312-10cb5dd4403b.jpeg?h=225&w=225,
304792155,Tesco Finest British Red Potatoes 2Kg,https://www.tesco.com/groceries/en-GB/shop/fresh-food/all?department=Fresh%20Vegetables&viewAll=department&page=,£2.20,£1.10/kg,,,/groceries/en-GB/products/304792155,https://digitalcontent.api.tesco.com/v2/media/ghs/87c37934-48f2-4a98-9709-d7344cf86608/65e3c69e-97a4-4a9d-8532-584da2c61f84.jpeg?h=225&w=225,
277438133,Heygate Farms Norfolk Potatoes 750G,https://www.tesco.com/groceries/en-GB/shop/fresh-food/all?department=Fresh%20Vegetables&viewAll=department&page=,£1.40,£1.87/kg,,,/groceries/en-GB/products/277438133,https://digitalcontent.api.tesco.com/v2/media/ghs/e1912290-e1c1-492d-94a3-ff46f9757714/04033765-02b7-4a48-9b67-fdfe52f02e78.jpeg?h=225&w=225,
253559297,Ginger Root Loose,https://www.tesco.com/groceries/en-GB/shop/fresh-food/all?department=Fresh%20Vegetables&viewAll=department&page=,£0.53,£5.25/kg,,,/groceries/en-GB/products/253559297,https://digitalcontent.api.tesco.com/v2/media/ghs/0e164bf2-56ac-4988-9da8-2ca90541a947/13e20cd8-2e87-41cf-9153-2450d181f98c.jpeg?h=225&w=225,
262645072,Tesco Red Onion 1Kg,https://www.tesco.com/groceries/en-GB/shop/fresh-food/all?department=Fresh%20Vegetables&viewAll=department&page=,£1.05,£1.05/kg,,,/groceries/en-GB/products/262645072,https://digitalcontent.api.tesco.com/v2/media/ghs/71f60783-1d1d-446c-94ce-b76f0632becb/b8b60478-4e49-4885-93f7-e929ccb1df1d.jpeg?h=225&w=225,
263943986,Tesco Organic Garlic 3 Pack,https://www.tesco.com/groceries/en-GB/shop/fresh-food/all?department=Fresh%20Vegetables&viewAll=department&page=,£1.00,£0.33/each,,,/groceries/en-GB/products/263943986,https://digitalcontent.api.tesco.com/v2/media/ghs/90e6eb32-0d4e-46c9-af45-1495f82d837e/34e5c309-e412-4408-b36b-2c7886fc78c5_450489505.jpeg?h=225&w=225,
298126620,Tesco Peeled Brussels Sprouts 200G,https://www.tesco.com/groceries/en-GB/shop/fresh-food/all?department=Fresh%20Vegetables&viewAll=department&page=,£1.30,£6.50/kg,,,/groceries/en-GB/products/298126620,https://digitalcontent.api.tesco.com/v2/media/ghs/9b20b211-6b4f-4451-9867-7ed01fffa103/996aac08-969b-433f-921b-445582e65866.jpeg?h=225&w=225,
290981552,Tesco Beansprouts 300G,https://www.tesco.com/groceries/en-GB/shop/fresh-food/all?department=Fresh%20Vegetables&viewAll=department&page=,£0.71,£2.37/kg,"Stir Fry Meal Deal for £2.50 Clubcard Price - Buy 1 Stir Fry Vegetable, 1 Noodle & 1 Sauce",,/groceries/en-GB/products/290981552,https://digitalcontent.api.tesco.com/v2/media/ghs/cf2f0ddd-5818-4024-b8d9-e69b82879eb3/4e4410af-aefc-4b2e-817f-70b8dd531599.jpeg?h=225&w=225,
296652420,Tesco Family Pack Chestnut Mushroom 485G,https://www.tesco.com/groceries/en-GB/shop/fresh-food/all?department=Fresh%20Vegetables&viewAll=department&page=,£1.80,£3.72/kg,,,/groceries/en-GB/products/296652420,https://digitalcontent.api.tesco.com/v2/media/ghs/ba46464c-4e6e-4755-a52b-b85954c5c940/e0bb93b8-3906-4011-bbdb-3cf800c28070.jpeg?h=225&w=225,
294007399,Tesco Diced Onion 400G,https://www.tesco.com/groceries/en-GB/shop/fresh-food/all?department=Fresh%20Vegetables&viewAll=department&page=,£1.00,£2.50/kg,Any 3 for 2 Clubcard Price - Cheapest Product Free - Selected Vegetables 80g - 800g,,/groceries/en-GB/products/294007399,https://digitalcontent.api.tesco.com/v2/media/ghs/ad625724-84e5-4d37-a9f8-979852329429/53429706-f649-41b2-9d21-c2e933472680.jpeg?h=225&w=225,
300537350,Tesco Trimmed Tenderstem Broccoli 80G,https://www.tesco.com/groceries/en-GB/shop/fresh-food/all?department=Fresh%20Vegetables&viewAll=department&page=,£1.05,£13.13/kg,Any 3 for 2 Clubcard Price - Cheapest Product Free - Selected Vegetables 80g - 800g,,/groceries/en-GB/products/300537350,https://digitalcontent.api.tesco.com/v2/media/ghs/111bff4d-deea-4f75-98ad-6b836a91d690/bb829aae-0de5-47ff-ad25-278c96d800a7.jpeg?h=225&w=225,
292285244,Redmere Farms Baby Potato 1Kg,https://www.tesco.com/groceries/en-GB/shop/fresh-food/all?department=Fresh%20Vegetables&viewAll=department&page=,£0.95,£0.95/kg,Aldi Price Match,,/groceries/en-GB/products/292285244,https://digitalcontent.api.tesco.com/v2/media/ghs/c4e67e09-6ad7-48da-8826-5ec873422e55/251ce883-5afe-4a46-a876-23d83e0906cb_1618177009.jpeg?h=225&w=225,
293953633,Tesco Stringless Beans 180G,https://www.tesco.com/groceries/en-GB/shop/fresh-food/all?department=Fresh%20Vegetables&viewAll=department&page=,,,,,/groceries/en-GB/products/293953633,https://digitalcontent.api.tesco.com/v2/media/ghs/eca002f2-908a-4063-853e-63b6e13d1c44/53bd4591-c703-4753-b61e-89e6ff8b3a1a.jpeg?h=225&w=225,This product's currently out of stock
277884433,Tesco Crispy Slices 350G,https://www.tesco.com/groceries/en-GB/shop/fresh-food/all?department=Fresh%20Vegetables&viewAll=department&page=,£1.70,£4.86/kg,Any 3 for 2 Clubcard Price - Cheapest Product Free - Selected Vegetables 80g - 800g,,/groceries/en-GB/products/277884433,https://digitalcontent.api.tesco.com/v2/media/ghs/902783fd-653c-48b6-b663-1f22965f07c0/22e12c52-2aa6-403e-a422-2b54fb053f5c.jpeg?h=225&w=225,
299916749,Tesco Large Flat Mushrooms 250G,https://www.tesco.com/groceries/en-GB/shop/fresh-food/all?department=Fresh%20Vegetables&viewAll=department&page=,£1.20,£4.80/kg,,,/groceries/en-GB/products/299916749,https://digitalcontent.api.tesco.com/v2/media/ghs/cb56b706-fbc8-4864-bfb9-a4a123573048/afbfb137-931b-4f79-90bd-478e1437b7d7.jpeg?h=225&w=225,
287571051,Tesco Sliced Mushrooms 250G,https://www.tesco.com/groceries/en-GB/shop/fresh-food/all?department=Fresh%20Vegetables&viewAll=department&page=,£1.05,£4.20/kg,75p Clubcard Price,,/groceries/en-GB/products/287571051,https://digitalcontent.api.tesco.com/v2/media/ghs/ae883b8a-d6ba-42bc-b8a7-59f98bb1132b/1655afb6-a0aa-4ccc-8207-2fc7e812d961.jpeg?h=225&w=225,
293821231,Tesco Chestnut Baby Button Mushrooms 150G,https://www.tesco.com/groceries/en-GB/shop/fresh-food/all?department=Fresh%20Vegetables&viewAll=department&page=,£1.00,£6.67/kg,,,/groceries/en-GB/products/293821231,https://digitalcontent.api.tesco.com/v2/media/ghs/ce548ec4-b9f6-421c-9fb5-ffbe88933961/2ec432d0-8fd1-4404-96a9-e89e151ace25.jpeg?h=225&w=225,
256989802,Tesco Babycorn And Mangetout 175G,https://www.tesco.com/groceries/en-GB/shop/fresh-food/all?department=Fresh%20Vegetables&viewAll=department&page=,£1.75,£10.00/kg,Any 3 for 2 Clubcard Price - Cheapest Product Free - Selected Vegetables 80g - 800g,,/groceries/en-GB/products/256989802,https://digitalcontent.api.tesco.com/v2/media/ghs/417e96c5-9040-4e25-895e-480ece9b10ab/653fd663-1326-4895-afd4-e1bf79eb0ae7.jpeg?h=225&w=225,
256339363,Tesco Red Chillies 60G,https://www.tesco.com/groceries/en-GB/shop/fresh-food/all?department=Fresh%20Vegetables&viewAll=department&page=,£0.65,£10.84/kg,,,/groceries/en-GB/products/256339363,https://digitalcontent.api.tesco.com/v2/media/ghs/1f666e3e-6bd7-4819-99bb-e6899188484b/8a8fca1e-20f4-47f7-a120-2b8d2a2d0fbe.jpeg?h=225&w=225,
272336935,Tesco Baby Potatoes With Herb Butter 360G,https://www.tesco.com/groceries/en-GB/shop/fresh-food/all?department=Fresh%20Vegetables&viewAll=department&page=,£1.05,£2.92/kg,Any 3 for 2 Clubcard Price - Cheapest Product Free - Selected Vegetables 80g - 800g,,/groceries/en-GB/products/272336935,https://digitalcontent.api.tesco.com/v2/media/ghs/c284a34a-5136-45e2-a326-c22c8657939e/6d7f8ce0-41a4-4dce-83aa-987551951554.jpeg?h=225&w=225,
262453391,Tesco Mixed Chillies 65G,https://www.tesco.com/groceries/en-GB/shop/fresh-food/all?department=Fresh%20Vegetables&viewAll=department&page=,£0.65,£10.00/kg,,,/groceries/en-GB/products/262453391,https://digitalcontent.api.tesco.com/v2/media/ghs/5033d3f1-67aa-4f59-b98b-8367e3e61080/95e9d210-48d1-402d-9e4c-7963337222d7.jpeg?h=225&w=225,
292686582,Tesco Fresh Cut Flat Leaf Parsley 30G,https://www.tesco.com/groceries/en-GB/shop/fresh-food/all?department=Fresh%20Vegetables&viewAll=department&page=,£0.57,£0.19/10g,Aldi Price Match,,/groceries/en-GB/products/292686582,https://digitalcontent.api.tesco.com/v2/media/ghs/a63ad159-74c5-41de-88e1-8563af1c9aca/43254ee1-3812-4eb6-ab2b-574e92aeaf7a_77594342.jpeg?h=225&w=225,
292276416,Redmere Farms Red Onion 1Kg,https://www.tesco.com/groceries/en-GB/shop/fresh-food/all?department=Fresh%20Vegetables&viewAll=department&page=,£0.72,£0.72/kg,Aldi Price Match,,/groceries/en-GB/products/292276416,https://digitalcontent.api.tesco.com/v2/media/ghs/99b5ff50-70b7-4df2-ad56-064a41b114ae/99e9dbf6-6a9f-4603-a343-b070d23de9d7.jpeg?h=225&w=225,
251788587,Tesco Sweetcorn Cobettes 4 Pack,https://www.tesco.com/groceries/en-GB/shop/fresh-food/all?department=Fresh%20Vegetables&viewAll=department&page=,£1.29,£0.32/each,,,/groceries/en-GB/products/251788587,https://digitalcontent.api.tesco.com/v2/media/ghs/e09c82ec-dad5-4c2e-9662-cdd315125c1c/9e45d7af-9e2a-4a7b-a24b-19a5f9759391_501055608.jpeg?h=225&w=225,
293952968,Tesco Mangetout 150G,https://www.tesco.com/groceries/en-GB/shop/fresh-food/all?department=Fresh%20Vegetables&viewAll=department&page=,,,,,/groceries/en-GB/products/293952968,https://digitalcontent.api.tesco.com/v2/media/ghs/e05e3cdf-696e-4493-9d08-bfe8c2a2c9ff/448d81fe-ebf8-4f9d-b051-ebf19c93a36e.jpeg?h=225&w=225,This product's currently out of stock
254973708,Cauliflower Extra Large Each,https://www.tesco.com/groceries/en-GB/shop/fresh-food/all?department=Fresh%20Vegetables&viewAll=department&page=,£1.50,£1.50/each,,,/groceries/en-GB/products/254973708,https://digitalcontent.api.tesco.com/v2/media/ghs/494971da-b8ee-439a-a0e7-46c7d996a823/snapshotimagehandler_231991699.jpeg?h=225&w=225,
297682889,Tesco Tenderstem & Mixed Vegetables 160G,https://www.tesco.com/groceries/en-GB/shop/fresh-food/all?department=Fresh%20Vegetables&viewAll=department&page=,£1.75,£10.94/kg,Any 3 for 2 Clubcard Price - Cheapest Product Free - Selected Vegetables 80g - 800g,,/groceries/en-GB/products/297682889,https://digitalcontent.api.tesco.com/v2/media/ghs/f15beae2-2f7a-4451-8006-7eaf92589d6b/3170f436-23d4-4e8e-876a-2ff3b602ca82.jpeg?h=225&w=225,
294070748,Tesco White Cabbage,https://www.tesco.com/groceries/en-GB/shop/fresh-food/all?department=Fresh%20Vegetables&viewAll=department&page=,£0.61,£0.61/each,Aldi Price Match,,/groceries/en-GB/products/294070748,https://digitalcontent.api.tesco.com/v2/media/ghs/0b9c9c5c-3d1b-46b5-8e7f-5a788bedbdbb/8232c9a8-f237-44f6-b419-f89a4114a8a2.jpeg?h=225&w=225,
304794055,Tesco Finest All Rounder Potatoes 2Kg,https://www.tesco.com/groceries/en-GB/shop/fresh-food/all?department=Fresh%20Vegetables&viewAll=department&page=,£2.20,£1.10/kg,,,/groceries/en-GB/products/304794055,https://digitalcontent.api.tesco.com/v2/media/ghs/acfb1429-a03c-47e8-9974-c48c38cd37ec/18459e08-b05a-430e-932f-2f6702c79d67.jpeg?h=225&w=225,
298126608,Tesco Peeled Brussels Sprouts 400G,https://www.tesco.com/groceries/en-GB/shop/fresh-food/all?department=Fresh%20Vegetables&viewAll=department&page=,£2.00,£5.00/kg,,New,/groceries/en-GB/products/298126608,https://digitalcontent.api.tesco.com/v2/media/ghs/e2a7970a-1563-46bf-80f5-9475333fa8d1/7c4f6ed5-d159-4a20-93df-910fcee9beae.jpeg?h=225&w=225,
305053885,Tesco Finest Cavolo Nero Kale 200G,https://www.tesco.com/groceries/en-GB/shop/fresh-food/all?department=Fresh%20Vegetables&viewAll=department&page=,£1.50,£7.50/kg,,,/groceries/en-GB/products/305053885,https://digitalcontent.api.tesco.com/v2/media/ghs/35f4783d-0bcc-4eb8-b2d5-ed9f50b46360/17ae7f21-32f3-453c-8ce7-12f40e727afc.jpeg?h=225&w=225,
301226624,Tesco Vegetable Stir Fry 320G,https://www.tesco.com/groceries/en-GB/shop/fresh-food/all?department=Fresh%20Vegetables&viewAll=department&page=,£1.55,£4.85/kg,"Stir Fry Meal Deal for £2.50 Clubcard Price - Buy 1 Stir Fry Vegetable, 1 Noodle & 1 Sauce",,/groceries/en-GB/products/301226624,,
293905363,Tesco Mixed Vegetables 225G,https://www.tesco.com/groceries/en-GB/shop/fresh-food/all?department=Fresh%20Vegetables&viewAll=department&page=,£1.50,£6.67/kg,Any 3 for 2 Clubcard Price - Cheapest Product Free - Selected Vegetables 80g - 800g,,/groceries/en-GB/products/293905363,,
259098826,Finest Echalion Shallots 400G,https://www.tesco.com/groceries/en-GB/shop/fresh-food/all?department=Fresh%20Vegetables&viewAll=department&page=,£1.35,£3.38/kg,,,/groceries/en-GB/products/259098826,https://digitalcontent.api.tesco.com/v2/media/ghs/aeb2cc32-3b59-4c41-992e-70379e1050a2/57bf5701-c668-4c3e-91cd-a0d69138e417_1890243274.jpeg?h=225&w=225,
257482311,Tesco Flat Leaf Parsley 100G,https://www.tesco.com/groceries/en-GB/shop/fresh-food/all?department=Fresh%20Vegetables&viewAll=department&page=,£1.25,£0.12/10g,,,/groceries/en-GB/products/257482311,https://digitalcontent.api.tesco.com/v2/media/ghs/85e92cbf-58bc-428c-b117-1673029c5d6e/b4fea394-86af-4c19-9e23-c6277d30d37c.jpeg?h=225&w=225,
263388823,Tesco Ginger 125G,https://www.tesco.com/groceries/en-GB/shop/fresh-food/all?department=Fresh%20Vegetables&viewAll=department&page=,£1.05,£8.40/kg,,,/groceries/en-GB/products/263388823,https://digitalcontent.api.tesco.com/v2/media/ghs/fec3fb79-2aa9-413b-acab-554fcd78eab4/56755150-d2a3-4f98-84fd-00b2051c212e.jpeg?h=225&w=225,
253560219,Loose Closed Cup Mushrooms,https://www.tesco.com/groceries/en-GB/shop/fresh-food/all?department=Fresh%20Vegetables&viewAll=department&page=,£0.06,£3.13/kg,,,/groceries/en-GB/products/253560219,https://digitalcontent.api.tesco.com/v2/media/ghs/d941772e-ac09-48e5-9977-fcfa5ca63950/ebd6bc84-01ff-410d-a51a-955514068264.jpeg?h=225&w=225,
312693894,Tesco Carrot Batons 400G,https://www.tesco.com/groceries/en-GB/shop/fresh-food/all?department=Fresh%20Vegetables&viewAll=department&page=,£1.20,£3.00/kg,Any 3 for 2 Clubcard Price - Cheapest Product Free - Selected Vegetables 80g - 800g,,/groceries/en-GB/products/312693894,https://digitalcontent.api.tesco.com/v2/media/ghs/6e74024a-85ad-447f-8773-948b44c99959/45e07b58-3d98-45ec-b793-2de6848b7330.jpeg?h=225&w=225,
252474219,Tesco Coriander 100G,https://www.tesco.com/groceries/en-GB/shop/fresh-food/all?department=Fresh%20Vegetables&viewAll=department&page=,£1.25,£0.12/10g,,,/groceries/en-GB/products/252474219,https://digitalcontent.api.tesco.com/v2/media/ghs/801d4b5b-a8c9-4e5f-9d99-b1ecf68b00c4/65c16c7e-51b9-480e-afc6-03db450c076f.jpeg?h=225&w=225,
290819683,Tesco Sweet Chilli Stir Fry Sauce 180G,https://www.tesco.com/groceries/en-GB/shop/fresh-food/all?department=Fresh%20Vegetables&viewAll=department&page=,£1.10,£6.12/kg,"Stir Fry Meal Deal for £2.50 Clubcard Price - Buy 1 Stir Fry Vegetable, 1 Noodle & 1 Sauce",,/groceries/en-GB/products/290819683,https://digitalcontent.api.tesco.com/v2/media/ghs/722ec705-bcdc-4776-88a0-9e0ddcc06cdb/cf507ce2-a86a-4b66-ac6c-c12098b784c0.jpeg?h=225&w=225,
290711055,Tesco Shallots Onions 400G,https://www.tesco.com/groceries/en-GB/shop/fresh-food/all?department=Fresh%20Vegetables&viewAll=department&page=,£1.30,£3.25/kg,,,/groceries/en-GB/products/290711055,https://digitalcontent.api.tesco.com/v2/media/ghs/fb07c5fc-a8b6-4b99-af36-ef87b65c646b/c519fec2-49d3-4097-9be3-3cb480c2a4ac.jpeg?h=225&w=225,
305837079,Tesco Extra Large Brown Onions 2 Pack,https://www.tesco.com/groceries/en-GB/shop/fresh-food/all?department=Fresh%20Vegetables&viewAll=department&page=,£1.00,£0.50/each,,,/groceries/en-GB/products/305837079,https://digitalcontent.api.tesco.com/v2/media/ghs/eabc3a7e-b1f2-4b38-9300-7983b5975ceb/810385da-14ee-4cc4-85ed-9c550d37ec5d.jpeg?h=225&w=225,
308481684,Tesco Mushroom Stir Fry Mix 320G,https://www.tesco.com/groceries/en-GB/shop/fresh-food/all?department=Fresh%20Vegetables&viewAll=department&page=,£1.45,£4.54/kg,"Stir Fry Meal Deal for £2.50 Clubcard Price - Buy 1 Stir Fry Vegetable, 1 Noodle & 1 Sauce",,/groceries/en-GB/products/308481684,https://digitalcontent.api.tesco.com/v2/media/ghs/04aef82b-7eac-4532-9a76-42f6a8240ad0/e6a0bdbc-3611-4633-a459-cd79f7a881f6.jpeg?h=225&w=225,
290819648,Tesco Chinese Stir Fry Sauce 180G,https://www.tesco.com/groceries/en-GB/shop/fresh-food/all?department=Fresh%20Vegetables&viewAll=department&page=,£1.10,£6.12/kg,"Stir Fry Meal Deal for £2.50 Clubcard Price - Buy 1 Stir Fry Vegetable, 1 Noodle & 1 Sauce",,/groceries/en-GB/products/290819648,https://digitalcontent.api.tesco.com/v2/media/ghs/d606e26f-dd99-4f4d-b655-a71da5f32ee8/6ca87897-f44f-4a83-b151-55c97e33c922.jpeg?h=225&w=225,
290819660,Tesco Plum & Hoisin Stir Fry Sauce 180G,https://www.tesco.com/groceries/en-GB/shop/fresh-food/all?department=Fresh%20Vegetables&viewAll=department&page=,£1.10,£6.12/kg,"Stir Fry Meal Deal for £2.50 Clubcard Price - Buy 1 Stir Fry Vegetable, 1 Noodle & 1 Sauce",,/groceries/en-GB/products/290819660,https://digitalcontent.api.tesco.com/v2/media/ghs/2e54f2d6-3534-4540-a33e-553c2ddaea15/220c9c69-8bea-471a-9f90-402c7f15a4d2.jpeg?h=225&w=225,
275549004,Tesco Spinach 500G,https://www.tesco.com/groceries/en-GB/shop/fresh-food/all?department=Fresh%20Vegetables&viewAll=department&page=,£1.77,£3.54/kg,Aldi Price Match,,/groceries/en-GB/products/275549004,https://digitalcontent.api.tesco.com/v2/media/ghs/56b86ae0-4d2f-4e8a-a414-4e4a4babb433/cb6dad90-e60a-46be-9e92-797ceda8bc61.jpeg?h=225&w=225,
296016910,Tesco Casserole Vegetable 700G,https://www.tesco.com/groceries/en-GB/shop/fresh-food/all?department=Fresh%20Vegetables&viewAll=department&page=,£1.50,£2.15/kg,Any 3 for 2 Clubcard Price - Cheapest Product Free - Selected Vegetables 80g - 800g,,/groceries/en-GB/products/296016910,https://digitalcontent.api.tesco.com/v2/media/ghs/1e35d157-7d8e-4743-b4bc-395a0fc984aa/f192e170-03a5-40fc-ba67-f65ba02c1cc4.jpeg?h=225&w=225,
301339197,Tesco Teriyaki Stir Fry Sauce 180G,https://www.tesco.com/groceries/en-GB/shop/fresh-food/all?department=Fresh%20Vegetables&viewAll=department&page=,£1.10,£6.12/kg,"Stir Fry Meal Deal for £2.50 Clubcard Price - Buy 1 Stir Fry Vegetable, 1 Noodle & 1 Sauce",,/groceries/en-GB/products/301339197,https://digitalcontent.api.tesco.com/v2/media/ghs/1e7fce2e-aa39-43a1-a031-ad02bd6c381c/60ae6ce1-db5b-4612-a08c-09aa8839d4fe.jpeg?h=225&w=225,
299927310,Tesco Crispy Sweet Potato Fries 300G,https://www.tesco.com/groceries/en-GB/shop/fresh-food/all?department=Fresh%20Vegetables&viewAll=department&page=,£2.00,£6.67/kg,Any 3 for 2 Clubcard Price - Cheapest Product Free - Selected Vegetables 80g - 800g,,/groceries/en-GB/products/299927310,https://digitalcontent.api.tesco.com/v2/media/ghs/071388b6-eede-4fda-9802-c09557647244/792aa8f6-84cd-4e47-bd5e-ffc8e54449a2.jpeg?h=225&w=225,
313508797,Chop Chop Mediterranean Vegetables 400G,https://www.tesco.com/groceries/en-GB/shop/fresh-food/all?department=Fresh%20Vegetables&viewAll=department&page=,£2.00,£5.00/kg,Any 3 for 2 Clubcard Price - Cheapest Product Free - Selected Vegetables 80g - 800g,,/groceries/en-GB/products/313508797,https://digitalcontent.api.tesco.com/v2/media/ghs/dce88d55-dacc-45b1-a253-810975d38f22/1d5a3289-99bb-4171-ba29-a709d288c0da.jpeg?h=225&w=225,
297674922,Tesco Tender Vegetable Medley 160G,https://www.tesco.com/groceries/en-GB/shop/fresh-food/all?department=Fresh%20Vegetables&viewAll=department&page=,£1.75,£10.94/kg,Any 3 for 2 Clubcard Price - Cheapest Product Free - Selected Vegetables 80g - 800g,,/groceries/en-GB/products/297674922,https://digitalcontent.api.tesco.com/v2/media/ghs/d91e7ae4-329d-4576-92af-29398482fdb1/1218eba4-e830-4bbc-ad09-0b1ade53a58e.jpeg?h=225&w=225,
311268985,Tesco Vegetable And Beansprout Stir Fry 570G,https://www.tesco.com/groceries/en-GB/shop/fresh-food/all?department=Fresh%20Vegetables&viewAll=department&page=,£1.50,£2.64/kg,"Stir Fry Meal Deal for £2.50 Clubcard Price - Buy 1 Stir Fry Vegetable, 1 Noodle & 1 Sauce",,/groceries/en-GB/products/311268985,https://digitalcontent.api.tesco.com/v2/media/ghs/91b95c62-759a-4b11-a0b6-d124bf87a508/2e572bf3-9998-4932-a6dd-55d13d347794.jpeg?h=225&w=225,
277973967,Tesco Peeled Baby Sprouts 180G,https://www.tesco.com/groceries/en-GB/shop/fresh-food/all?department=Fresh%20Vegetables&viewAll=department&page=,£1.00,£5.56/kg,Any 3 for 2 Clubcard Price - Cheapest Product Free - Selected Vegetables 80g - 800g,,/groceries/en-GB/products/277973967,https://digitalcontent.api.tesco.com/v2/media/ghs/29eb7bec-8e04-425f-bda6-03d2c76a44ea/f957aa70-5327-42e5-869d-cc7e9109bd62.jpeg?h=225&w=225,
301194326,Tesco Traditional Sliced Runner Beans 160G,https://www.tesco.com/groceries/en-GB/shop/fresh-food/all?department=Fresh%20Vegetables&viewAll=department&page=,£1.50,£9.38/kg,Any 3 for 2 Clubcard Price - Cheapest Product Free - Selected Vegetables 80g - 800g,,/groceries/en-GB/products/301194326,https://digitalcontent.api.tesco.com/v2/media/ghs/26d0a517-cd1e-43ac-97ab-7bb6938161dd/acaceb9e-b326-4c7b-bcbf-3672c5cf9305.jpeg?h=225&w=225,
277941239,Tesco Mini Carrots 320G,https://www.tesco.com/groceries/en-GB/shop/fresh-food/all?department=Fresh%20Vegetables&viewAll=department&page=,£0.90,£2.82/kg,Any 3 for 2 Clubcard Price - Cheapest Product Free - Selected Vegetables 80g - 800g,,/groceries/en-GB/products/277941239,https://digitalcontent.api.tesco.com/v2/media/ghs/cb2ba7be-a767-418b-8ade-cee60eaaf05e/1e90577a-e78b-40df-848c-bb6695d1f989.jpeg?h=225&w=225,
303261342,Tesco Cheese And Garlic Stuffed Mushrooms 200G,https://www.tesco.com/groceries/en-GB/shop/fresh-food/all?department=Fresh%20Vegetables&viewAll=department&page=,£2.10,£10.50/kg,Any 3 for 2 Clubcard Price - Cheapest Product Free - Selected Vegetables 80g - 800g,,/groceries/en-GB/products/303261342,https://digitalcontent.api.tesco.com/v2/media/ghs/e93cf581-cad2-4487-9106-ceb04fca556c/fc1ac52e-8618-418d-8f69-c1f04c839832.jpeg?h=225&w=225,
312235470,Tesco Greens & Grains 300G,https://www.tesco.com/groceries/en-GB/shop/fresh-food/all?department=Fresh%20Vegetables&viewAll=department&page=,£2.00,£6.67/kg,Any 3 for 2 Clubcard Price - Cheapest Product Free - Selected Vegetables 80g - 800g,,/groceries/en-GB/products/312235470,https://digitalcontent.api.tesco.com/v2/media/ghs/2036d87e-e8cf-446e-9dd0-f3c1d630c12b/fce0a6f4-cf04-4517-a119-5c4a87058196.jpeg?h=225&w=225,
308490402,Tesco Organic Broccoli 335G,https://www.tesco.com/groceries/en-GB/shop/fresh-food/all?department=Fresh%20Vegetables&viewAll=department&page=,£1.10,£3.29/kg,,,/groceries/en-GB/products/308490402,https://digitalcontent.api.tesco.com/v2/media/ghs/0ee6b8bd-93d2-4700-bb16-b5bb8fc860b4/94982ccc-996c-4c22-9ad9-9f880877a36d.jpeg?h=225&w=225,
279525234,Tesco Chantenay Carrots 500G,https://www.tesco.com/groceries/en-GB/shop/fresh-food/all?department=Fresh%20Vegetables&viewAll=department&page=,£1.00,£2.00/kg,75p Clubcard Price,,/groceries/en-GB/products/279525234,https://digitalcontent.api.tesco.com/v2/media/ghs/8b50fdc5-f9f7-4e3b-8e24-32eb36676777/de6bc443-efe8-415e-8e63-a6d18901f0da.jpeg?h=225&w=225,
259095864,Tesco Mint 30G,https://www.tesco.com/groceries/en-GB/shop/fresh-food/all?department=Fresh%20Vegetables&viewAll=department&page=,£0.52,£0.17/10g,Aldi Price Match,,/groceries/en-GB/products/259095864,https://digitalcontent.api.tesco.com/v2/media/ghs/b93275ef-9ec6-4adf-80a2-b02f1b804169/eb6c1856-c8d1-4c74-8394-2ade42f9b83f.jpeg?h=225&w=225,
276775218,Tesco Cauliflower & Broccoli Florets 400G (M),https://www.tesco.com/groceries/en-GB/shop/fresh-food/all?department=Fresh%20Vegetables&viewAll=department&page=,£1.19,£2.98/kg,Aldi Price Match,,/groceries/en-GB/products/276775218,https://digitalcontent.api.tesco.com/v2/media/ghs/7e4d077a-0a54-4ef8-9427-ad7bf5384915/1fa2ad38-19bc-480b-99d6-7f204b4e707b.jpeg?h=225&w=225,
280003281,Tesco Large Stir Fry 570G,https://www.tesco.com/groceries/en-GB/shop/fresh-food/all?department=Fresh%20Vegetables&viewAll=department&page=,£1.19,£2.09/kg,"Stir Fry Meal Deal for £2.50 Clubcard Price - Buy 1 Stir Fry Vegetable, 1 Noodle & 1 Sauce",,/groceries/en-GB/products/280003281,https://digitalcontent.api.tesco.com/v2/media/ghs/292d6f1d-d838-4efe-89b0-eecf21df2a7f/8b9fb10a-b356-4ee7-b505-b3325e983e30.jpeg?h=225&w=225,
282151147,Tesco Fine Beans & Tenderstem Broccoli 210G,https://www.tesco.com/groceries/en-GB/shop/fresh-food/all?department=Fresh%20Vegetables&viewAll=department&page=,£2.00,£9.53/kg,Any 3 for 2 Clubcard Price - Cheapest Product Free - Selected Vegetables 80g - 800g,,/groceries/en-GB/products/282151147,https://digitalcontent.api.tesco.com/v2/media/ghs/61f01aaa-660d-4be2-a94f-5af65a2a0ed0/25b4a9f9-c57a-4e99-9a11-09f8080f1640.jpeg?h=225&w=225,
290981362,Tesco Singapore Noodles 300G,https://www.tesco.com/groceries/en-GB/shop/fresh-food/all?department=Fresh%20Vegetables&viewAll=department&page=,,,,,/groceries/en-GB/products/290981362,https://digitalcontent.api.tesco.com/v2/media/ghs/33191672-94bd-482a-9932-21b38a79eb28/52340806-b728-4cd1-ac2f-4a4411830ed9.jpeg?h=225&w=225,This product's currently out of stock
297543409,Tesco Red Potato 2.5Kg,https://www.tesco.com/groceries/en-GB/shop/fresh-food/all?department=Fresh%20Vegetables&viewAll=department&page=,£1.35,£0.54/kg,£1.00 Clubcard Price,,/groceries/en-GB/products/297543409,https://digitalcontent.api.tesco.com/v2/media/ghs/e5fa56a5-117f-46ff-a2c2-286ec3d58dff/be865f23-3e7e-4465-be36-59e17f76b4db.jpeg?h=225&w=225,
279647204,Tesco Asparagus & Tenderstem Broccoli 190G,https://www.tesco.com/groceries/en-GB/shop/fresh-food/all?department=Fresh%20Vegetables&viewAll=department&page=,£2.00,£10.53/kg,Any 3 for 2 Clubcard Price - Cheapest Product Free - Selected Vegetables 80g - 800g,,/groceries/en-GB/products/279647204,https://digitalcontent.api.tesco.com/v2/media/ghs/d205b451-1faa-45c7-9106-041059685453/1c942468-70cb-4fe2-8151-3c1bc9fc56fe_2045972307.jpeg?h=225&w=225,
292277450,Redmere Farms Fresh Greens,https://www.tesco.com/groceries/en-GB/shop/fresh-food/all?department=Fresh%20Vegetables&viewAll=department&page=,£0.65,£1.30/kg,,,/groceries/en-GB/products/292277450,https://digitalcontent.api.tesco.com/v2/media/ghs/b588b6fa-5286-41b3-9e6b-667de80005a9/snapshotimagehandler_1942762429.jpeg?h=225&w=225,
294070184,Tesco Red Cabbage Each,https://www.tesco.com/groceries/en-GB/shop/fresh-food/all?department=Fresh%20Vegetables&viewAll=department&page=,£0.61,£0.61/each,Aldi Price Match,,/groceries/en-GB/products/294070184,https://digitalcontent.api.tesco.com/v2/media/ghs/e7fd8b93-e16e-4218-aeab-898e74997cf0/94757e69-f26e-47c2-9311-64daf098d3e3.jpeg?h=225&w=225,
277926811,Tesco Organic Tenderstem Broccoli 200G,https://www.tesco.com/groceries/en-GB/shop/fresh-food/all?department=Fresh%20Vegetables&viewAll=department&page=,£2.50,£12.50/kg,,,/groceries/en-GB/products/277926811,https://digitalcontent.api.tesco.com/v2/media/ghs/e82d7455-30eb-4c26-bf42-3cf501ea3a36/0ffca398-8366-4e93-97cd-5d90a1cbe68b.jpeg?h=225&w=225,
254707265,Tesco Organic Chestnut Mushrooms 250 G,https://www.tesco.com/groceries/en-GB/shop/fresh-food/all?department=Fresh%20Vegetables&viewAll=department&page=,£1.80,£7.20/kg,,,/groceries/en-GB/products/254707265,https://digitalcontent.api.tesco.com/v2/media/ghs/77e83bc1-24f3-4825-81f7-cdd0451a818f/12e6bba9-6bb5-48c5-af33-9837fd5c2d0a.jpeg?h=225&w=225,
262018816,Tesco Organic Courgettes 3 Pack,https://www.tesco.com/groceries/en-GB/shop/fresh-food/all?department=Fresh%20Vegetables&viewAll=department&page=,£2.40,£0.80/each,,,/groceries/en-GB/products/262018816,https://digitalcontent.api.tesco.com/v2/media/ghs/98a3a432-0c79-49b7-a87e-ff9935d85165/e77ccd41-0ffa-49f4-a4ac-b9153e2f716a_488686147.jpeg?h=225&w=225,
295198430,Tesco Maris Piper Roast Potatoes With Goose Fat 800G,https://www.tesco.com/groceries/en-GB/shop/fresh-food/all?department=Fresh%20Vegetables&viewAll=department&page=,£3.00,£3.75/kg,Any 3 for 2 Clubcard Price - Cheapest Product Free - Selected Vegetables 80g - 800g,,/groceries/en-GB/products/295198430,https://digitalcontent.api.tesco.com/v2/media/ghs/b90af5b2-8a76-4800-94e5-72562c63f84b/86f768ea-7bb6-4e72-b262-6c5e9aea6431.jpeg?h=225&w=225,
254932061,Tesco Red Organic Onions 500G,https://www.tesco.com/groceries/en-GB/shop/fresh-food/all?department=Fresh%20Vegetables&viewAll=department&page=,£1.30,£2.60/kg,,,/groceries/en-GB/products/254932061,https://digitalcontent.api.tesco.com/v2/media/ghs/c345dde3-9bd0-4288-8570-201c49c9b237/4a20cfe2-e850-48e5-89c6-c85a81fa14e7.jpeg?h=225&w=225,
311419905,Tesco Sliced Spring Greens 200G,https://www.tesco.com/groceries/en-GB/shop/fresh-food/all?department=Fresh%20Vegetables&viewAll=department&page=,£1.20,£6.00/kg,Any 3 for 2 Clubcard Price - Cheapest Product Free - Selected Vegetables 80g - 800g,,/groceries/en-GB/products/311419905,https://digitalcontent.api.tesco.com/v2/media/ghs/9d46db99-a72d-4fce-8aef-6774b5612c9b/afac75c6-f003-4817-9f6a-3892adb8d157.jpeg?h=225&w=225,
268597343,Tesco Organic Brown Onion 750G,https://www.tesco.com/groceries/en-GB/shop/fresh-food/all?department=Fresh%20Vegetables&viewAll=department&page=,£1.30,£1.74/kg,,,/groceries/en-GB/products/268597343,https://digitalcontent.api.tesco.com/v2/media/ghs/90e20c0a-bfad-4620-99cb-1abc334ff8bb/fa75c957-7e4d-4bd4-a5c9-88f674b38044_922534191.jpeg?h=225&w=225,
277974816,Tesco Carrot Cauliflower & Broccoli 370G,https://www.tesco.com/groceries/en-GB/shop/fresh-food/all?department=Fresh%20Vegetables&viewAll=department&page=,£1.50,£4.06/kg,Any 3 for 2 Clubcard Price - Cheapest Product Free - Selected Vegetables 80g - 800g,,/groceries/en-GB/products/277974816,https://digitalcontent.api.tesco.com/v2/media/ghs/c69ecab8-c8ae-48a3-b2bf-2ffbfe3647a2/b3dead72-b86a-44e7-b3f4-49587b15fe10.jpeg?h=225&w=225,
277967105,Tesco Broccoli Florets 240G,https://www.tesco.com/groceries/en-GB/shop/fresh-food/all?department=Fresh%20Vegetables&viewAll=department&page=,£1.50,£6.25/kg,Any 3 for 2 Clubcard Price - Cheapest Product Free - Selected Vegetables 80g - 800g,,/groceries/en-GB/products/277967105,https://digitalcontent.api.tesco.com/v2/media/ghs/f9de039b-6cdb-4fbd-9ee3-9d23d3f362d9/db66f273-37be-4cb7-9f58-493a948e9777.jpeg?h=225&w=225,
305830841,Tesco Finest Chunky Chips 449G,https://www.tesco.com/groceries/en-GB/shop/fresh-food/all?department=Fresh%20Vegetables&viewAll=department&page=,£2.60,£5.80/kg,"Tesco Finest* Meal Deal for £12 Clubcard Price - Buy 1 Main, 1 Side, 1 Dessert & A Drink",,/groceries/en-GB/products/305830841,https://digitalcontent.api.tesco.com/v2/media/ghs/f5b0ddec-1d03-4682-ac0b-d228fe676eb7/67da7b3c-d53d-4123-b6af-d33376f24cb0.jpeg?h=225&w=225,
273718534,Tesco Sliced Greens 300G,https://www.tesco.com/groceries/en-GB/shop/fresh-food/all?department=Fresh%20Vegetables&viewAll=department&page=,£1.45,£4.84/kg,,,/groceries/en-GB/products/273718534,https://digitalcontent.api.tesco.com/v2/media/ghs/08eaba5b-648f-4ef0-bfcd-f2c84e1c0cfb/6aeabb45-8cf2-4838-a029-90ab0bae74bd.jpeg?h=225&w=225,
309456080,Tesco Suffolk New Potatoes 750G,https://www.tesco.com/groceries/en-GB/shop/fresh-food/all?department=Fresh%20Vegetables&viewAll=department&page=,£1.25,£1.67/kg,,,/groceries/en-GB/products/309456080,https://digitalcontent.api.tesco.com/v2/media/ghs/acca77c6-5cb6-48f9-95c6-db989f396273/f6e9addd-02b2-4e0b-8449-040e0f7ec333.jpeg?h=225&w=225,
255737636,Tesco Bird Eye Chillies 25G Price Marked,https://www.tesco.com/groceries/en-GB/shop/fresh-food/all?department=Fresh%20Vegetables&viewAll=department&page=,£0.90,£36.00/kg,,,/groceries/en-GB/products/255737636,,
311274620,Tesco Vegetable Soup Mix 600G,https://www.tesco.com/groceries/en-GB/shop/fresh-food/all?department=Fresh%20Vegetables&viewAll=department&page=,£1.50,£2.50/kg,Any 3 for 2 Clubcard Price - Cheapest Product Free - Selected Vegetables 80g - 800g,,/groceries/en-GB/products/311274620,https://digitalcontent.api.tesco.com/v2/media/ghs/38289355-c58d-476a-b38e-1fc95ff868ec/30e37dd7-600b-4f63-99d9-4ec3210337e1.jpeg?h=225&w=225,
305037277,Tesco Fennel 250G,https://www.tesco.com/groceries/en-GB/shop/fresh-food/all?department=Fresh%20Vegetables&viewAll=department&page=,£1.25,£5.00/kg,,,/groceries/en-GB/products/305037277,https://digitalcontent.api.tesco.com/v2/media/ghs/c5dfb982-3969-4b1f-92c5-391b700681ac/112de614-00a1-4d8f-a3fa-2b8b5c3a8a3e.jpeg?h=225&w=225,
302987101,Tesco Organic Baby Spinach 100G,https://www.tesco.com/groceries/en-GB/shop/fresh-food/all?department=Fresh%20Vegetables&viewAll=department&page=,£1.35,£13.50/kg,,,/groceries/en-GB/products/302987101,https://digitalcontent.api.tesco.com/v2/media/ghs/e40096e1-279c-4025-962a-ccf4f262a522/ef8038fa-2a8e-40f7-99df-63fd50bd5121.jpeg?h=225&w=225,
293953495,Tesco Runner Beans 180G,https://www.tesco.com/groceries/en-GB/shop/fresh-food/all?department=Fresh%20Vegetables&viewAll=department&page=,£1.25,£6.95/kg,,,/groceries/en-GB/products/293953495,https://digitalcontent.api.tesco.com/v2/media/ghs/0f911ccc-2900-421a-ab2d-437dd9db21ff/edfe49e6-dad7-4149-b779-5e1e932083f2.jpeg?h=225&w=225,
308479457,Tesco Pepper Stir Fry Mix 320G,https://www.tesco.com/groceries/en-GB/shop/fresh-food/all?department=Fresh%20Vegetables&viewAll=department&page=,£1.45,£4.54/kg,"Stir Fry Meal Deal for £2.50 Clubcard Price - Buy 1 Stir Fry Vegetable, 1 Noodle & 1 Sauce",,/groceries/en-GB/products/308479457,https://digitalcontent.api.tesco.com/v2/media/ghs/5819856d-27e6-485c-86ee-986750ff6f10/43c8a348-80e0-4a42-aec7-c5d93a141c5f.jpeg?h=225&w=225,
253194105,Tesco Finger Chillies 80G,https://www.tesco.com/groceries/en-GB/shop/fresh-food/all?department=Fresh%20Vegetables&viewAll=department&page=,£1.00,£12.50/kg,,,/groceries/en-GB/products/253194105,https://digitalcontent.api.tesco.com/v2/media/ghs/8f1859fa-53b3-44eb-bcfb-300cf860ca20/ebccde8d-6cae-4091-bfeb-cc9feb47c3db.jpeg?h=225&w=225,
280218827,Tesco Root Vegetable Mash 425G,https://www.tesco.com/groceries/en-GB/shop/fresh-food/all?department=Fresh%20Vegetables&viewAll=department&page=,£1.12,£2.64/kg,Aldi Price Match,,/groceries/en-GB/products/280218827,https://digitalcontent.api.tesco.com/v2/media/ghs/2ad6b1e9-be10-46e3-b9ec-643ea8258d77/48a96fa4-d22e-47ff-8346-5fa7caf143fa.jpeg?h=225&w=225,
292632440,Tesco Sliced Red Onion 180G,https://www.tesco.com/groceries/en-GB/shop/fresh-food/all?department=Fresh%20Vegetables&viewAll=department&page=,£1.00,£5.56/kg,Any 3 for 2 Clubcard Price - Cheapest Product Free - Selected Vegetables 80g - 800g,,/groceries/en-GB/products/292632440,https://digitalcontent.api.tesco.com/v2/media/ghs/9c5901e8-4eef-4fbf-b79b-15007c277afe/2f6935e4-29d1-4995-9ae2-94c85427fd3d.jpeg?h=225&w=225,
260999122,Tesco Peeled Potatoes 700G,https://www.tesco.com/groceries/en-GB/shop/fresh-food/all?department=Fresh%20Vegetables&viewAll=department&page=,£1.00,£1.43/kg,Any 3 for 2 Clubcard Price - Cheapest Product Free - Selected Vegetables 80g - 800g,,/groceries/en-GB/products/260999122,https://digitalcontent.api.tesco.com/v2/media/ghs/e7406a50-6bbc-4d80-aedc-6086767badba/48e45883-0d31-44fb-81dc-e9416cbe3bbe.jpeg?h=225&w=225,
301226549,Tesco Chinese Inspired Stir Fry Mix 320G,https://www.tesco.com/groceries/en-GB/shop/fresh-food/all?department=Fresh%20Vegetables&viewAll=department&page=,£1.70,£0.53/100g,"Stir Fry Meal Deal for £2.50 Clubcard Price - Buy 1 Stir Fry Vegetable, 1 Noodle & 1 Sauce",,/groceries/en-GB/products/301226549,https://digitalcontent.api.tesco.com/v2/media/ghs/cdd206f4-4f37-467f-9a8d-3abe5da5849f/10b7f8e6-499a-499f-b1b0-bddbbc64802a.jpeg?h=225&w=225,
253555825,Tesco Corn On The Cob Twinpack,https://www.tesco.com/groceries/en-GB/shop/fresh-food/all?department=Fresh%20Vegetables&viewAll=department&page=,£1.29,£0.64/each,Aldi Price Match,,/groceries/en-GB/products/253555825,https://digitalcontent.api.tesco.com/v2/media/ghs/a9abf444-ad63-4618-ade0-c51cacdf5912/8343ccdc-debe-4e01-a29e-f52a9910b406.jpeg?h=225&w=225,
271196116,Cofresh Okra Cut 300G,https://www.tesco.com/groceries/en-GB/shop/fresh-food/all?department=Fresh%20Vegetables&viewAll=department&page=,£1.00,£3.34/kg,,,/groceries/en-GB/products/271196116,https://digitalcontent.api.tesco.com/v2/media/ghs/b0703834-e2e8-43a0-868e-6113120aad5a/5b6b0374-7afa-425d-b1c3-31238152b3ac.jpeg?h=225&w=225,
309754130,Albert Bartlett Creamy Mashed Potato 400G,https://www.tesco.com/groceries/en-GB/shop/fresh-food/all?department=Fresh%20Vegetables&viewAll=department&page=,£1.30,£3.25/kg,Any 3 for 2 Clubcard Price - Cheapest Product Free - Selected Vegetables 80g - 800g,,/groceries/en-GB/products/309754130,https://digitalcontent.api.tesco.com/v2/media/ghs/4df4da97-6868-49cf-8ff1-733070ad9458/e6107f03-5c5d-4a62-924b-805f9d584f48.jpeg?h=225&w=225,
306941322,Tesco Katsu Curry Sauce 180G,https://www.tesco.com/groceries/en-GB/shop/fresh-food/all?department=Fresh%20Vegetables&viewAll=department&page=,£1.10,£6.12/kg,"Stir Fry Meal Deal for £2.50 Clubcard Price - Buy 1 Stir Fry Vegetable, 1 Noodle & 1 Sauce",,/groceries/en-GB/products/306941322,https://digitalcontent.api.tesco.com/v2/media/ghs/90a2df75-df28-4571-9a5c-6ab1f91d5d3e/ff78d4d7-b34b-45e4-9806-c25f2978e909.jpeg?h=225&w=225,
304409507,Tesco Turnip,https://www.tesco.com/groceries/en-GB/shop/fresh-food/all?department=Fresh%20Vegetables&viewAll=department&page=,£0.50,£0.50/each,,,/groceries/en-GB/products/304409507,https://digitalcontent.api.tesco.com/v2/media/ghs/3349aa47-90a7-404f-9633-fa57b7adf36b/8f470813-5ec3-4ccb-8460-19c7f2268c0e.jpeg?h=225&w=225,
254948175,Tesco Coriander Bunches 150G,https://www.tesco.com/groceries/en-GB/shop/fresh-food/all?department=Fresh%20Vegetables&viewAll=department&page=,£1.35,£0.09/10g,,,/groceries/en-GB/products/254948175,https://digitalcontent.api.tesco.com/v2/media/ghs/6d3f9adb-069a-4ac5-b96e-d74a53779a50/46c73d3f-72ed-4af0-9e43-5a4f96c0f4ff_605331659.jpeg?h=225&w=225,
285959316,Tesco Root Vegetable Medley 1Kg,https://www.tesco.com/groceries/en-GB/shop/fresh-food/all?department=Fresh%20Vegetables&viewAll=department&page=,£1.10,£1.10/kg,,,/groceries/en-GB/products/285959316,https://digitalcontent.api.tesco.com/v2/media/ghs/01d2b193-b5df-477a-b0e6-834010334e77/79a35fc0-8204-4e33-9513-2e2468a48c4c.jpeg?h=225&w=225,
279627298,Tesco Tendersweet Carrots 150G,https://www.tesco.com/groceries/en-GB/shop/fresh-food/all?department=Fresh%20Vegetables&viewAll=department&page=,£1.30,£8.67/kg,,,/groceries/en-GB/products/279627298,https://digitalcontent.api.tesco.com/v2/media/ghs/f9f31041-de25-4f79-9050-ada3fffc43a3/c1a8e6a6-ca2b-495e-909a-826899414472.jpeg?h=225&w=225,
297685615,Tesco Diced Swede 350G,https://www.tesco.com/groceries/en-GB/shop/fresh-food/all?department=Fresh%20Vegetables&viewAll=department&page=,£0.50,£1.43/kg,Any 3 for 2 Clubcard Price - Cheapest Product Free - Selected Vegetables 80g - 800g,,/groceries/en-GB/products/297685615,https://digitalcontent.api.tesco.com/v2/media/ghs/07ca615a-3ab0-4706-8d74-ff146037b6e3/0b7c6b0a-32d8-4f25-8aa2-65fa0be8b2fd.jpeg?h=225&w=225,
292686720,Tesco Fresh Cut Curled Parsley 30G,https://www.tesco.com/groceries/en-GB/shop/fresh-food/all?department=Fresh%20Vegetables&viewAll=department&page=,£0.55,£0.18/10g,,,/groceries/en-GB/products/292686720,https://digitalcontent.api.tesco.com/v2/media/ghs/c7c89918-f2e5-4fc4-b8be-eb0341369eca/781cdd7f-d10d-412b-8991-c406912564ad.jpeg?h=225&w=225,
304417307,Tesco Chef's Base 400G,https://www.tesco.com/groceries/en-GB/shop/fresh-food/all?department=Fresh%20Vegetables&viewAll=department&page=,£1.10,£2.75/kg,Any 3 for 2 Clubcard Price - Cheapest Product Free - Selected Vegetables 80g - 800g,,/groceries/en-GB/products/304417307,https://digitalcontent.api.tesco.com/v2/media/ghs/616f986e-3183-4d2c-9d9b-7da97f7f1a69/894808b0-15e4-4687-8f71-687c52671966.jpeg?h=225&w=225,
255932007,Celeriac Catchweight,https://www.tesco.com/groceries/en-GB/shop/fresh-food/all?department=Fresh%20Vegetables&viewAll=department&page=,£1.16,£1.45/kg,,,/groceries/en-GB/products/255932007,https://digitalcontent.api.tesco.com/v2/media/ghs/6202974a-4605-448c-a32c-05e04b38f508/8e29696d-280b-45ee-b615-342aba6232e1.jpeg?h=225&w=225,
311230753,Albert Bartlett Cheese Croquettes 250G,https://www.tesco.com/groceries/en-GB/shop/fresh-food/all?department=Fresh%20Vegetables&viewAll=department&page=,£1.50,£6.00/kg,Any 3 for 2 Clubcard Price - Cheapest Product Free - Selected Vegetables 80g - 800g,,/groceries/en-GB/products/311230753,https://digitalcontent.api.tesco.com/v2/media/ghs/2c1d0004-0fcd-4331-af70-65fc22623303/53573fe3-52f6-4836-a1a0-e29eb9c30569.jpeg?h=225&w=225,
312088361,Tesco Baby Carrots In Water 300G,https://www.tesco.com/groceries/en-GB/shop/fresh-food/all?department=Fresh%20Vegetables&viewAll=department&page=,£0.42,£2.28/kg DR.WT,,New,/groceries/en-GB/products/312088361,https://digitalcontent.api.tesco.com/v2/media/ghs/0ef07097-c6e0-4817-b185-25ffd325ad43/bc5a5732-62ad-4dac-a156-a20128f3244a_1980954445.jpeg?h=225&w=225,
290981805,Tesco Rice Noodles 300G,https://www.tesco.com/groceries/en-GB/shop/fresh-food/all?department=Fresh%20Vegetables&viewAll=department&page=,£1.25,£4.17/kg,"Stir Fry Meal Deal for £2.50 Clubcard Price - Buy 1 Stir Fry Vegetable, 1 Noodle & 1 Sauce",,/groceries/en-GB/products/290981805,https://digitalcontent.api.tesco.com/v2/media/ghs/0776be71-f2d1-46e4-a477-340f8950c170/730fdbf3-f443-4587-b2b4-c179f4aa5454.jpeg?h=225&w=225,
306816120,Tesco Stuffed Peppers 320G,https://www.tesco.com/groceries/en-GB/shop/fresh-food/all?department=Fresh%20Vegetables&viewAll=department&page=,£2.00,£6.25/kg,Any 3 for 2 Clubcard Price - Cheapest Product Free - Selected Vegetables 80g - 800g,,/groceries/en-GB/products/306816120,https://digitalcontent.api.tesco.com/v2/media/ghs/8a67b832-dcb2-4b14-9100-07af0c4f6044/1bbf203f-1d08-4110-b28c-580fe0afcbd6.jpeg?h=225&w=225,
264653295,Tesco Stir Fry Vegetable Medley 220G,https://www.tesco.com/groceries/en-GB/shop/fresh-food/all?department=Fresh%20Vegetables&viewAll=department&page=,£2.00,£9.10/kg,Any 3 for 2 Clubcard Price - Cheapest Product Free - Selected Vegetables 80g - 800g,,/groceries/en-GB/products/264653295,https://digitalcontent.api.tesco.com/v2/media/ghs/c25fc61e-c72b-4c95-ac34-75f7209440cf/febd0fdc-3c92-4968-8aa3-b08a9524759d.jpeg?h=225&w=225,
299847531,Tesco Protein Noodles 300G,https://www.tesco.com/groceries/en-GB/shop/fresh-food/all?department=Fresh%20Vegetables&viewAll=department&page=,£1.25,£4.17/kg,"Stir Fry Meal Deal for £2.50 Clubcard Price - Buy 1 Stir Fry Vegetable, 1 Noodle & 1 Sauce",,/groceries/en-GB/products/299847531,https://digitalcontent.api.tesco.com/v2/media/ghs/ef711cf4-6538-4d79-98c2-01031a0e23a7/94ca9073-789d-456b-81b2-aac791da75b7.jpeg?h=225&w=225,
305055877,Tesco Parmentier Potatoes 400G,https://www.tesco.com/groceries/en-GB/shop/fresh-food/all?department=Fresh%20Vegetables&viewAll=department&page=,£2.40,£6.00/kg,Any 3 for 2 Clubcard Price - Cheapest Product Free - Selected Vegetables 80g - 800g,,/groceries/en-GB/products/305055877,https://digitalcontent.api.tesco.com/v2/media/ghs/f1c07e7b-2be2-4f6c-813b-5da275969ee8/681c343e-c43b-46fc-967e-397bd9da31a7.jpeg?h=225&w=225,
297660374,Tesco Finest Triple Cooked Chips 400G,https://www.tesco.com/groceries/en-GB/shop/fresh-food/all?department=Fresh%20Vegetables&viewAll=department&page=,£2.60,£6.50/kg,,,/groceries/en-GB/products/297660374,https://digitalcontent.api.tesco.com/v2/media/ghs/992abe50-f1be-4229-a77f-23328e4f9978/ce432d3a-451d-41a8-a3c3-3c2a58d10b93.jpeg?h=225&w=225,
305975243,Tesco Finest Rosanna Pink Onions 3Pack,https://www.tesco.com/groceries/en-GB/shop/fresh-food/all?department=Fresh%20Vegetables&viewAll=department&page=,£1.25,£0.42/each,,,/groceries/en-GB/products/305975243,https://digitalcontent.api.tesco.com/v2/media/ghs/411cc77a-42a3-4d16-94b1-5cb42db99eae/bce9f4b4-7406-4aeb-ace2-e86c879853e7_1179974971.jpeg?h=225&w=225,
252367214,Organic Sweet Potatoes 750G,https://www.tesco.com/groceries/en-GB/shop/fresh-food/all?department=Fresh%20Vegetables&viewAll=department&page=,£2.40,£3.20/kg,,,/groceries/en-GB/products/252367214,https://digitalcontent.api.tesco.com/v2/media/ghs/01dbf728-dde0-4dd2-a8af-bedb88d24276/23ee11fc-307f-4000-ae72-adbca333bcbc.jpeg?h=225&w=225,
250342022,Tesco Organic Spinach 200G,https://www.tesco.com/groceries/en-GB/shop/fresh-food/all?department=Fresh%20Vegetables&viewAll=department&page=,£1.90,£9.50/kg,,,/groceries/en-GB/products/250342022,https://digitalcontent.api.tesco.com/v2/media/ghs/18134ca9-417f-493d-90a5-6abbb5b93038/2668c0a3-183d-4f44-a9bb-1b21f1b3d0a5.jpeg?h=225&w=225,
252834693,Organic Curly Kale 200G,https://www.tesco.com/groceries/en-GB/shop/fresh-food/all?department=Fresh%20Vegetables&viewAll=department&page=,£1.65,£8.25/kg,,,/groceries/en-GB/products/252834693,https://digitalcontent.api.tesco.com/v2/media/ghs/d771a8ee-254b-47c3-b61d-415bd48a6880/554c1001-65a2-4964-8e4e-1318cb82dbbb.jpeg?h=225&w=225,
256220670,Tesco Medium Pot Coriander,https://www.tesco.com/groceries/en-GB/shop/fresh-food/all?department=Fresh%20Vegetables&viewAll=department&page=,£1.50,£1.50/each,,,/groceries/en-GB/products/256220670,https://digitalcontent.api.tesco.com/v2/media/ghs/8e868a2a-20f8-476d-9992-51436e3de71a/2b1eb7d8-4070-4db2-b316-34076f86d233.jpeg?h=225&w=225,
309757887,Tesco Seasoned Roast Potatoes 800G,https://www.tesco.com/groceries/en-GB/shop/fresh-food/all?department=Fresh%20Vegetables&viewAll=department&page=,£2.00,£2.50/kg,Any 3 for 2 Clubcard Price - Cheapest Product Free - Selected Vegetables 80g - 800g,,/groceries/en-GB/products/309757887,https://digitalcontent.api.tesco.com/v2/media/ghs/6d93592a-76eb-43aa-b249-3a5e12546217/738d4c02-b37b-42a0-baea-caee042bd46f.jpeg?h=225&w=225,
299965759,Tesco Mini Roast Potatoes 500G,https://www.tesco.com/groceries/en-GB/shop/fresh-food/all?department=Fresh%20Vegetables&viewAll=department&page=,£2.10,£4.20/kg,Any 3 for 2 Clubcard Price - Cheapest Product Free - Selected Vegetables 80g - 800g,,/groceries/en-GB/products/299965759,https://digitalcontent.api.tesco.com/v2/media/ghs/fa293a61-6936-430c-910b-b73b6bf6212d/0e033c2e-9107-44b6-b2bf-80f01d82a24a.jpeg?h=225&w=225,
268913840,Tesco Winter Vegetables 480G,https://www.tesco.com/groceries/en-GB/shop/fresh-food/all?department=Fresh%20Vegetables&viewAll=department&page=,£1.70,£3.55/kg,Any 3 for 2 Clubcard Price - Cheapest Product Free - Selected Vegetables 80g - 800g,,/groceries/en-GB/products/268913840,https://digitalcontent.api.tesco.com/v2/media/ghs/da5da9dd-24b1-4de2-9ff4-fcc252bdfa11/700b6f00-81cc-43ec-a04f-db3b6301aed9_283180044.jpeg?h=225&w=225,
296424875,Tesco Imperator Carrot 450G,https://www.tesco.com/groceries/en-GB/shop/fresh-food/all?department=Fresh%20Vegetables&viewAll=department&page=,£1.50,£3.34/kg,,,/groceries/en-GB/products/296424875,https://digitalcontent.api.tesco.com/v2/media/ghs/d6a11d74-dea9-40ca-82e8-9c177501e6e7/79561f60-cbf4-49bd-aa49-43eede1fa3df.jpeg?h=225&w=225,
307352597,Tesco Finest Oak Smoked Garlic,https://www.tesco.com/groceries/en-GB/shop/fresh-food/all?department=Fresh%20Vegetables&viewAll=department&page=,£1.10,£1.10/each,,,/groceries/en-GB/products/307352597,https://digitalcontent.api.tesco.com/v2/media/ghs/8a429cfe-2cd0-4fa8-be0e-75348fa71709/11718eb2-2481-4016-aa94-968786835a0b_924046954.jpeg?h=225&w=225,
305949511,Tesco Fire Pit Patatas Bravas 400G,https://www.tesco.com/groceries/en-GB/shop/fresh-food/all?department=Fresh%20Vegetables&viewAll=department&page=,£2.10,£5.25/kg,Any 3 for 2 Clubcard Price - Cheapest Product Free - Selected Vegetables 80g - 800g,,/groceries/en-GB/products/305949511,https://digitalcontent.api.tesco.com/v2/media/ghs/f7e1a962-0fc3-4e0c-9b91-3ec0554be1f6/5ebcdb27-9a7c-47b8-ab2a-cdca7b201b5c.jpeg?h=225&w=225,
312833044,Golden King Buttery Golden Potatoes 2Kg,https://www.tesco.com/groceries/en-GB/shop/fresh-food/all?department=Fresh%20Vegetables&viewAll=department&page=,£1.75,£0.88/kg,,,/groceries/en-GB/products/312833044,https://digitalcontent.api.tesco.com/v2/media/ghs/e3048a8c-addd-42e5-b7e2-51f505a5c064/9c11284d-047f-4188-ae03-641993777733.jpeg?h=225&w=225,
256858664,Organic Leeks 400G,https://www.tesco.com/groceries/en-GB/shop/fresh-food/all?department=Fresh%20Vegetables&viewAll=department&page=,£1.90,£4.75/kg,,,/groceries/en-GB/products/256858664,https://digitalcontent.api.tesco.com/v2/media/ghs/f315a760-671e-41f5-ad4c-b92564a7add1/d312ceb7-15c0-4937-9ffb-c28f384e06e8.jpeg?h=225&w=225,
253560784,Brussels Sprouts Loose Class 1,https://www.tesco.com/groceries/en-GB/shop/fresh-food/all?department=Fresh%20Vegetables&viewAll=department&page=,£0.03,£1.18/kg,,New,/groceries/en-GB/products/253560784,https://digitalcontent.api.tesco.com/v2/media/ghs/a7acc3df-b72a-451a-af34-a365fc790111/8b51ca30-e229-42d1-aae5-ea3d07008213.jpeg?h=225&w=225,
305990282,Tesco Green Vegetable Medley 250G,https://www.tesco.com/groceries/en-GB/shop/fresh-food/all?department=Fresh%20Vegetables&viewAll=department&page=,£2.10,£8.40/kg,Any 3 for 2 Clubcard Price - Cheapest Product Free - Selected Vegetables 80g - 800g,,/groceries/en-GB/products/305990282,https://digitalcontent.api.tesco.com/v2/media/ghs/42dcf9f6-82d1-42f8-a75c-344af9afa04c/d111253c-250c-4487-a2cd-30ee594532d2.jpeg?h=225&w=225,
309767875,Tesco Sweet Potato Wedges In Parsley & Thyme Oil 500G,https://www.tesco.com/groceries/en-GB/shop/fresh-food/all?department=Fresh%20Vegetables&viewAll=department&page=,£1.75,£3.50/kg,Any 3 for 2 Clubcard Price - Cheapest Product Free - Selected Vegetables 80g - 800g,,/groceries/en-GB/products/309767875,https://digitalcontent.api.tesco.com/v2/media/ghs/bdc8fa63-d7be-473b-a496-591fbb6aaacb/3ea7adec-a329-4aa3-8270-939184c76c19.jpeg?h=225&w=225,
305950939,Tesco Edamame & Tenderstem Stir Fry Mix 320G,https://www.tesco.com/groceries/en-GB/shop/fresh-food/all?department=Fresh%20Vegetables&viewAll=department&page=,£1.70,£5.32/kg,"Stir Fry Meal Deal for £2.50 Clubcard Price - Buy 1 Stir Fry Vegetable, 1 Noodle & 1 Sauce",,/groceries/en-GB/products/305950939,https://digitalcontent.api.tesco.com/v2/media/ghs/5dcb6f6f-19b0-41af-8c67-ff36c8e7cf70/94e84898-233b-496e-b34c-93270c776022.jpeg?h=225&w=225,
292292949,You Say Potato Fresh Cut Chips 500G,https://www.tesco.com/groceries/en-GB/shop/fresh-food/all?department=Fresh%20Vegetables&viewAll=department&page=,£1.30,£2.60/kg,Any 3 for 2 Clubcard Price - Cheapest Product Free - Selected Vegetables 80g - 800g,,/groceries/en-GB/products/292292949,https://digitalcontent.api.tesco.com/v2/media/ghs/c3364b4b-a0b7-4c11-9189-96f36af3ea39/0546bfe5-72e8-495d-b051-2e2b4068e0e7.jpeg?h=225&w=225,
304398949,Tesco Chefs Trio 80G,https://www.tesco.com/groceries/en-GB/shop/fresh-food/all?department=Fresh%20Vegetables&viewAll=department&page=,£1.05,£13.13/kg,Any 3 for 2 Clubcard Price - Cheapest Product Free - Selected Vegetables 80g - 800g,,/groceries/en-GB/products/304398949,https://digitalcontent.api.tesco.com/v2/media/ghs/23d10ac8-3134-41dd-bc63-4df80bb65af9/c34c0a13-635f-4350-a647-9a3e7a683d81.jpeg?h=225&w=225,
305247282,Tesco Potatoes With Garlic Butter 360G,https://www.tesco.com/groceries/en-GB/shop/fresh-food/all?department=Fresh%20Vegetables&viewAll=department&page=,£1.05,£2.92/kg,Any 3 for 2 Clubcard Price - Cheapest Product Free - Selected Vegetables 80g - 800g,,/groceries/en-GB/products/305247282,https://digitalcontent.api.tesco.com/v2/media/ghs/040fb42e-0ce3-49bb-93b6-ecb384ca534a/4fd09ab8-072a-45f4-9f96-aa1138a04cc5.jpeg?h=225&w=225,
311446671,Tesco Butternut Squash & Sweet Potato 350G,https://www.tesco.com/groceries/en-GB/shop/fresh-food/all?department=Fresh%20Vegetables&viewAll=department&page=,£1.35,£3.86/kg,Any 3 for 2 Clubcard Price - Cheapest Product Free - Selected Vegetables 80g - 800g,,/groceries/en-GB/products/311446671,https://digitalcontent.api.tesco.com/v2/media/ghs/2e803322-5ee5-4948-8567-6966b409c31e/d7bbf174-4724-4027-8e17-2fccda86618d.jpeg?h=225&w=225,
308449568,Tesco Potato Wedges 500G,https://www.tesco.com/groceries/en-GB/shop/fresh-food/all?department=Fresh%20Vegetables&viewAll=department&page=,£1.25,£2.50/kg,Any 3 for 2 Clubcard Price - Cheapest Product Free - Selected Vegetables 80g - 800g,,/groceries/en-GB/products/308449568,https://digitalcontent.api.tesco.com/v2/media/ghs/20a031ec-ea2d-4775-bf87-017d73dc4b10/355785db-5cd6-45d3-99f8-5023c51d068e.jpeg?h=225&w=225,
267908975,Tesco Choi Sum 200G,https://www.tesco.com/groceries/en-GB/shop/fresh-food/all?department=Fresh%20Vegetables&viewAll=department&page=,£1.20,£6.00/kg,,,/groceries/en-GB/products/267908975,https://digitalcontent.api.tesco.com/v2/media/ghs/9913e664-e13d-4eec-ac04-0fa6ab41d82f/498a8279-9f70-4b00-b443-7a46b6430968_2142889594.jpeg?h=225&w=225,
256731301,Tesco Thai Lemon Grass Minimum 2 Stems,https://www.tesco.com/groceries/en-GB/shop/fresh-food/all?department=Fresh%20Vegetables&viewAll=department&page=,£0.60,£0.30/each,,,/groceries/en-GB/products/256731301,https://digitalcontent.api.tesco.com/v2/media/ghs/52ca3ccb-2105-439c-8315-aa2dd900cd6b/edee107b-3f9e-4949-a42a-65db1942071b.jpeg?h=225&w=225,
307143735,Tesco Organic Bunched Carrots 400G,https://www.tesco.com/groceries/en-GB/shop/fresh-food/all?department=Fresh%20Vegetables&viewAll=department&page=,£1.55,£3.88/kg,,,/groceries/en-GB/products/307143735,https://digitalcontent.api.tesco.com/v2/media/ghs/c4972f14-f31f-4952-8fc3-afdae0de25c5/3b52b8d3-31bf-4d2c-a02b-b455cdcb946d.jpeg?h=225&w=225,
297394625,Tesco Leek And Potato Soup Mix 600G,https://www.tesco.com/groceries/en-GB/shop/fresh-food/all?department=Fresh%20Vegetables&viewAll=department&page=,£1.50,£2.50/kg,Any 3 for 2 Clubcard Price - Cheapest Product Free - Selected Vegetables 80g - 800g,,/groceries/en-GB/products/297394625,https://digitalcontent.api.tesco.com/v2/media/ghs/16254f7e-f627-4fe3-97e5-ba7ce4feca5e/6e1f48ff-6eba-4010-8baa-daef05bf5a4c.jpeg?h=225&w=225,
296673026,Rose Bouquet (Yellow),https://www.tesco.com/groceries/en-GB/shop/fresh-food/all?department=Fresh%20Vegetables&viewAll=department&page=,£5.00,£0.83/each,£4.00 Clubcard Price,,/groceries/en-GB/products/296673026,https://digitalcontent.api.tesco.com/v2/media/ghs/b85684e0-02cb-4011-951d-20fe3bbb5004/52b0a340-9369-419f-856a-aa7f2bd49139_2018788606.jpeg?h=225&w=225,
276775005,Tesco Cabbage & Leek 300G (C),https://www.tesco.com/groceries/en-GB/shop/fresh-food/all?department=Fresh%20Vegetables&viewAll=department&page=,£1.80,£6.00/kg,,,/groceries/en-GB/products/276775005,https://digitalcontent.api.tesco.com/v2/media/ghs/353eca94-5a3c-4bea-bb95-d7912ace5156/f3e631d8-3890-44ba-9fe2-c80ec872c7f8.jpeg?h=225&w=225,
291731559,Tesco Sizzle Flowers Bouquet,https://www.tesco.com/groceries/en-GB/shop/fresh-food/all?department=Fresh%20Vegetables&viewAll=department&page=,£3.00,£3.00/each,,,/groceries/en-GB/products/291731559,https://digitalcontent.api.tesco.com/v2/media/ghs/b524de68-9c75-474a-8873-061a27b37a1c/81ec2fbe-255d-4198-b76a-6e7b6d7179da_1556408233.jpeg?h=225&w=225,
283668681,Tesco Finest Isabella Basil Medium Pot,https://www.tesco.com/groceries/en-GB/shop/fresh-food/all?department=Fresh%20Vegetables&viewAll=department&page=,£1.70,£1.70/each,,,/groceries/en-GB/products/283668681,https://digitalcontent.api.tesco.com/v2/media/ghs/1f307e3c-1335-4b13-83b4-8e989ec59796/c1324425-7287-4479-b9e5-702820f27d48.jpeg?h=225&w=225,
256212432,Tesco Medium Pot Curled Parsley,https://www.tesco.com/groceries/en-GB/shop/fresh-food/all?department=Fresh%20Vegetables&viewAll=department&page=,£1.50,£1.50/each,,,/groceries/en-GB/products/256212432,https://digitalcontent.api.tesco.com/v2/media/ghs/8e91ebfb-3ff2-4f33-aa58-1e5c5f11a655/d41614b9-75cf-4482-88f2-c36abe7e4614.jpeg?h=225&w=225,
257574329,Tesco Medium Pot Flat Leaf Parsley,https://www.tesco.com/groceries/en-GB/shop/fresh-food/all?department=Fresh%20Vegetables&viewAll=department&page=,£1.50,£1.50/each,,,/groceries/en-GB/products/257574329,https://digitalcontent.api.tesco.com/v2/media/ghs/b12af8a6-e214-4272-b398-57d671d945f5/60ba2668-285e-4809-b2c7-704fae19449e.jpeg?h=225&w=225,
260918818,Tesco Okra 175G,https://www.tesco.com/groceries/en-GB/shop/fresh-food/all?department=Fresh%20Vegetables&viewAll=department&page=,£1.60,£9.15/kg,,,/groceries/en-GB/products/260918818,https://digitalcontent.api.tesco.com/v2/media/ghs/7492dbd6-7be3-40d9-aa36-a3c27d527fe9/5d3d3461-7f40-4e38-a7fc-f39267b324c9.jpeg?h=225&w=225,
309775266,Tesco Finest Tenderstem & Asparagus With Wild Garlic Butter 260G,https://www.tesco.com/groceries/en-GB/shop/fresh-food/all?department=Fresh%20Vegetables&viewAll=department&page=,£2.60,£10.00/kg,Any 3 for 2 Clubcard Price - Cheapest Product Free - Selected Vegetables 80g - 800g,,/groceries/en-GB/products/309775266,https://digitalcontent.api.tesco.com/v2/media/ghs/434f2cc8-ad2f-49ab-a3c5-79f09021d487/38258303-5e5b-4a2c-b023-41ac0d897bbd.jpeg?h=225&w=225,
261718731,Tesco Growing Mint Medium Pot,https://www.tesco.com/groceries/en-GB/shop/fresh-food/all?department=Fresh%20Vegetables&viewAll=department&page=,£1.50,£1.50/each,,,/groceries/en-GB/products/261718731,https://digitalcontent.api.tesco.com/v2/media/ghs/4f6c18e1-380f-4808-b94a-cd703a1fde07/af1169cc-ae35-4f82-80af-75ba87d424f6.jpeg?h=225&w=225,
309475500,Tesco Rainbow Carrots & Parsnips 600G,https://www.tesco.com/groceries/en-GB/shop/fresh-food/all?department=Fresh%20Vegetables&viewAll=department&page=,£3.00,£5.00/kg,Any 3 for 2 Clubcard Price - Cheapest Product Free - Selected Vegetables 80g - 800g,,/groceries/en-GB/products/309475500,https://digitalcontent.api.tesco.com/v2/media/ghs/b7cf7fbc-7ed2-4c34-9bbf-eecf6fc47e2e/e1ed24aa-a72f-4ea3-9dd5-0712f40034aa.jpeg?h=225&w=225,
296029780,Rose Bouquet (White),https://www.tesco.com/groceries/en-GB/shop/fresh-food/all?department=Fresh%20Vegetables&viewAll=department&page=,£5.00,£5.00/each,£4.00 Clubcard Price,,/groceries/en-GB/products/296029780,https://digitalcontent.api.tesco.com/v2/media/ghs/99f83666-ba20-41e6-a3fe-589f57ff4134/3a1347a9-9109-48eb-8275-40cdad577aed_367313951.jpeg?h=225&w=225,
293369835,Rose Bouquet (Red & Orange),https://www.tesco.com/groceries/en-GB/shop/fresh-food/all?department=Fresh%20Vegetables&viewAll=department&page=,£5.00,£5.00/each,£4.00 Clubcard Price,,/groceries/en-GB/products/293369835,https://digitalcontent.api.tesco.com/v2/media/ghs/af94a246-ba46-44f6-b461-d7a2d97f9bb4/d895afbc-2a47-4149-a1b7-39b928f2f3f1_910051968.jpeg?h=225&w=225,
302083295,You Say Potato Skinny Chips 500G,https://www.tesco.com/groceries/en-GB/shop/fresh-food/all?department=Fresh%20Vegetables&viewAll=department&page=,£1.30,£2.60/kg,Any 3 for 2 Clubcard Price - Cheapest Product Free - Selected Vegetables 80g - 800g,,/groceries/en-GB/products/302083295,https://digitalcontent.api.tesco.com/v2/media/ghs/5aeff863-96fd-475a-92ae-d14d00583092/1bf9a586-452e-4ca2-9f16-9096aedfa2d1.jpeg?h=225&w=225,
307337472,Tesco Finest Rainbow Chard. 200G,https://www.tesco.com/groceries/en-GB/shop/fresh-food/all?department=Fresh%20Vegetables&viewAll=department&page=,£1.60,£8.00/kg,,,/groceries/en-GB/products/307337472,https://digitalcontent.api.tesco.com/v2/media/ghs/3c5d0ef1-bc15-4f48-a0a0-445f1bd85d18/f6df2552-94f4-476d-adce-ff34df378281.jpeg?h=225&w=225,
264013984,Tesco Rocket Chillies 250G,https://www.tesco.com/groceries/en-GB/shop/fresh-food/all?department=Fresh%20Vegetables&viewAll=department&page=,£1.65,£6.60/kg,,,/groceries/en-GB/products/264013984,https://digitalcontent.api.tesco.com/v2/media/ghs/c92df8a0-240b-4667-885c-ed9c01f47998/7721ba0d-1d29-4707-bb4d-7b86b348ee01.jpeg?h=225&w=225,
285507466,Tesco Medium Pot Rosemary,https://www.tesco.com/groceries/en-GB/shop/fresh-food/all?department=Fresh%20Vegetables&viewAll=department&page=,£1.50,£1.50/each,,,/groceries/en-GB/products/285507466,https://digitalcontent.api.tesco.com/v2/media/ghs/49b15ea5-6146-423a-a66a-dfc3ccf7c3bc/dc20865a-36b6-4acc-b92f-d04e2987587c.jpeg?h=225&w=225,
288043433,Tesco Organic Baby Potatoes 750G,https://www.tesco.com/groceries/en-GB/shop/fresh-food/all?department=Fresh%20Vegetables&viewAll=department&page=,£1.20,£1.60/kg,,,/groceries/en-GB/products/288043433,https://digitalcontent.api.tesco.com/v2/media/ghs/30e751f8-b51a-4bd7-b87d-bf8f8595ca29/fd35db45-9970-4a4e-8037-506bb27b5baa.jpeg?h=225&w=225,
253928581,Spray Carnation Bqt(M),https://www.tesco.com/groceries/en-GB/shop/fresh-food/all?department=Fresh%20Vegetables&viewAll=department&page=,£2.50,£2.50/each,,,/groceries/en-GB/products/253928581,https://digitalcontent.api.tesco.com/v2/media/ghs/b9d7959f-bdaf-491e-a1c4-4c8e76540e2a/66d19901-156d-4071-9415-f98dca69ef47_1491636389.jpeg?h=225&w=225,
256725879,Tesco Organic Seasonal Cabbage Each,https://www.tesco.com/groceries/en-GB/shop/fresh-food/all?department=Fresh%20Vegetables&viewAll=department&page=,£1.30,£1.30/each,,,/groceries/en-GB/products/256725879,https://digitalcontent.api.tesco.com/v2/media/ghs/1a7e669d-98f8-4d07-b23f-7a1dd4141809/snapshotimagehandler_1434653414.jpeg?h=225&w=225,
310096397,Tesco Finest Exotic Mushroom Selection 220G,https://www.tesco.com/groceries/en-GB/shop/fresh-food/all?department=Fresh%20Vegetables&viewAll=department&page=,£2.50,£11.37/kg,,,/groceries/en-GB/products/310096397,https://digitalcontent.api.tesco.com/v2/media/ghs/c572c05c-e235-453e-bb3d-12e2cfb3e647/dd53f5d9-b129-4cc8-85de-0500aa151717.jpeg?h=225&w=225,
309743932,Tesco Cauliflower Florets 240G,https://www.tesco.com/groceries/en-GB/shop/fresh-food/all?department=Fresh%20Vegetables&viewAll=department&page=,£1.50,£6.25/kg,Any 3 for 2 Clubcard Price - Cheapest Product Free - Selected Vegetables 80g - 800g,,/groceries/en-GB/products/309743932,https://digitalcontent.api.tesco.com/v2/media/ghs/7b4a83ab-b4f8-4296-8acb-eede313561f3/a29260bd-cc36-4f5f-97d6-e8555a33d5f9.jpeg?h=225&w=225,
272107544,Fresh & Naked Spinach 125G,https://www.tesco.com/groceries/en-GB/shop/fresh-food/all?department=Fresh%20Vegetables&viewAll=department&page=,£1.00,£8.00/kg,,,/groceries/en-GB/products/272107544,https://digitalcontent.api.tesco.com/v2/media/ghs/330a411f-59ea-4b22-ae3e-f79ea52428fb/1d30c10b-5e98-4eaf-9aff-a855aedeae94.jpeg?h=225&w=225,
250869015,Tesco Organic Baby Corn 125G,https://www.tesco.com/groceries/en-GB/shop/fresh-food/all?department=Fresh%20Vegetables&viewAll=department&page=,£1.50,£12.00/kg,,,/groceries/en-GB/products/250869015,https://digitalcontent.api.tesco.com/v2/media/ghs/24d5d7d4-5f19-4a77-b2c1-dcafeaa43452/294f24d0-7851-479f-9b82-d7cc016e40ee.jpeg?h=225&w=225,
296029842,Small Rose Bouquet (Yellow),https://www.tesco.com/groceries/en-GB/shop/fresh-food/all?department=Fresh%20Vegetables&viewAll=department&page=,£3.00,£3.00/each,£2.50 Clubcard Price,,/groceries/en-GB/products/296029842,https://digitalcontent.api.tesco.com/v2/media/ghs/25ea1f09-a153-4451-a487-dd6e991e4283/50b96b14-d73e-40f7-9d40-a434aa8300a2_1705417078.jpeg?h=225&w=225,
293438070,Small Rose Bouquet (Red & Orange),https://www.tesco.com/groceries/en-GB/shop/fresh-food/all?department=Fresh%20Vegetables&viewAll=department&page=,£3.00,£3.00/each,£2.50 Clubcard Price,,/groceries/en-GB/products/293438070,https://digitalcontent.api.tesco.com/v2/media/ghs/e1a36e69-67c1-40d9-8efc-be1f33499585/af36531f-268d-4674-9c36-4879290fe7f3_1509644300.jpeg?h=225&w=225,
293438011,Small Rose Bouquet (Pink),https://www.tesco.com/groceries/en-GB/shop/fresh-food/all?department=Fresh%20Vegetables&viewAll=department&page=,£3.00,£3.00/each,£2.50 Clubcard Price,,/groceries/en-GB/products/293438011,https://digitalcontent.api.tesco.com/v2/media/ghs/b84a8bdb-6862-439c-a024-29448dde0e3a/a80d5bf2-4c78-4736-85ab-e74683decff8_531327906.jpeg?h=225&w=225,
312366654,Tesco Finest Baby Potatoes 360G,https://www.tesco.com/groceries/en-GB/shop/fresh-food/all?department=Fresh%20Vegetables&viewAll=department&page=,£2.00,£5.56/kg,Any 3 for 2 Clubcard Price - Cheapest Product Free - Selected Vegetables 80g - 800g,,/groceries/en-GB/products/312366654,https://digitalcontent.api.tesco.com/v2/media/ghs/772134cd-52c1-4bbd-a5f0-cddab61cbde6/93d008ba-7fe5-43a7-9fd3-003309b1c446.jpeg?h=225&w=225,
279684822,Edamame Beans 150G,https://www.tesco.com/groceries/en-GB/shop/fresh-food/all?department=Fresh%20Vegetables&viewAll=department&page=,£1.40,£9.34/kg,Any 3 for 2 Clubcard Price - Cheapest Product Free - Selected Vegetables 80g - 800g,,/groceries/en-GB/products/279684822,https://digitalcontent.api.tesco.com/v2/media/ghs/d47ec9c2-d9c5-4d9f-ac2f-b53e300f74b6/b42ac266-4ad6-46f9-8476-e268a3d6cb92.jpeg?h=225&w=225,
309763453,Tesco 2 Baking Sweet Potatoes,https://www.tesco.com/groceries/en-GB/shop/fresh-food/all?department=Fresh%20Vegetables&viewAll=department&page=,£1.30,£0.65/each,,,/groceries/en-GB/products/309763453,https://digitalcontent.api.tesco.com/v2/media/ghs/ed6f4474-9fd4-45b4-8a39-4bbc74168608/72c06ccf-f10b-4491-903d-f6f1b1454b32.jpeg?h=225&w=225,
311260671,The City Kitchen Vietnamese Sauce 150G,https://www.tesco.com/groceries/en-GB/shop/fresh-food/all?department=Fresh%20Vegetables&viewAll=department&page=,£1.25,£8.34/kg,"Stir Fry Meal Deal for £2.50 Clubcard Price - Buy 1 Stir Fry Vegetable, 1 Noodle & 1 Sauce",,/groceries/en-GB/products/311260671,https://digitalcontent.api.tesco.com/v2/media/ghs/162a547a-2d64-4b09-90a0-8696d8955ced/8738a09f-9ffd-4d00-8a91-8fe78152014b_1624126966.jpeg?h=225&w=225,
297673140,Tesco Sweet Potato Mash 400G,https://www.tesco.com/groceries/en-GB/shop/fresh-food/all?department=Fresh%20Vegetables&viewAll=department&page=,£1.50,£3.75/kg,,,/groceries/en-GB/products/297673140,https://digitalcontent.api.tesco.com/v2/media/ghs/f7393bd7-b80a-44d8-aab7-998803a0d3a4/d3250f70-dcdc-41d6-8eca-b27ae9f7f748.jpeg?h=225&w=225,
301217255,Tesco Carrot Sweetcorn & Peas Layered Vegetable 355G,https://www.tesco.com/groceries/en-GB/shop/fresh-food/all?department=Fresh%20Vegetables&viewAll=department&page=,£2.10,£5.92/kg,Any 3 for 2 Clubcard Price - Cheapest Product Free - Selected Vegetables 80g - 800g,,/groceries/en-GB/products/301217255,https://digitalcontent.api.tesco.com/v2/media/ghs/d2a732af-7431-425b-ba1b-7eea620c19d0/d06dc1f0-ec7b-4c82-8e8f-2dd665007009.jpeg?h=225&w=225,
296029820,Small Rose Bouquet (White),https://www.tesco.com/groceries/en-GB/shop/fresh-food/all?department=Fresh%20Vegetables&viewAll=department&page=,,,,,/groceries/en-GB/products/296029820,https://digitalcontent.api.tesco.com/v2/media/ghs-mktg/b0b04216-fa73-466d-a9d7-c9fcfa1ce9b3/no-image.jpeg,This product's currently out of stock
269013246,Tesco Organic White Mushrooms 320G (C),https://www.tesco.com/groceries/en-GB/shop/fresh-food/all?department=Fresh%20Vegetables&viewAll=department&page=,£1.20,£3.75/kg,,,/groceries/en-GB/products/269013246,https://digitalcontent.api.tesco.com/v2/media/ghs/e7a2177d-a4c0-4f07-ba10-befb719fe634/cefdedc4-2b21-4b55-947a-f961d7f6a4a1_1235523109.jpeg?h=225&w=225,
311448513,The City Kitchen Fire Banger Sauce 150G,https://www.tesco.com/groceries/en-GB/shop/fresh-food/all?department=Fresh%20Vegetables&viewAll=department&page=,£1.25,£8.34/kg,"Stir Fry Meal Deal for £2.50 Clubcard Price - Buy 1 Stir Fry Vegetable, 1 Noodle & 1 Sauce",,/groceries/en-GB/products/311448513,https://digitalcontent.api.tesco.com/v2/media/ghs/63c5077b-dbdf-4f7b-9616-68f55d4b4663/abb63673-45b6-422e-b931-4ce4a8f2cc13_1790845209.jpeg?h=225&w=225,
311684031,The City Kitchen Korean Bbq Sauce 150G,https://www.tesco.com/groceries/en-GB/shop/fresh-food/all?department=Fresh%20Vegetables&viewAll=department&page=,£1.25,£8.34/kg,"Stir Fry Meal Deal for £2.50 Clubcard Price - Buy 1 Stir Fry Vegetable, 1 Noodle & 1 Sauce",,/groceries/en-GB/products/311684031,https://digitalcontent.api.tesco.com/v2/media/ghs/9ba9c57f-3b09-4d3c-ad8e-f742f54a4297/c95da779-ac55-46da-89ed-c11064ed990a.jpeg?h=225&w=225,
301210896,Tesco Hand Shelled Peas 160G,https://www.tesco.com/groceries/en-GB/shop/fresh-food/all?department=Fresh%20Vegetables&viewAll=department&page=,£1.25,£7.82/kg,Any 3 for 2 Clubcard Price - Cheapest Product Free - Selected Vegetables 80g - 800g,,/groceries/en-GB/products/301210896,https://digitalcontent.api.tesco.com/v2/media/ghs/1e17ddf5-b11d-42c4-add0-c371b1bf1050/3866a1db-a146-45eb-955f-7866a87a2edf_14109226.jpeg?h=225&w=225,
287066540,Tesco Seasonal Posy Flowers Bouquet,https://www.tesco.com/groceries/en-GB/shop/fresh-food/all?department=Fresh%20Vegetables&viewAll=department&page=,£6.00,£6.00/each,,,/groceries/en-GB/products/287066540,https://digitalcontent.api.tesco.com/v2/media/ghs/0e9efef8-7218-4b00-b21c-1646ae994a5a/503d0454-5ddd-4b9e-bda4-886d40fbe7ba_790523874.jpeg?h=225&w=225,
293377128,Rose & Lily,https://www.tesco.com/groceries/en-GB/shop/fresh-food/all?department=Fresh%20Vegetables&viewAll=department&page=,,,,,/groceries/en-GB/products/293377128,,This product's currently out of stock
280404472,Tesco Purple Sprouting Broccoli 200G,https://www.tesco.com/groceries/en-GB/shop/fresh-food/all?department=Fresh%20Vegetables&viewAll=department&page=,£1.80,£9.00/kg,,,/groceries/en-GB/products/280404472,,
310106816,Tesco Finest British Roasting Potatoes 3Kg,https://www.tesco.com/groceries/en-GB/shop/fresh-food/all?department=Fresh%20Vegetables&viewAll=department&page=,£2.50,£0.83/kg,,New,/groceries/en-GB/products/310106816,https://digitalcontent.api.tesco.com/v2/media/ghs/7cd361f2-b187-4cd7-a84e-ebc1d387632d/106847e8-96c5-46f4-a4c0-97bd729fbf3d.jpeg?h=225&w=225,
305951444,Tesco Potato & Vegetable Trio 280G,https://www.tesco.com/groceries/en-GB/shop/fresh-food/all?department=Fresh%20Vegetables&viewAll=department&page=,£2.10,£7.50/kg,Any 3 for 2 Clubcard Price - Cheapest Product Free - Selected Vegetables 80g - 800g,,/groceries/en-GB/products/305951444,https://digitalcontent.api.tesco.com/v2/media/ghs/e8a0635d-8c7b-424e-996c-8a273e579c46/48c66f37-4b0d-4e5c-a0c2-8d9ee232bee8.jpeg?h=225&w=225,
293369737,Rose Bouquet (Pink),https://www.tesco.com/groceries/en-GB/shop/fresh-food/all?department=Fresh%20Vegetables&viewAll=department&page=,£5.00,£5.00/each,£4.00 Clubcard Price,,/groceries/en-GB/products/293369737,https://digitalcontent.api.tesco.com/v2/media/ghs/b903e5d7-59df-4cb4-baea-89307e331e88/dd4c7b9e-163c-4ba3-85a8-9d1a0a2e5ff4_939356412.jpeg?h=225&w=225,
292695438,Tesco Makrut Lime Leaves 2 Per Pack,https://www.tesco.com/groceries/en-GB/shop/fresh-food/all?department=Fresh%20Vegetables&viewAll=department&page=,£1.10,£0.55/each,,,/groceries/en-GB/products/292695438,https://digitalcontent.api.tesco.com/v2/media/ghs/b47048b5-9445-4290-9220-fde4b75152f4/1ae9ae21-4614-41ff-8b29-2c1ae1264652.jpeg?h=225&w=225,
304384264,Tesco Swoodles 250G,https://www.tesco.com/groceries/en-GB/shop/fresh-food/all?department=Fresh%20Vegetables&viewAll=department&page=,£1.05,£4.20/kg,"Stir Fry Meal Deal for £2.50 Clubcard Price - Buy 1 Stir Fry Vegetable, 1 Noodle & 1 Sauce",,/groceries/en-GB/products/304384264,https://digitalcontent.api.tesco.com/v2/media/ghs/99467300-fbb8-4542-875f-45808c06f400/89f00abb-155d-4278-90be-ca4eca2ed54f.jpeg?h=225&w=225,
313506350,Chop Chop Sliced Mixed Peppers 150G,https://www.tesco.com/groceries/en-GB/shop/fresh-food/all?department=Fresh%20Vegetables&viewAll=department&page=,£1.20,£8.00/kg,Any 3 for 2 Clubcard Price - Cheapest Product Free - Selected Vegetables 80g - 800g,,/groceries/en-GB/products/313506350,https://digitalcontent.api.tesco.com/v2/media/ghs/9b52ee8c-26e9-4954-a924-bf084873c6a0/54aba632-5136-460f-bfeb-d76fd0a423b3.jpeg?h=225&w=225,
312573322,Tesco Tomato & Basil Flavoured Pulse Mix 25G,https://www.tesco.com/groceries/en-GB/shop/fresh-food/all?department=Fresh%20Vegetables&viewAll=department&page=,£0.60,£2.40/100g,Any 3 for 2 Clubcard Price - Cheapest Product Free - Selected Tesco Dried Fruit Or Nuts,,/groceries/en-GB/products/312573322,https://digitalcontent.api.tesco.com/v2/media/ghs/6df77f50-fdc1-48ca-9dd7-d21babfc3287/94a1e7b7-6115-4392-bce2-757982374435_424417689.jpeg?h=225&w=225,
289765781,Tesco Herbs Great For Roasting 30G,https://www.tesco.com/groceries/en-GB/shop/fresh-food/all?department=Fresh%20Vegetables&viewAll=department&page=,£0.60,£0.20/10g,,,/groceries/en-GB/products/289765781,https://digitalcontent.api.tesco.com/v2/media/ghs/7f4a7ed3-2f6c-4b91-ab32-82c2a4f1e9e4/1530f48b-774b-49ae-99d0-13d01f7958f1_1700566850.jpeg?h=225&w=225,
257479195,Tesco Organic Cauliflower Each Class 2,https://www.tesco.com/groceries/en-GB/shop/fresh-food/all?department=Fresh%20Vegetables&viewAll=department&page=,£1.80,£1.80/each,,,/groceries/en-GB/products/257479195,https://digitalcontent.api.tesco.com/v2/media/ghs/c4f1138c-68ee-49a4-97ac-3060a522a4b8/18d048f4-0e25-4ecf-8a89-c1ea9c5186d3_232345828.jpeg?h=225&w=225,
302065553,Tesco Prepared Vegetable Selection Serves 4,https://www.tesco.com/groceries/en-GB/shop/fresh-food/all?department=Fresh%20Vegetables&viewAll=department&page=,£13.00,£4.82/kg,,,/groceries/en-GB/products/302065553,https://digitalcontent.api.tesco.com/v2/media/ghs/a2d5f53c-91b0-4d59-b60b-791867bc6b9a/9ee032ab-ffea-4557-aec6-f2af362ada77.jpeg?h=225&w=225,
302063457,Tesco Finest Stuffed Half Butternut Squash Serves 4,https://www.tesco.com/groceries/en-GB/shop/fresh-food/all?department=Fresh%20Vegetables&viewAll=department&page=,£10.00,£1.54/100g,,,/groceries/en-GB/products/302063457,https://digitalcontent.api.tesco.com/v2/media/ghs/f2c4dd9b-6490-45f3-be88-724731e9fc36/e9327c6c-2c4c-4a1a-bcc3-8c568b06794b.jpeg?h=225&w=225,
294203149,Tesco Ready to Cook Fresh Vegetable Selection Serves 6,https://www.tesco.com/groceries/en-GB/shop/fresh-food/all?department=Fresh%20Vegetables&viewAll=department&page=,£8.50,£0.27/100g,,,/groceries/en-GB/products/294203149,https://digitalcontent.api.tesco.com/v2/media/ghs/e8ca34bf-69b0-4085-b7c9-910aedb287dd/9a1a78b5-3f1d-4425-b77c-befb1fc1bcd8.jpeg?h=225&w=225,
304369156,"Tesco Finest Carrot, Potato & Butternut Squash Gratin Serves 4",https://www.tesco.com/groceries/en-GB/shop/fresh-food/all?department=Fresh%20Vegetables&viewAll=department&page=,£6.50,£0.81/100g,,,/groceries/en-GB/products/304369156,https://digitalcontent.api.tesco.com/v2/media/ghs/bf95db95-0366-4ff5-921d-581179990d5f/cc1283dc-e0db-4815-a2fc-ebf92f26a7d2.jpeg?h=225&w=225,
309202594,Tesco Finest Tomatoes On The Vine 450G,https://www.tesco.com/groceries/en-GB/shop/fresh-food/all?department=Fresh%20Salad%2C%20Coleslaw%20%26%20Sandwich%20Fillers&viewAll=department&page=,£2.00,£4.45/kg,,,/groceries/en-GB/products/309202594,https://digitalcontent.api.tesco.com/v2/media/ghs/63fd8228-d98a-4321-9755-8679d8d2cf0a/fc4cbd55-5a91-453b-a300-2dcaabcfd9a5.jpeg?h=225&w=225,
304395549,Tesco Finest Coleslaw 300G,https://www.tesco.com/groceries/en-GB/shop/fresh-food/all?department=Fresh%20Salad%2C%20Coleslaw%20%26%20Sandwich%20Fillers&viewAll=department&page=,£1.60,£0.53/100g,,,/groceries/en-GB/products/304395549,https://digitalcontent.api.tesco.com/v2/media/ghs/303e9633-8823-41aa-b180-50dde9a0272f/59bf07c6-ef65-4b06-97d2-e6f262074366.jpeg?h=225&w=225,
260083981,Tesco Houmous 200G,https://www.tesco.com/groceries/en-GB/shop/fresh-food/all?department=Fresh%20Salad%2C%20Coleslaw%20%26%20Sandwich%20Fillers&viewAll=department&page=,£1.20,£0.60/100g,Any 2 for £2 Clubcard Price - Selected Tesco Dips 163g - 211g,,/groceries/en-GB/products/260083981,https://digitalcontent.api.tesco.com/v2/media/ghs/730e21f1-e9ab-424c-b3f8-ddee56a0833c/2a3f386b-962f-4ceb-879f-54a54f9cfee1.jpeg?h=225&w=225,
299963865,Tesco Wild Rocket 60G,https://www.tesco.com/groceries/en-GB/shop/fresh-food/all?department=Fresh%20Salad%2C%20Coleslaw%20%26%20Sandwich%20Fillers&viewAll=department&page=,£1.05,£1.75/100g,,,/groceries/en-GB/products/299963865,https://digitalcontent.api.tesco.com/v2/media/ghs/7fecafd7-d1ba-47cb-8329-3e65b44f05e4/395526fa-79d6-4e5e-bb2a-52814bd3b29a.jpeg?h=225&w=225,
268312543,Tesco Peppery Babyleaf Rocket Salad 90G,https://www.tesco.com/groceries/en-GB/shop/fresh-food/all?department=Fresh%20Salad%2C%20Coleslaw%20%26%20Sandwich%20Fillers&viewAll=department&page=,£1.25,£1.39/100g,,,/groceries/en-GB/products/268312543,https://digitalcontent.api.tesco.com/v2/media/ghs/43401169-e862-447e-bc9b-b61764dda4ef/94916f0a-2044-4160-80cd-3f421839d9f3.jpeg?h=225&w=225,
308091212,Tesco Finest Piccobella Tomatoes 220G,https://www.tesco.com/groceries/en-GB/shop/fresh-food/all?department=Fresh%20Salad%2C%20Coleslaw%20%26%20Sandwich%20Fillers&viewAll=department&page=,£1.75,£7.96/kg,,,/groceries/en-GB/products/308091212,https://digitalcontent.api.tesco.com/v2/media/ghs/55d0dbcc-3229-4b36-9bdc-858bae9f354b/8b35a40a-2037-4451-89f4-7778a5716e8c.jpeg?h=225&w=225,
276252774,Tesco Finest Coleslaw 180G,https://www.tesco.com/groceries/en-GB/shop/fresh-food/all?department=Fresh%20Salad%2C%20Coleslaw%20%26%20Sandwich%20Fillers&viewAll=department&page=,£1.10,£0.61/100g,,,/groceries/en-GB/products/276252774,https://digitalcontent.api.tesco.com/v2/media/ghs/5234539c-7cf7-41d9-ba5d-70d82ff19410/f9efebe3-cf22-443f-b226-aa2e884ea6a9.jpeg?h=225&w=225,
304369719,Tesco Babyleaf Salad 90G,https://www.tesco.com/groceries/en-GB/shop/fresh-food/all?department=Fresh%20Salad%2C%20Coleslaw%20%26%20Sandwich%20Fillers&viewAll=department&page=,£1.05,£1.17/100g,,,/groceries/en-GB/products/304369719,https://digitalcontent.api.tesco.com/v2/media/ghs/967d0278-bcbe-4609-97c1-9c9cbeaa63a0/c551f7bb-76fd-4779-81da-6eaca16c7927.jpeg?h=225&w=225,
308481534,Tesco Finest Sugarbelle Tomatoes 220G,https://www.tesco.com/groceries/en-GB/shop/fresh-food/all?department=Fresh%20Salad%2C%20Coleslaw%20%26%20Sandwich%20Fillers&viewAll=department&page=,£1.75,£7.96/kg,,,/groceries/en-GB/products/308481534,https://digitalcontent.api.tesco.com/v2/media/ghs/1002727a-c176-4776-90ef-8e77c772cf38/54894ca3-e0d7-46e1-b2c0-6c9d0436176c.jpeg?h=225&w=225,
253559297,Ginger Root Loose,https://www.tesco.com/groceries/en-GB/shop/fresh-food/all?department=Fresh%20Salad%2C%20Coleslaw%20%26%20Sandwich%20Fillers&viewAll=department&page=,£0.53,£5.25/kg,,,/groceries/en-GB/products/253559297,https://digitalcontent.api.tesco.com/v2/media/ghs/0e164bf2-56ac-4988-9da8-2ca90541a947/13e20cd8-2e87-41cf-9153-2450d181f98c.jpeg?h=225&w=225,
297888940,Tesco Finest Sweet & Fiery Beetroot 180G,https://www.tesco.com/groceries/en-GB/shop/fresh-food/all?department=Fresh%20Salad%2C%20Coleslaw%20%26%20Sandwich%20Fillers&viewAll=department&page=,£1.60,£8.89/kg,,,/groceries/en-GB/products/297888940,https://digitalcontent.api.tesco.com/v2/media/ghs/5a2af6e6-4413-4c67-a9c8-929916cbc0f8/be239cc0-2fb9-4f05-895a-84a7586f358c.jpeg?h=225&w=225,
292593115,Tesco Mixed Leaf Salad 120G,https://www.tesco.com/groceries/en-GB/shop/fresh-food/all?department=Fresh%20Salad%2C%20Coleslaw%20%26%20Sandwich%20Fillers&viewAll=department&page=,£1.05,£0.88/100g,,,/groceries/en-GB/products/292593115,https://digitalcontent.api.tesco.com/v2/media/ghs/6a171885-2bce-40fd-ab26-492911156ac5/a62a1691-1f30-47fa-a9ce-40117efe3dbf.jpeg?h=225&w=225,
280379906,Tesco Whole Large Cucumber,https://www.tesco.com/groceries/en-GB/shop/fresh-food/all?department=Fresh%20Salad%2C%20Coleslaw%20%26%20Sandwich%20Fillers&viewAll=department&page=,£0.95,£1.73/kg,Aldi Price Match,,/groceries/en-GB/products/280379906,https://digitalcontent.api.tesco.com/v2/media/ghs/7d360746-59cf-4429-aa9c-5704f722bb9b/a2a5ad0f-7852-45c0-ae1c-77471dee7cde_1301977278.jpeg?h=225&w=225,
305834203,Tesco Sweet Vine Ripened Tomatoes 255G,https://www.tesco.com/groceries/en-GB/shop/fresh-food/all?department=Fresh%20Salad%2C%20Coleslaw%20%26%20Sandwich%20Fillers&viewAll=department&page=,£1.25,£4.91/kg,,,/groceries/en-GB/products/305834203,https://digitalcontent.api.tesco.com/v2/media/ghs/a2827d2a-b980-451f-85c5-8e65deee7866/9f0456c2-2414-4077-9542-bcad80f4bb8e.jpeg?h=225&w=225,
304401971,Tesco Baby Spinach 220G,https://www.tesco.com/groceries/en-GB/shop/fresh-food/all?department=Fresh%20Salad%2C%20Coleslaw%20%26%20Sandwich%20Fillers&viewAll=department&page=,£1.25,£0.57/100g,,,/groceries/en-GB/products/304401971,https://digitalcontent.api.tesco.com/v2/media/ghs/76892f39-a7c5-4691-8e06-754056107fb3/ec2d4d0e-23c6-4829-bda8-391f79137116.jpeg?h=225&w=225,
267459342,Tesco Baby Plum Tomatoes 325G,https://www.tesco.com/groceries/en-GB/shop/fresh-food/all?department=Fresh%20Salad%2C%20Coleslaw%20%26%20Sandwich%20Fillers&viewAll=department&page=,£1.00,£3.08/kg,,,/groceries/en-GB/products/267459342,https://digitalcontent.api.tesco.com/v2/media/ghs/948d0c45-467b-40f2-8674-f864e8bb9c58/78359e74-f136-4d2a-9409-e507e1d83d25.jpeg?h=225&w=225,
253560041,Tesco Little Gem Lettuce 2 Pack,https://www.tesco.com/groceries/en-GB/shop/fresh-food/all?department=Fresh%20Salad%2C%20Coleslaw%20%26%20Sandwich%20Fillers&viewAll=department&page=,£0.85,£0.42/each,,,/groceries/en-GB/products/253560041,https://digitalcontent.api.tesco.com/v2/media/ghs/7c166e4d-5f16-451f-8e9a-862ad71d0b0c/63f16704-94ed-4cfc-8bf9-a2f2e579b36f.jpeg?h=225&w=225,
253558972,Tesco Cucumber Whole Each,https://www.tesco.com/groceries/en-GB/shop/fresh-food/all?department=Fresh%20Salad%2C%20Coleslaw%20%26%20Sandwich%20Fillers&viewAll=department&page=,£0.69,£0.69/each,Aldi Price Match,,/groceries/en-GB/products/253558972,https://digitalcontent.api.tesco.com/v2/media/ghs/17208da9-0409-4c45-8def-a8fc1284b5e6/81c0db58-f1fc-4115-bd52-beb45c181ecc.jpeg?h=225&w=225,
265299741,T.Ripe & Ready Twin Pack Avocados,https://www.tesco.com/groceries/en-GB/shop/fresh-food/all?department=Fresh%20Salad%2C%20Coleslaw%20%26%20Sandwich%20Fillers&viewAll=department&page=,£1.50,£0.75/each,,,/groceries/en-GB/products/265299741,https://digitalcontent.api.tesco.com/v2/media/ghs/24b31afe-e48a-47ed-b101-8d73f3c8d39d/d3394734-d934-4221-897b-dfd173be056a.jpeg?h=225&w=225,
295673143,Tesco Sweet Peppers 500G,https://www.tesco.com/groceries/en-GB/shop/fresh-food/all?department=Fresh%20Salad%2C%20Coleslaw%20%26%20Sandwich%20Fillers&viewAll=department&page=,£1.50,£3.00/kg,,,/groceries/en-GB/products/295673143,https://digitalcontent.api.tesco.com/v2/media/ghs/c4a28e74-835a-43c4-8127-0419e3806fcc/ebf984f6-a33f-4402-949a-842d3934864b.jpeg?h=225&w=225,
296057883,Nightingale Farms Peppers 375G,https://www.tesco.com/groceries/en-GB/shop/fresh-food/all?department=Fresh%20Salad%2C%20Coleslaw%20%26%20Sandwich%20Fillers&viewAll=department&page=,£1.25,£3.34/kg,Aldi Price Match,,/groceries/en-GB/products/296057883,https://digitalcontent.api.tesco.com/v2/media/ghs/00e57d32-e1bd-4215-a6e5-574f78a648a6/c44a5776-6295-49da-b6af-c6c66178c23e_1450704491.jpeg?h=225&w=225,
292663718,Tesco Baby Cucumbers 200G,https://www.tesco.com/groceries/en-GB/shop/fresh-food/all?department=Fresh%20Salad%2C%20Coleslaw%20%26%20Sandwich%20Fillers&viewAll=department&page=,£1.00,£5.00/kg,,,/groceries/en-GB/products/292663718,https://digitalcontent.api.tesco.com/v2/media/ghs/6c47a1e6-0f66-400a-b076-fcfaabebd5b5/41ed1230-5bbb-4511-8b60-c302b2408563.jpeg?h=225&w=225,
308490189,Tesco Tomatoes On The Vine 500G,https://www.tesco.com/groceries/en-GB/shop/fresh-food/all?department=Fresh%20Salad%2C%20Coleslaw%20%26%20Sandwich%20Fillers&viewAll=department&page=,,,,,/groceries/en-GB/products/308490189,https://digitalcontent.api.tesco.com/v2/media/ghs/2e69ee33-2148-4d9e-9cf6-ec65ce5ebe78/cd51e464-108f-4e85-9336-ce505c68f523.jpeg?h=225&w=225,This product's currently out of stock
282997799,Tesco Salad Tomatoes 6 Pack,https://www.tesco.com/groceries/en-GB/shop/fresh-food/all?department=Fresh%20Salad%2C%20Coleslaw%20%26%20Sandwich%20Fillers&viewAll=department&page=,£0.85,£2.37/kg,Aldi Price Match,,/groceries/en-GB/products/282997799,,
304412981,Tesco Sweet & Crunchy Salad 250G,https://www.tesco.com/groceries/en-GB/shop/fresh-food/all?department=Fresh%20Salad%2C%20Coleslaw%20%26%20Sandwich%20Fillers&viewAll=department&page=,£0.75,£0.30/100g,Aldi Price Match,,/groceries/en-GB/products/304412981,https://digitalcontent.api.tesco.com/v2/media/ghs/3dba9940-a251-45d7-a1f5-a706987ccbe0/37ff30cc-c34d-4f73-b55d-425278eb3d5c.jpeg?h=225&w=225,
265299361,T.Ready To Eat Large Avocados Each,https://www.tesco.com/groceries/en-GB/shop/fresh-food/all?department=Fresh%20Salad%2C%20Coleslaw%20%26%20Sandwich%20Fillers&viewAll=department&page=,£0.89,£0.89/each,Aldi Price Match,,/groceries/en-GB/products/265299361,https://digitalcontent.api.tesco.com/v2/media/ghs/22457fcd-77b7-4be7-8f77-1a3f8fd64512/7b928d3d-326e-4860-90c5-63e97f8ba267.jpeg?h=225&w=225,
292213365,Nightingale Farms Baby Plum Tomatoes 250G,https://www.tesco.com/groceries/en-GB/shop/fresh-food/all?department=Fresh%20Salad%2C%20Coleslaw%20%26%20Sandwich%20Fillers&viewAll=department&page=,£0.69,£2.76/kg,Aldi Price Match,,/groceries/en-GB/products/292213365,https://digitalcontent.api.tesco.com/v2/media/ghs/66a0fc8d-675d-419f-be56-867506cd45ed/bc5848e7-d4fc-4975-aa1b-4593b88c03f2_827040087.jpeg?h=225&w=225,
285212132,Tesco Cherry Tomatoes 330G,https://www.tesco.com/groceries/en-GB/shop/fresh-food/all?department=Fresh%20Salad%2C%20Coleslaw%20%26%20Sandwich%20Fillers&viewAll=department&page=,£0.90,£2.73/kg,,,/groceries/en-GB/products/285212132,https://digitalcontent.api.tesco.com/v2/media/ghs/8cbe4a98-1c7e-415d-b9e4-fafe44682c32/2a5e68d8-bbf9-4278-a00a-550fc3daa473.jpeg?h=225&w=225,
292686490,Tesco Fresh Cut Coriander 30G,https://www.tesco.com/groceries/en-GB/shop/fresh-food/all?department=Fresh%20Salad%2C%20Coleslaw%20%26%20Sandwich%20Fillers&viewAll=department&page=,£0.52,£0.17/10g,Aldi Price Match,,/groceries/en-GB/products/292686490,https://digitalcontent.api.tesco.com/v2/media/ghs/356289f9-cb7a-4a9c-ad4b-a3c0ae7018a7/b62f93e0-6548-43d2-a5dd-f73f6e979bc3.jpeg?h=225&w=225,
264534350,Tesco Sweet Gem Lettuce,https://www.tesco.com/groceries/en-GB/shop/fresh-food/all?department=Fresh%20Salad%2C%20Coleslaw%20%26%20Sandwich%20Fillers&viewAll=department&page=,£1.00,£0.50/each,,,/groceries/en-GB/products/264534350,https://digitalcontent.api.tesco.com/v2/media/ghs/dfbabcea-5642-4b6b-945b-29498188dddd/a04f1bd3-b5f7-4c11-b322-e0b1e5255cfe.jpeg?h=225&w=225,
305943990,Tesco Celery Sticks 250G,https://www.tesco.com/groceries/en-GB/shop/fresh-food/all?department=Fresh%20Salad%2C%20Coleslaw%20%26%20Sandwich%20Fillers&viewAll=department&page=,£0.85,£3.40/kg,,,/groceries/en-GB/products/305943990,https://digitalcontent.api.tesco.com/v2/media/ghs/4d7a5bee-2b1f-46d1-ba50-0b2283ad7f9f/08f650d2-cd3f-4cc4-bff2-8862a5cfb207.jpeg?h=225&w=225,
281035500,Tesco Bunched Spring Onions 100G,https://www.tesco.com/groceries/en-GB/shop/fresh-food/all?department=Fresh%20Salad%2C%20Coleslaw%20%26%20Sandwich%20Fillers&viewAll=department&page=,£0.49,£4.90/kg,Aldi Price Match,,/groceries/en-GB/products/281035500,https://digitalcontent.api.tesco.com/v2/media/ghs/ba731e60-06f1-4add-bdb4-c9baf2596e3c/5e30dcd1-0efe-486b-8553-956fb08a03b7.jpeg?h=225&w=225,
254797214,Tesco Romaine Lettuce Hearts 2 Pack,https://www.tesco.com/groceries/en-GB/shop/fresh-food/all?department=Fresh%20Salad%2C%20Coleslaw%20%26%20Sandwich%20Fillers&viewAll=department&page=,£1.00,£0.50/each,,,/groceries/en-GB/products/254797214,https://digitalcontent.api.tesco.com/v2/media/ghs/05413c8e-331e-4162-bf58-5db9f05a1d7b/46d53107-a431-46ff-af3a-d295559eea3a_1590838071.jpeg?h=225&w=225,
258421636,Red Peppers Each Class 1,https://www.tesco.com/groceries/en-GB/shop/fresh-food/all?department=Fresh%20Salad%2C%20Coleslaw%20%26%20Sandwich%20Fillers&viewAll=department&page=,£0.48,£0.48/each,,,/groceries/en-GB/products/258421636,https://digitalcontent.api.tesco.com/v2/media/ghs/ddfa2a0e-ec45-49b8-99d2-3896f0df6e96/snapshotimagehandler_1601705053.jpeg?h=225&w=225,
253557495,Iceberg Lettuce Each,https://www.tesco.com/groceries/en-GB/shop/fresh-food/all?department=Fresh%20Salad%2C%20Coleslaw%20%26%20Sandwich%20Fillers&viewAll=department&page=,£0.60,£0.60/each,Aldi Price Match,,/groceries/en-GB/products/253557495,https://digitalcontent.api.tesco.com/v2/media/ghs/37e014a2-7e37-4199-8d05-4b4c71f2e814/1b2bfc5b-2d7d-4b4e-a9ae-67f30c5a3179.jpeg?h=225&w=225,
258905427,Yellow Peppers Each Class 1,https://www.tesco.com/groceries/en-GB/shop/fresh-food/all?department=Fresh%20Salad%2C%20Coleslaw%20%26%20Sandwich%20Fillers&viewAll=department&page=,£0.48,£0.48/each,,,/groceries/en-GB/products/258905427,https://digitalcontent.api.tesco.com/v2/media/ghs/713de93d-0abc-4868-bf5a-3cbc7b21586d/snapshotimagehandler_1338435267.jpeg?h=225&w=225,
292695686,Tesco Cut Basil 30G,https://www.tesco.com/groceries/en-GB/shop/fresh-food/all?department=Fresh%20Salad%2C%20Coleslaw%20%26%20Sandwich%20Fillers&viewAll=department&page=,£0.52,£0.17/10g,Aldi Price Match,,/groceries/en-GB/products/292695686,https://digitalcontent.api.tesco.com/v2/media/ghs/cdecf106-4e3d-4ff7-b102-e0f30f1fba26/9456edc0-0055-481a-97d5-7b887932a667.jpeg?h=225&w=225,
258270595,Green Peppers Each Class 1,https://www.tesco.com/groceries/en-GB/shop/fresh-food/all?department=Fresh%20Salad%2C%20Coleslaw%20%26%20Sandwich%20Fillers&viewAll=department&page=,£0.48,£0.48/each,,,/groceries/en-GB/products/258270595,https://digitalcontent.api.tesco.com/v2/media/ghs/61ad2a29-f43e-407f-b49c-5d8a161143ab/snapshotimagehandler_308214006.jpeg?h=225&w=225,
292213267,Nightingale Farms Cherry Tomatoes 250G,https://www.tesco.com/groceries/en-GB/shop/fresh-food/all?department=Fresh%20Salad%2C%20Coleslaw%20%26%20Sandwich%20Fillers&viewAll=department&page=,£0.57,£2.28/kg,Aldi Price Match,,/groceries/en-GB/products/292213267,https://digitalcontent.api.tesco.com/v2/media/ghs/efa21c3f-7b6f-457e-af44-2181ad737350/02290554-6aa8-4a1d-9934-adf938805ca8_1529578259.jpeg?h=225&w=225,
311672834,Tesco Celery,https://www.tesco.com/groceries/en-GB/shop/fresh-food/all?department=Fresh%20Salad%2C%20Coleslaw%20%26%20Sandwich%20Fillers&viewAll=department&page=,,,,,/groceries/en-GB/products/311672834,https://digitalcontent.api.tesco.com/v2/media/ghs/84d669ab-02f0-409f-ab05-2f8eb957b56e/4802daae-7f1b-4e31-9f50-ff92f30e2192.jpeg?h=225&w=225,This product's currently out of stock
255412675,Tesco Houmous 300G,https://www.tesco.com/groceries/en-GB/shop/fresh-food/all?department=Fresh%20Salad%2C%20Coleslaw%20%26%20Sandwich%20Fillers&viewAll=department&page=,£1.50,£0.50/100g,,,/groceries/en-GB/products/255412675,https://digitalcontent.api.tesco.com/v2/media/ghs/7adea2f0-212d-49c5-8e2b-b6dcd4017f5c/ff534747-d0ec-418a-8b0e-db89f210bc79.jpeg?h=225&w=225,
296016650,Tesco Creamy Caesar Salad 262G,https://www.tesco.com/groceries/en-GB/shop/fresh-food/all?department=Fresh%20Salad%2C%20Coleslaw%20%26%20Sandwich%20Fillers&viewAll=department&page=,£2.00,£0.76/100g,,,/groceries/en-GB/products/296016650,https://digitalcontent.api.tesco.com/v2/media/ghs/f50f67b4-0fea-4b2e-b009-359eb83530a0/548390e0-fc9d-4b47-9c57-78df04cd7e79.jpeg?h=225&w=225,
311793754,Tesco Ripen At Home Avocados 3Pack,https://www.tesco.com/groceries/en-GB/shop/fresh-food/all?department=Fresh%20Salad%2C%20Coleslaw%20%26%20Sandwich%20Fillers&viewAll=department&page=,£1.80,£0.60/each,,,/groceries/en-GB/products/311793754,https://digitalcontent.api.tesco.com/v2/media/ghs/2b038037-0f65-4ae8-bd51-79d400456a1f/fde3844d-c2cd-4fb5-aade-4d31b3acaae4.jpeg?h=225&w=225,
292704781,Tesco Watercress Spinach & Rocket 80G,https://www.tesco.com/groceries/en-GB/shop/fresh-food/all?department=Fresh%20Salad%2C%20Coleslaw%20%26%20Sandwich%20Fillers&viewAll=department&page=,£1.25,£1.57/100g,,,/groceries/en-GB/products/292704781,https://digitalcontent.api.tesco.com/v2/media/ghs/fb56588f-8c9a-46af-9c45-2062fa35e5f0/c307f0cd-77ed-48ba-9c75-ce416058c401.jpeg?h=225&w=225,
267917077,Tesco Beetroot Salad 160G,https://www.tesco.com/groceries/en-GB/shop/fresh-food/all?department=Fresh%20Salad%2C%20Coleslaw%20%26%20Sandwich%20Fillers&viewAll=department&page=,£1.35,£0.84/100g,£1.00 Clubcard Price,,/groceries/en-GB/products/267917077,https://digitalcontent.api.tesco.com/v2/media/ghs/c8f97f75-885e-47f7-b114-26977d54dd8c/503e59ee-ef17-48bb-97e5-cf7c787fce3b.jpeg?h=225&w=225,
288879849,Florette Classic Crispy Salad 170G,https://www.tesco.com/groceries/en-GB/shop/fresh-food/all?department=Fresh%20Salad%2C%20Coleslaw%20%26%20Sandwich%20Fillers&viewAll=department&page=,£1.70,£1.00/100g,£1.25 Clubcard Price,,/groceries/en-GB/products/288879849,https://digitalcontent.api.tesco.com/v2/media/ghs/b1421764-98d9-466c-bdc8-530e6fa78f6a/a5c3c921-a1a8-420b-9378-5e0c50d370d5.jpeg?h=225&w=225,
260258101,Tesco Organic Houmous 200G,https://www.tesco.com/groceries/en-GB/shop/fresh-food/all?department=Fresh%20Salad%2C%20Coleslaw%20%26%20Sandwich%20Fillers&viewAll=department&page=,£1.20,£0.60/100g,Any 2 for £2 Clubcard Price - Selected Tesco Dips 163g - 211g,,/groceries/en-GB/products/260258101,https://digitalcontent.api.tesco.com/v2/media/ghs/e3a43f9d-5fcc-480e-9899-ef52a7b86227/657819c2-0478-452c-8f62-dfb43c85e481.jpeg?h=225&w=225,
260084012,Tesco Reduced Fat Houmous Dip 200G,https://www.tesco.com/groceries/en-GB/shop/fresh-food/all?department=Fresh%20Salad%2C%20Coleslaw%20%26%20Sandwich%20Fillers&viewAll=department&page=,£1.20,£0.60/100g,Any 2 for £2 Clubcard Price - Selected Tesco Dips 163g - 211g,,/groceries/en-GB/products/260084012,,
254999782,Beef Tomatoes Each,https://www.tesco.com/groceries/en-GB/shop/fresh-food/all?department=Fresh%20Salad%2C%20Coleslaw%20%26%20Sandwich%20Fillers&viewAll=department&page=,£0.85,£0.85/each,,,/groceries/en-GB/products/254999782,https://digitalcontent.api.tesco.com/v2/media/ghs/f2d8aa28-389f-41aa-8c52-1c2e9bdde0ef/b68cbc80-4d24-479c-ba9b-7dae2735bd01.jpeg?h=225&w=225,
263388823,Tesco Ginger 125G,https://www.tesco.com/groceries/en-GB/shop/fresh-food/all?department=Fresh%20Salad%2C%20Coleslaw%20%26%20Sandwich%20Fillers&viewAll=department&page=,£1.05,£8.40/kg,,,/groceries/en-GB/products/263388823,https://digitalcontent.api.tesco.com/v2/media/ghs/fec3fb79-2aa9-413b-acab-554fcd78eab4/56755150-d2a3-4f98-84fd-00b2051c212e.jpeg?h=225&w=225,
280677375,Tesco Caramelised Onion Houmous 182G,https://www.tesco.com/groceries/en-GB/shop/fresh-food/all?department=Fresh%20Salad%2C%20Coleslaw%20%26%20Sandwich%20Fillers&viewAll=department&page=,£1.20,£0.66/100g,Any 2 for £2 Clubcard Price - Selected Tesco Dips 163g - 211g,,/groceries/en-GB/products/280677375,https://digitalcontent.api.tesco.com/v2/media/ghs/6d7f59b4-33ad-452e-bd8d-5dfc299efe53/23b239fd-24a1-4358-adf3-28acd2e89388.jpeg?h=225&w=225,
252474219,Tesco Coriander 100G,https://www.tesco.com/groceries/en-GB/shop/fresh-food/all?department=Fresh%20Salad%2C%20Coleslaw%20%26%20Sandwich%20Fillers&viewAll=department&page=,£1.25,£0.12/10g,,,/groceries/en-GB/products/252474219,https://digitalcontent.api.tesco.com/v2/media/ghs/801d4b5b-a8c9-4e5f-9d99-b1ecf68b00c4/65c16c7e-51b9-480e-afc6-03db450c076f.jpeg?h=225&w=225,
287593399,Tesco Finest Mixed Baby Tomatoes 250G,https://www.tesco.com/groceries/en-GB/shop/fresh-food/all?department=Fresh%20Salad%2C%20Coleslaw%20%26%20Sandwich%20Fillers&viewAll=department&page=,£1.75,£7.00/kg,,,/groceries/en-GB/products/287593399,https://digitalcontent.api.tesco.com/v2/media/ghs/72357083-8455-41c6-b638-9670c9ca887e/9b83dd83-48d6-4545-a7ce-ac791bbbb633.jpeg?h=225&w=225,
251298216,Tesco Finest Sweet Pointed Peppers 220G,https://www.tesco.com/groceries/en-GB/shop/fresh-food/all?department=Fresh%20Salad%2C%20Coleslaw%20%26%20Sandwich%20Fillers&viewAll=department&page=,£1.60,£7.28/kg,,,/groceries/en-GB/products/251298216,https://digitalcontent.api.tesco.com/v2/media/ghs/27f2da6c-b994-4e00-b8a0-c5bc378b8420/89a2fee9-e505-479a-9b97-add5fb8c16ad.jpeg?h=225&w=225,
267315167,Fresh & Naked Just Lambs Lettuce 60G,https://www.tesco.com/groceries/en-GB/shop/fresh-food/all?department=Fresh%20Salad%2C%20Coleslaw%20%26%20Sandwich%20Fillers&viewAll=department&page=,£1.00,£16.67/kg,,,/groceries/en-GB/products/267315167,https://digitalcontent.api.tesco.com/v2/media/ghs/bc3ecc9e-904a-48a4-8dd2-cef7dbf0b73b/6a0d31d0-6479-40f6-bac2-daca647dcaa0.jpeg?h=225&w=225,
267315115,Fresh & Naked Just Wild Rocket 60G,https://www.tesco.com/groceries/en-GB/shop/fresh-food/all?department=Fresh%20Salad%2C%20Coleslaw%20%26%20Sandwich%20Fillers&viewAll=department&page=,£1.00,£16.67/kg,,,/groceries/en-GB/products/267315115,https://digitalcontent.api.tesco.com/v2/media/ghs/4962a50a-40f1-4f35-afbe-c70b42d7d5c8/5e538191-30d5-43e2-93b2-b74a990e118a.jpeg?h=225&w=225,
299936679,Tesco Mild Salsa 200G ..,https://www.tesco.com/groceries/en-GB/shop/fresh-food/all?department=Fresh%20Salad%2C%20Coleslaw%20%26%20Sandwich%20Fillers&viewAll=department&page=,£1.20,£0.60/100g,Any 2 for £2 Clubcard Price - Selected Tesco Dips 163g - 211g,,/groceries/en-GB/products/299936679,https://digitalcontent.api.tesco.com/v2/media/ghs/b836b682-fa42-49bd-a96e-5680cdd44a85/c290a09c-c98c-4e69-99f7-0f00fe051716.jpeg?h=225&w=225,
301200279,Tesco Reduced Fat Coleslaw 300G,https://www.tesco.com/groceries/en-GB/shop/fresh-food/all?department=Fresh%20Salad%2C%20Coleslaw%20%26%20Sandwich%20Fillers&viewAll=department&page=,£1.00,£0.33/100g,,,/groceries/en-GB/products/301200279,https://digitalcontent.api.tesco.com/v2/media/ghs/ea030cfc-a95d-432f-baea-c1b0e5231a85/b88043f0-367e-4004-acc2-5d449ab0476d.jpeg?h=225&w=225,
260249776,Tesco Sour Cream & Chive Dip 200G,https://www.tesco.com/groceries/en-GB/shop/fresh-food/all?department=Fresh%20Salad%2C%20Coleslaw%20%26%20Sandwich%20Fillers&viewAll=department&page=,£1.20,£0.60/100g,Any 2 for £2 Clubcard Price - Selected Tesco Dips 163g - 211g,,/groceries/en-GB/products/260249776,https://digitalcontent.api.tesco.com/v2/media/ghs/97cee04a-4bca-4625-bbf2-37bd9e5ce926/ed757512-05ad-4f06-aecc-c63762ee84a7.jpeg?h=225&w=225,
258187544,Tesco Coleslaw 300G,https://www.tesco.com/groceries/en-GB/shop/fresh-food/all?department=Fresh%20Salad%2C%20Coleslaw%20%26%20Sandwich%20Fillers&viewAll=department&page=,£1.00,£0.33/100g,,,/groceries/en-GB/products/258187544,https://digitalcontent.api.tesco.com/v2/media/ghs/15e49189-e998-40ec-a9c6-ee554f3b6908/585e43d5-87b4-4e5f-ba50-a383988f9c83.jpeg?h=225&w=225,
296233369,Tesco Houmous Red Pepper 182G,https://www.tesco.com/groceries/en-GB/shop/fresh-food/all?department=Fresh%20Salad%2C%20Coleslaw%20%26%20Sandwich%20Fillers&viewAll=department&page=,£1.20,£0.66/100g,Any 2 for £2 Clubcard Price - Selected Tesco Dips 163g - 211g,,/groceries/en-GB/products/296233369,https://digitalcontent.api.tesco.com/v2/media/ghs/be98e459-0d21-489a-b3fc-02db0d581e43/e3920a1a-1502-4d90-927b-256316e97f54.jpeg?h=225&w=225,
257457653,Tesco Coleslaw 180G,https://www.tesco.com/groceries/en-GB/shop/fresh-food/all?department=Fresh%20Salad%2C%20Coleslaw%20%26%20Sandwich%20Fillers&viewAll=department&page=,£0.80,£0.44/100g,,,/groceries/en-GB/products/257457653,https://digitalcontent.api.tesco.com/v2/media/ghs/d76edceb-5b0f-4a50-b9f7-33a5f391921a/89037499-0ad2-4557-b760-8eaa4fd26090.jpeg?h=225&w=225,
268477290,Fresh & Naked Mixed Little Leaves 90G,https://www.tesco.com/groceries/en-GB/shop/fresh-food/all?department=Fresh%20Salad%2C%20Coleslaw%20%26%20Sandwich%20Fillers&viewAll=department&page=,£1.00,£11.12/kg,,,/groceries/en-GB/products/268477290,https://digitalcontent.api.tesco.com/v2/media/ghs/0bd5594b-df82-4dab-b4b7-081ca104ff30/5a61dbb5-042e-47b3-b23c-907f7d4f815a.jpeg?h=225&w=225,
260083848,Tesco Tzatziki Dip 200G,https://www.tesco.com/groceries/en-GB/shop/fresh-food/all?department=Fresh%20Salad%2C%20Coleslaw%20%26%20Sandwich%20Fillers&viewAll=department&page=,£1.20,£0.60/100g,Any 2 for £2 Clubcard Price - Selected Tesco Dips 163g - 211g,,/groceries/en-GB/products/260083848,https://digitalcontent.api.tesco.com/v2/media/ghs/2397a093-3b43-46d7-bbe2-aeb87259de43/42cc6c7b-c851-4cbc-bdec-35d13bb4ddda.jpeg?h=225&w=225,
251582605,Tesco Organic Whole Cucumber Each,https://www.tesco.com/groceries/en-GB/shop/fresh-food/all?department=Fresh%20Salad%2C%20Coleslaw%20%26%20Sandwich%20Fillers&viewAll=department&page=,£1.20,£1.20/each,,,/groceries/en-GB/products/251582605,https://digitalcontent.api.tesco.com/v2/media/ghs/2fcc80ba-9588-4844-9d06-0b5a5fa99b15/f7ef6447-b300-4cbd-be5f-ca6d7bc90d23.jpeg?h=225&w=225,
292686582,Tesco Fresh Cut Flat Leaf Parsley 30G,https://www.tesco.com/groceries/en-GB/shop/fresh-food/all?department=Fresh%20Salad%2C%20Coleslaw%20%26%20Sandwich%20Fillers&viewAll=department&page=,£0.57,£0.19/10g,Aldi Price Match,,/groceries/en-GB/products/292686582,https://digitalcontent.api.tesco.com/v2/media/ghs/5033d3f1-67aa-4f59-b98b-8367e3e61080/95e9d210-48d1-402d-9e4c-7963337222d7.jpeg?h=225&w=225,
312352060,Tesco Butterhead Salad 80G,https://www.tesco.com/groceries/en-GB/shop/fresh-food/all?department=Fresh%20Salad%2C%20Coleslaw%20%26%20Sandwich%20Fillers&viewAll=department&page=,£1.05,£1.32/100g,,,/groceries/en-GB/products/312352060,https://digitalcontent.api.tesco.com/v2/media/ghs/c4aaebf5-35d9-4ba3-9dc9-b65554ca7ac4/11141122-c930-4807-b9c7-a5a31b70e420.jpeg?h=225&w=225,
311955598,Tesco Shredded Iceberg 130G,https://www.tesco.com/groceries/en-GB/shop/fresh-food/all?department=Fresh%20Salad%2C%20Coleslaw%20%26%20Sandwich%20Fillers&viewAll=department&page=,£0.70,£0.54/100g,,,/groceries/en-GB/products/311955598,https://digitalcontent.api.tesco.com/v2/media/ghs/91e440fa-f12c-441a-a880-60ccbb15361f/758e99bf-7037-44ee-bba1-010e2e68cdd0.jpeg?h=225&w=225,
312704710,Tesco Iceberg Lettuce 200G,https://www.tesco.com/groceries/en-GB/shop/fresh-food/all?department=Fresh%20Salad%2C%20Coleslaw%20%26%20Sandwich%20Fillers&viewAll=department&page=,£0.70,£0.35/100g,,,/groceries/en-GB/products/312704710,https://digitalcontent.api.tesco.com/v2/media/ghs/8c8a12c0-13b6-47b0-97d0-33b950e32967/51051dde-ce59-4dbb-b343-8b367e8d7f04.jpeg?h=225&w=225,
301052719,Nightingale Peppers 600G,https://www.tesco.com/groceries/en-GB/shop/fresh-food/all?department=Fresh%20Salad%2C%20Coleslaw%20%26%20Sandwich%20Fillers&viewAll=department&page=,£1.20,£2.00/kg,Aldi Price Match,,/groceries/en-GB/products/301052719,https://digitalcontent.api.tesco.com/v2/media/ghs/5fbceb19-4475-4f07-af2e-ee0896071068/82817914-943b-4225-a2d8-5ec6ad432318.jpeg?h=225&w=225,
310693807,Tesco Butterhead Lettuce,https://www.tesco.com/groceries/en-GB/shop/fresh-food/all?department=Fresh%20Salad%2C%20Coleslaw%20%26%20Sandwich%20Fillers&viewAll=department&page=,£0.65,£0.65/each,,,/groceries/en-GB/products/310693807,https://digitalcontent.api.tesco.com/v2/media/ghs/c2814b5e-5d20-4778-807f-533f2400302f/e08c9d59-2b88-4954-9d18-cf2d5d0a6734.jpeg?h=225&w=225,
259095864,Tesco Mint 30G,https://www.tesco.com/groceries/en-GB/shop/fresh-food/all?department=Fresh%20Salad%2C%20Coleslaw%20%26%20Sandwich%20Fillers&viewAll=department&page=,£0.52,£0.17/10g,Aldi Price Match,,/groceries/en-GB/products/259095864,https://digitalcontent.api.tesco.com/v2/media/ghs/b93275ef-9ec6-4adf-80a2-b02f1b804169/eb6c1856-c8d1-4c74-8394-2ade42f9b83f.jpeg?h=225&w=225,
281055568,Tesco Organic Celery,https://www.tesco.com/groceries/en-GB/shop/fresh-food/all?department=Fresh%20Salad%2C%20Coleslaw%20%26%20Sandwich%20Fillers&viewAll=department&page=,£1.20,£1.20/each,95p Clubcard Price,,/groceries/en-GB/products/281055568,https://digitalcontent.api.tesco.com/v2/media/ghs/b6b424b0-9edf-4b2d-9df9-11fcb7485f21/008607d6-d0f2-4659-b1bd-1a6bc4715e5c.jpeg?h=225&w=225,
261049366,Tesco Radish Pack 240G,https://www.tesco.com/groceries/en-GB/shop/fresh-food/all?department=Fresh%20Salad%2C%20Coleslaw%20%26%20Sandwich%20Fillers&viewAll=department&page=,£0.50,£2.09/kg,Aldi Price Match,,/groceries/en-GB/products/261049366,https://digitalcontent.api.tesco.com/v2/media/ghs/d614456a-217b-4a38-b4be-ed7303924c74/5a690d59-2eed-4ae9-806c-a19618d3be5d.jpeg?h=225&w=225,
272453220,Tesco Guacamole 163G,https://www.tesco.com/groceries/en-GB/shop/fresh-food/all?department=Fresh%20Salad%2C%20Coleslaw%20%26%20Sandwich%20Fillers&viewAll=department&page=,£1.20,£0.74/100g,Any 2 for £2 Clubcard Price - Selected Tesco Dips 163g - 211g,,/groceries/en-GB/products/272453220,https://digitalcontent.api.tesco.com/v2/media/ghs/3be6bd2a-a825-418d-bd83-0a6b456fb00e/d8a2bdcf-d746-4347-b8a8-3bb9c5056f4c.jpeg?h=225&w=225,
307154117,Tesco Egg Mayonaise 250G,https://www.tesco.com/groceries/en-GB/shop/fresh-food/all?department=Fresh%20Salad%2C%20Coleslaw%20%26%20Sandwich%20Fillers&viewAll=department&page=,£1.85,£0.74/100g,,,/groceries/en-GB/products/307154117,https://digitalcontent.api.tesco.com/v2/media/ghs/f0596288-dc9e-4997-b821-e515c803f977/751a9012-2cfc-43f5-aced-811bff365d7b.jpeg?h=225&w=225,
265555588,Tesco Organic Cherry On The Vine Tomatoes 200G,https://www.tesco.com/groceries/en-GB/shop/fresh-food/all?department=Fresh%20Salad%2C%20Coleslaw%20%26%20Sandwich%20Fillers&viewAll=department&page=,£1.95,£9.75/kg,,,/groceries/en-GB/products/265555588,https://digitalcontent.api.tesco.com/v2/media/ghs/3e698c16-a577-474f-968c-ec6cefae8fdf/7a0809dd-2794-4b09-9369-8daf742376cf.jpeg?h=225&w=225,
307143666,Tesco Cheese & Onion Sandwich Filler 250G,https://www.tesco.com/groceries/en-GB/shop/fresh-food/all?department=Fresh%20Salad%2C%20Coleslaw%20%26%20Sandwich%20Fillers&viewAll=department&page=,£1.85,£0.74/100g,,,/groceries/en-GB/products/307143666,https://digitalcontent.api.tesco.com/v2/media/ghs/1561c7c2-b546-48b8-8a93-96fdc8579a30/3bd12fb2-b799-4968-802f-2738df146618.jpeg?h=225&w=225,
306945122,Tesco Coronation Chicken Sandwich Filler 250G,https://www.tesco.com/groceries/en-GB/shop/fresh-food/all?department=Fresh%20Salad%2C%20Coleslaw%20%26%20Sandwich%20Fillers&viewAll=department&page=,£1.85,£0.74/100g,,,/groceries/en-GB/products/306945122,https://digitalcontent.api.tesco.com/v2/media/ghs/bf1e69f1-b6e7-4942-b03d-e6368cc41bb4/0c8801a2-3265-4b0a-8504-0305b0c0debc.jpeg?h=225&w=225,
307142879,Tesco Tuna & Sweetcorn Sandwich Filler 250G,https://www.tesco.com/groceries/en-GB/shop/fresh-food/all?department=Fresh%20Salad%2C%20Coleslaw%20%26%20Sandwich%20Fillers&viewAll=department&page=,£1.85,£0.74/100g,,,/groceries/en-GB/products/307142879,https://digitalcontent.api.tesco.com/v2/media/ghs/811f9515-73bf-4ca6-b55c-1365f7e7c9de/0973804a-971e-4f61-a41a-04473b832d57.jpeg?h=225&w=225,
303542690,Love Beets No Vinegar Pouch Beetroot 280G,https://www.tesco.com/groceries/en-GB/shop/fresh-food/all?department=Fresh%20Salad%2C%20Coleslaw%20%26%20Sandwich%20Fillers&viewAll=department&page=,£1.45,£5.18/kg,,,/groceries/en-GB/products/303542690,https://digitalcontent.api.tesco.com/v2/media/ghs/dc6e92c6-1b58-404c-ac59-40759b8dfda6/5d9428db-7dc6-4b41-8427-65825f066efd.jpeg?h=225&w=225,
307131922,Tesco Chicken & Bacon Sandwich Filler 250G,https://www.tesco.com/groceries/en-GB/shop/fresh-food/all?department=Fresh%20Salad%2C%20Coleslaw%20%26%20Sandwich%20Fillers&viewAll=department&page=,£1.85,£0.74/100g,,,/groceries/en-GB/products/307131922,https://digitalcontent.api.tesco.com/v2/media/ghs/a4f2a29c-05c1-4898-9e83-b6fd7ebc7d0a/d7949c19-634b-475e-b3bc-759626bbf79a.jpeg?h=225&w=225,
257482311,Tesco Flat Leaf Parsley 100G,https://www.tesco.com/groceries/en-GB/shop/fresh-food/all?department=Fresh%20Salad%2C%20Coleslaw%20%26%20Sandwich%20Fillers&viewAll=department&page=,£1.25,£0.12/10g,,,/groceries/en-GB/products/257482311,https://digitalcontent.api.tesco.com/v2/media/ghs/85e92cbf-58bc-428c-b117-1673029c5d6e/b4fea394-86af-4c19-9e23-c6277d30d37c.jpeg?h=225&w=225,
304796979,Tesco Cut Chives 20G,https://www.tesco.com/groceries/en-GB/shop/fresh-food/all?department=Fresh%20Salad%2C%20Coleslaw%20%26%20Sandwich%20Fillers&viewAll=department&page=,£1.00,£0.50/10g,,,/groceries/en-GB/products/304796979,https://digitalcontent.api.tesco.com/v2/media/ghs/a916c33e-5ac6-4e56-ac41-6a6b1d5ee980/6ef19f49-10d7-44e4-9425-b566536b74d8.jpeg?h=225&w=225,
268376518,Tesco Watercress 85G,https://www.tesco.com/groceries/en-GB/shop/fresh-food/all?department=Fresh%20Salad%2C%20Coleslaw%20%26%20Sandwich%20Fillers&viewAll=department&page=,£1.25,£1.48/100g,,,/groceries/en-GB/products/268376518,https://digitalcontent.api.tesco.com/v2/media/ghs/a253a5b6-be57-47cb-bbee-1316cf2abf59/0a1b52a1-b702-443d-ae10-fad71cd85041.jpeg?h=225&w=225,
309456080,Tesco Suffolk New Potatoes 750G,https://www.tesco.com/groceries/en-GB/shop/fresh-food/all?department=Fresh%20Salad%2C%20Coleslaw%20%26%20Sandwich%20Fillers&viewAll=department&page=,£1.25,£1.67/kg,,,/groceries/en-GB/products/309456080,https://digitalcontent.api.tesco.com/v2/media/ghs/08eaba5b-648f-4ef0-bfcd-f2c84e1c0cfb/6aeabb45-8cf2-4838-a029-90ab0bae74bd.jpeg?h=225&w=225,
307346023,Tesco Finest Sweet Mini Peppers 220G,https://www.tesco.com/groceries/en-GB/shop/fresh-food/all?department=Fresh%20Salad%2C%20Coleslaw%20%26%20Sandwich%20Fillers&viewAll=department&page=,£1.70,£7.73/kg,,,/groceries/en-GB/products/307346023,https://digitalcontent.api.tesco.com/v2/media/ghs/76718eb7-a1ad-459a-98fe-6564a9f16249/68d63be0-d4ac-4f72-816f-e06907c3caf0.jpeg?h=225&w=225,
302987101,Tesco Organic Baby Spinach 100G,https://www.tesco.com/groceries/en-GB/shop/fresh-food/all?department=Fresh%20Salad%2C%20Coleslaw%20%26%20Sandwich%20Fillers&viewAll=department&page=,£1.35,£13.50/kg,,,/groceries/en-GB/products/302987101,https://digitalcontent.api.tesco.com/v2/media/ghs/e40096e1-279c-4025-962a-ccf4f262a522/ef8038fa-2a8e-40f7-99df-63fd50bd5121.jpeg?h=225&w=225,
266078609,Tesco Reduced Fat Sour Cream & Chive Dip 200G,https://www.tesco.com/groceries/en-GB/shop/fresh-food/all?department=Fresh%20Salad%2C%20Coleslaw%20%26%20Sandwich%20Fillers&viewAll=department&page=,£1.20,£0.60/100g,Any 2 for £2 Clubcard Price - Selected Tesco Dips 163g - 211g,,/groceries/en-GB/products/266078609,https://digitalcontent.api.tesco.com/v2/media/ghs/e3aba8ae-2191-448f-9225-81e2af97f565/9adb94db-924f-409f-b928-fd775d9c2763.jpeg?h=225&w=225,
292482771,Tesco Sweet Crisp Salad 128G,https://www.tesco.com/groceries/en-GB/shop/fresh-food/all?department=Fresh%20Salad%2C%20Coleslaw%20%26%20Sandwich%20Fillers&viewAll=department&page=,,,,,/groceries/en-GB/products/292482771,https://digitalcontent.api.tesco.com/v2/media/ghs/59cf3a38-f105-4a02-8ca0-71ed73774ff5/10965004-0ca3-458a-a7fe-07f0f7ef703e.jpeg?h=225&w=225,This product's currently out of stock
280710699,Tesco Sweet Chilli Houmous 182G,https://www.tesco.com/groceries/en-GB/shop/fresh-food/all?department=Fresh%20Salad%2C%20Coleslaw%20%26%20Sandwich%20Fillers&viewAll=department&page=,£1.20,£0.66/100g,Any 2 for £2 Clubcard Price - Selected Tesco Dips 163g - 211g,,/groceries/en-GB/products/280710699,https://digitalcontent.api.tesco.com/v2/media/ghs/412efd8e-4510-42e9-912d-02ecdb48658e/80991aa1-c6a7-4f5f-a8ea-3e4dff1b25dd.jpeg?h=225&w=225,
260083923,Tesco Taramasalata 200G,https://www.tesco.com/groceries/en-GB/shop/fresh-food/all?department=Fresh%20Salad%2C%20Coleslaw%20%26%20Sandwich%20Fillers&viewAll=department&page=,£1.20,£0.60/100g,Any 2 for £2 Clubcard Price - Selected Tesco Dips 163g - 211g,,/groceries/en-GB/products/260083923,https://digitalcontent.api.tesco.com/v2/media/ghs/570b2b87-b99b-4723-8a27-6f700fc3b14e/0ec5ba8b-00ac-4551-8197-555fecacfe61.jpeg?h=225&w=225,
260076333,Tesco Onion & Garlic Dip 200G,https://www.tesco.com/groceries/en-GB/shop/fresh-food/all?department=Fresh%20Salad%2C%20Coleslaw%20%26%20Sandwich%20Fillers&viewAll=department&page=,£1.20,£0.60/100g,Any 2 for £2 Clubcard Price - Selected Tesco Dips 163g - 211g,,/groceries/en-GB/products/260076333,https://digitalcontent.api.tesco.com/v2/media/ghs/68b9265d-cce6-42c5-84f1-9f37501bd912/3d34a929-5cb9-4ba2-84e2-404028aa4aa6.jpeg?h=225&w=225,
311956401,Tesco Coleslaw 500G 500G,https://www.tesco.com/groceries/en-GB/shop/fresh-food/all?department=Fresh%20Salad%2C%20Coleslaw%20%26%20Sandwich%20Fillers&viewAll=department&page=,£1.40,£0.28/100g,,,/groceries/en-GB/products/311956401,https://digitalcontent.api.tesco.com/v2/media/ghs/8996a1c0-30c7-4db8-a3d5-a8feecd90ec2/7c198037-051c-4ba4-8b71-74617648f37f.jpeg?h=225&w=225,
305960139,Hellmann's Coleslaw With Real Mayonnaise 250G,https://www.tesco.com/groceries/en-GB/shop/fresh-food/all?department=Fresh%20Salad%2C%20Coleslaw%20%26%20Sandwich%20Fillers&viewAll=department&page=,£1.10,£0.44/100g,,,/groceries/en-GB/products/305960139,https://digitalcontent.api.tesco.com/v2/media/ghs/58cdc5bb-9a94-4b7e-97cc-2bf9e03e6102/6ba92549-afff-403d-854b-08c221ca5489.jpeg?h=225&w=225,
309743742,Tesco Seasonal Babyleaf Salad 80G,https://www.tesco.com/groceries/en-GB/shop/fresh-food/all?department=Fresh%20Salad%2C%20Coleslaw%20%26%20Sandwich%20Fillers&viewAll=department&page=,£1.05,£1.32/100g,,,/groceries/en-GB/products/309743742,,
260076346,Tesco Cheese & Chive Dip 200G,https://www.tesco.com/groceries/en-GB/shop/fresh-food/all?department=Fresh%20Salad%2C%20Coleslaw%20%26%20Sandwich%20Fillers&viewAll=department&page=,£1.20,£0.60/100g,Any 2 for £2 Clubcard Price - Selected Tesco Dips 163g - 211g,,/groceries/en-GB/products/260076346,https://digitalcontent.api.tesco.com/v2/media/ghs/e30e25f0-6c54-4004-a926-ccca5a6508cc/d47564a8-d9f8-4ac4-81f0-4af13bd39109.jpeg?h=225&w=225,
299969830,Tesco House Salad 120G,https://www.tesco.com/groceries/en-GB/shop/fresh-food/all?department=Fresh%20Salad%2C%20Coleslaw%20%26%20Sandwich%20Fillers&viewAll=department&page=,£1.10,£0.92/100g,,,/groceries/en-GB/products/299969830,https://digitalcontent.api.tesco.com/v2/media/ghs/dc0bc533-0d48-4f38-aab7-bf3eed003dbe/7594f181-11a4-4f2c-b530-e108da0d108b.jpeg?h=225&w=225,
254948175,Tesco Coriander Bunches 150G,https://www.tesco.com/groceries/en-GB/shop/fresh-food/all?department=Fresh%20Salad%2C%20Coleslaw%20%26%20Sandwich%20Fillers&viewAll=department&page=,£1.35,£0.09/10g,,,/groceries/en-GB/products/254948175,https://digitalcontent.api.tesco.com/v2/media/ghs/6d3f9adb-069a-4ac5-b96e-d74a53779a50/46c73d3f-72ed-4af0-9e43-5a4f96c0f4ff_605331659.jpeg?h=225&w=225,
259794296,Tesco Tex Mex Multipack Dips 428G,https://www.tesco.com/groceries/en-GB/shop/fresh-food/all?department=Fresh%20Salad%2C%20Coleslaw%20%26%20Sandwich%20Fillers&viewAll=department&page=,£2.75,£0.64/100g,,,/groceries/en-GB/products/259794296,https://digitalcontent.api.tesco.com/v2/media/ghs/00ade547-6863-49ce-806f-7def3c70d0fc/aacd7ec8-8d01-4f2d-b402-79a3e3d9a5a7.jpeg?h=225&w=225,
292686720,Tesco Fresh Cut Curled Parsley 30G,https://www.tesco.com/groceries/en-GB/shop/fresh-food/all?department=Fresh%20Salad%2C%20Coleslaw%20%26%20Sandwich%20Fillers&viewAll=department&page=,£0.55,£0.18/10g,,,/groceries/en-GB/products/292686720,https://digitalcontent.api.tesco.com/v2/media/ghs/c7c89918-f2e5-4fc4-b8be-eb0341369eca/781cdd7f-d10d-412b-8991-c406912564ad.jpeg?h=225&w=225,
310177161,Eastman's Houmous 200G,https://www.tesco.com/groceries/en-GB/shop/fresh-food/all?department=Fresh%20Salad%2C%20Coleslaw%20%26%20Sandwich%20Fillers&viewAll=department&page=,£0.69,£0.34/100g,Aldi Price Match,,/groceries/en-GB/products/310177161,https://digitalcontent.api.tesco.com/v2/media/ghs/fe9ca173-860e-49e3-b777-98ea208ea0de/571f6642-aacc-4871-8c44-1e9d4b23fc9f.jpeg?h=225&w=225,
257462957,Tesco Potato Salad 300G,https://www.tesco.com/groceries/en-GB/shop/fresh-food/all?department=Fresh%20Salad%2C%20Coleslaw%20%26%20Sandwich%20Fillers&viewAll=department&page=,£1.00,£0.33/100g,,,/groceries/en-GB/products/257462957,https://digitalcontent.api.tesco.com/v2/media/ghs/46d37530-dd0a-452f-89cb-58adaa091b4e/0f67bc56-ad89-4721-a438-34e03cdf7bb6.jpeg?h=225&w=225,
302988716,Tesco Simple Salad With Sour Cream & Chive 165G,https://www.tesco.com/groceries/en-GB/shop/fresh-food/all?department=Fresh%20Salad%2C%20Coleslaw%20%26%20Sandwich%20Fillers&viewAll=department&page=,£1.10,£0.67/100g,,,/groceries/en-GB/products/302988716,https://digitalcontent.api.tesco.com/v2/media/ghs/2077c8b7-aa9d-463b-8ac1-1785eef12b97/7046c18a-2b18-447a-93b9-183cfd963121.jpeg?h=225&w=225,
292451013,Tesco Grated Carrot 200G,https://www.tesco.com/groceries/en-GB/shop/fresh-food/all?department=Fresh%20Salad%2C%20Coleslaw%20%26%20Sandwich%20Fillers&viewAll=department&page=,£0.55,£0.28/100g,,,/groceries/en-GB/products/292451013,https://digitalcontent.api.tesco.com/v2/media/ghs/75183c19-ef6d-469f-b337-0dabdb27806d/f3d33122-48eb-445a-82fd-79315cf7221c.jpeg?h=225&w=225,
304404478,Tesco Dill 20G,https://www.tesco.com/groceries/en-GB/shop/fresh-food/all?department=Fresh%20Salad%2C%20Coleslaw%20%26%20Sandwich%20Fillers&viewAll=department&page=,£0.55,£0.28/10g,,,/groceries/en-GB/products/304404478,https://digitalcontent.api.tesco.com/v2/media/ghs/725ff2b6-9102-43d1-9f31-21e72d898d11/37133e0f-e22f-42f4-8241-dcc5944d3a53.jpeg?h=225&w=225,
310109168,Eastman's Reduced Fat Houmous 200G,https://www.tesco.com/groceries/en-GB/shop/fresh-food/all?department=Fresh%20Salad%2C%20Coleslaw%20%26%20Sandwich%20Fillers&viewAll=department&page=,£0.69,£0.34/100g,Aldi Price Match,,/groceries/en-GB/products/310109168,https://digitalcontent.api.tesco.com/v2/media/ghs/60cc3e45-6289-46c5-9d81-a242b37f671a/4c8a4f7f-cc9f-440f-9370-6eb12ff71f3b.jpeg?h=225&w=225,
304785930,Tesco Thyme 20G,https://www.tesco.com/groceries/en-GB/shop/fresh-food/all?department=Fresh%20Salad%2C%20Coleslaw%20%26%20Sandwich%20Fillers&viewAll=department&page=,£0.52,£0.26/10g,Aldi Price Match,,/groceries/en-GB/products/304785930,https://digitalcontent.api.tesco.com/v2/media/ghs/7d6fe329-73db-4782-8445-60eaddfc99f5/7dafa9f0-7487-4ea4-92c8-7f1d824ce018.jpeg?h=225&w=225,
308089779,Love Beets Cooked Beetroot 250G,https://www.tesco.com/groceries/en-GB/shop/fresh-food/all?department=Fresh%20Salad%2C%20Coleslaw%20%26%20Sandwich%20Fillers&viewAll=department&page=,£0.65,£2.60/kg,,,/groceries/en-GB/products/308089779,https://digitalcontent.api.tesco.com/v2/media/ghs/7b38a36c-4655-402d-ae01-12d2f3b62d97/02aab6df-1ffa-4ede-9d27-4942b02bb505_428268824.jpeg?h=225&w=225,
306493080,Eastmans's Potato Salad 300G,https://www.tesco.com/groceries/en-GB/shop/fresh-food/all?department=Fresh%20Salad%2C%20Coleslaw%20%26%20Sandwich%20Fillers&viewAll=department&page=,£0.79,£0.26/100g,Aldi Price Match,,/groceries/en-GB/products/306493080,https://digitalcontent.api.tesco.com/v2/media/ghs/8180d1e4-6bf9-4dec-89d0-b1284bb896fa/f24bf0ba-b69a-4319-804f-dab201e99682.jpeg?h=225&w=225,
304782991,Tesco Rosemary 20G,https://www.tesco.com/groceries/en-GB/shop/fresh-food/all?department=Fresh%20Salad%2C%20Coleslaw%20%26%20Sandwich%20Fillers&viewAll=department&page=,£0.52,£0.26/10g,Aldi Price Match,,/groceries/en-GB/products/304782991,https://digitalcontent.api.tesco.com/v2/media/ghs/28b9b7f9-54d7-45a3-8fcd-14775428b1fc/8fa26b91-cdc5-4eac-b43d-c99b21025532.jpeg?h=225&w=225,
253892828,T.Growing Salad Cress Punnet Each,https://www.tesco.com/groceries/en-GB/shop/fresh-food/all?department=Fresh%20Salad%2C%20Coleslaw%20%26%20Sandwich%20Fillers&viewAll=department&page=,,,,,/groceries/en-GB/products/253892828,https://digitalcontent.api.tesco.com/v2/media/ghs/c9d17375-2c9e-4499-ac68-71f33b3104f1/8cb53fe9-9af1-4f9b-ad94-5edd96b64874.jpeg?h=225&w=225,This product's currently out of stock
284605046,Tesco Ready To Eat Extra Large Avocados Each,https://www.tesco.com/groceries/en-GB/shop/fresh-food/all?department=Fresh%20Salad%2C%20Coleslaw%20%26%20Sandwich%20Fillers&viewAll=department&page=,£1.29,£1.29/each,Aldi Price Match,,/groceries/en-GB/products/284605046,https://digitalcontent.api.tesco.com/v2/media/ghs/46019df1-5219-48ff-9172-950290cc85bd/0f557720-6f3c-4945-a475-102e98774137.jpeg?h=225&w=225,
303852432,Eastmans Coleslaw 500G,https://www.tesco.com/groceries/en-GB/shop/fresh-food/all?department=Fresh%20Salad%2C%20Coleslaw%20%26%20Sandwich%20Fillers&viewAll=department&page=,£0.82,£0.16/100g,Aldi Price Match,,/groceries/en-GB/products/303852432,https://digitalcontent.api.tesco.com/v2/media/ghs/7f26654a-7d3b-4fec-be9d-b302f1ba833b/snapshotimagehandler_745127505.jpeg?h=225&w=225,
307365645,Redmere Farms Beetroot 500G,https://www.tesco.com/groceries/en-GB/shop/fresh-food/all?department=Fresh%20Salad%2C%20Coleslaw%20%26%20Sandwich%20Fillers&viewAll=department&page=,£0.59,£1.18/kg,Aldi Price Match,,/groceries/en-GB/products/307365645,https://digitalcontent.api.tesco.com/v2/media/ghs/cb2623f2-8306-4fa2-91a8-343027efe572/8a3afb98-328d-47dc-8c53-ff462e809624.jpeg?h=225&w=225,
266078241,Tesco Finest Spinach Pinenut Pasta 215G,https://www.tesco.com/groceries/en-GB/shop/fresh-food/all?department=Fresh%20Salad%2C%20Coleslaw%20%26%20Sandwich%20Fillers&viewAll=department&page=,£2.35,£1.10/100g,,,/groceries/en-GB/products/266078241,https://digitalcontent.api.tesco.com/v2/media/ghs/52ea3be2-23a1-41d9-ba0f-d3678d7e0603/95c05da4-6f7a-4ac4-a2fd-28679b05df90.jpeg?h=225&w=225,
259793971,Tesco Classic Multipack Dips 516G,https://www.tesco.com/groceries/en-GB/shop/fresh-food/all?department=Fresh%20Salad%2C%20Coleslaw%20%26%20Sandwich%20Fillers&viewAll=department&page=,£2.75,£0.53/100g,,,/groceries/en-GB/products/259793971,https://digitalcontent.api.tesco.com/v2/media/ghs/b60634d5-8b64-4c53-a5cb-4339493a57a8/88acc77f-e295-4539-be01-f69d8c0a9b66.jpeg?h=225&w=225,
286168375,Tesco Tuna & Sweetcorn Sandwich Filler 450G,https://www.tesco.com/groceries/en-GB/shop/fresh-food/all?department=Fresh%20Salad%2C%20Coleslaw%20%26%20Sandwich%20Fillers&viewAll=department&page=,£3.00,£0.67/100g,,,/groceries/en-GB/products/286168375,https://digitalcontent.api.tesco.com/v2/media/ghs/9ca43d10-5bc6-4d1f-9710-fbd4c2116ae5/5a974c19-744f-4d13-a7a3-c7663fc7ac07.jpeg?h=225&w=225,
286134029,Tesco Coronation Chicken Sandwich Filler 450G,https://www.tesco.com/groceries/en-GB/shop/fresh-food/all?department=Fresh%20Salad%2C%20Coleslaw%20%26%20Sandwich%20Fillers&viewAll=department&page=,£3.00,£0.67/100g,,,/groceries/en-GB/products/286134029,https://digitalcontent.api.tesco.com/v2/media/ghs/107fa513-e7fc-4971-b09f-48df68c258c0/6135868e-327f-4832-9698-6077ad864266.jpeg?h=225&w=225,
311945898,Tesco Party Salad 455G,https://www.tesco.com/groceries/en-GB/shop/fresh-food/all?department=Fresh%20Salad%2C%20Coleslaw%20%26%20Sandwich%20Fillers&viewAll=department&page=,£3.00,£0.66/100g,,New,/groceries/en-GB/products/311945898,,
283222229,Sabra Houmous Extra 200G,https://www.tesco.com/groceries/en-GB/shop/fresh-food/all?department=Fresh%20Salad%2C%20Coleslaw%20%26%20Sandwich%20Fillers&viewAll=department&page=,£2.20,£1.10/100g,,,/groceries/en-GB/products/283222229,https://digitalcontent.api.tesco.com/v2/media/ghs/7cf863df-8c9e-4acf-8f0e-9bfdeccd91d8/39df3273-deb7-44c1-be39-5b31283a74f5.jpeg?h=225&w=225,
283222287,Sabra Houmous Garlic Red Pepper 200G,https://www.tesco.com/groceries/en-GB/shop/fresh-food/all?department=Fresh%20Salad%2C%20Coleslaw%20%26%20Sandwich%20Fillers&viewAll=department&page=,£2.20,£1.10/100g,,,/groceries/en-GB/products/283222287,https://digitalcontent.api.tesco.com/v2/media/ghs/c47a0aec-aab6-422a-a169-55f84f97cccb/44601c13-ad8d-48cd-be45-aed34aee850b.jpeg?h=225&w=225,
311942210,Tesco Finest Coleslaw 500G,https://www.tesco.com/groceries/en-GB/shop/fresh-food/all?department=Fresh%20Salad%2C%20Coleslaw%20%26%20Sandwich%20Fillers&viewAll=department&page=,£2.40,£0.48/100g,,,/groceries/en-GB/products/311942210,https://digitalcontent.api.tesco.com/v2/media/ghs/4a74f409-0f89-48b7-a9c9-139c7e5cb62a/eeb50ed9-ee60-4ab3-b42b-dfbe370a2ecd.jpeg?h=225&w=225,
254954991,Tesco Cheese & Tomato Pasta 300G,https://www.tesco.com/groceries/en-GB/shop/fresh-food/all?department=Fresh%20Salad%2C%20Coleslaw%20%26%20Sandwich%20Fillers&viewAll=department&page=,£1.70,£0.57/100g,"£3.40 Meal Deal Clubcard Price £3.90 Meal Deal Regular Price - Selected Drink, Snack, Wrap, Sandwich, Roll, Pasty Or Salad",,/groceries/en-GB/products/254954991,https://digitalcontent.api.tesco.com/v2/media/ghs/9d3e7a64-ca65-409c-8c7a-7b48f601da6a/ae58d7d7-19d6-4c41-93c2-8dc4c074c3f5.jpeg?h=225&w=225,
307153061,Tesco Chicken & Bacon Sandwich Filler 450G,https://www.tesco.com/groceries/en-GB/shop/fresh-food/all?department=Fresh%20Salad%2C%20Coleslaw%20%26%20Sandwich%20Fillers&viewAll=department&page=,£3.00,£0.67/100g,,,/groceries/en-GB/products/307153061,https://digitalcontent.api.tesco.com/v2/media/ghs/c01d0b6f-98d1-4b45-8d64-74aef9afb0cc/458ebe1a-072f-40e6-af44-9a6a6858c37c.jpeg?h=225&w=225,
282723462,Tesco Organic Large On The Vine Tomatoes 400G,https://www.tesco.com/groceries/en-GB/shop/fresh-food/all?department=Fresh%20Salad%2C%20Coleslaw%20%26%20Sandwich%20Fillers&viewAll=department&page=,£2.00,£5.00/kg,,,/groceries/en-GB/products/282723462,https://digitalcontent.api.tesco.com/v2/media/ghs/d6f0d5b0-f8af-4c6a-a3e6-32a867e72eba/9849fc24-d6e6-43d4-b0c7-9d723edafe7a.jpeg?h=225&w=225,
261808728,Tesco Beetroot Salad 305G,https://www.tesco.com/groceries/en-GB/shop/fresh-food/all?department=Fresh%20Salad%2C%20Coleslaw%20%26%20Sandwich%20Fillers&viewAll=department&page=,£1.65,£0.54/100g,,,/groceries/en-GB/products/261808728,https://digitalcontent.api.tesco.com/v2/media/ghs/2afe1428-8a09-4318-a351-b709f1706cd0/b116c8fe-dde1-4e60-a66a-bd0ef8cc89ce.jpeg?h=225&w=225,
278004806,Tesco Finest Mini San Marzano Tomatoes 270G,https://www.tesco.com/groceries/en-GB/shop/fresh-food/all?department=Fresh%20Salad%2C%20Coleslaw%20%26%20Sandwich%20Fillers&viewAll=department&page=,£1.75,£6.49/kg,,,/groceries/en-GB/products/278004806,https://digitalcontent.api.tesco.com/v2/media/ghs/dd524cad-728b-4d6d-9d06-4dfa9a6d098e/snapshotimagehandler_1919280529.jpeg?h=225&w=225,
256220670,Tesco Medium Pot Coriander,https://www.tesco.com/groceries/en-GB/shop/fresh-food/all?department=Fresh%20Salad%2C%20Coleslaw%20%26%20Sandwich%20Fillers&viewAll=department&page=,£1.50,£1.50/each,,,/groceries/en-GB/products/256220670,https://digitalcontent.api.tesco.com/v2/media/ghs/8e868a2a-20f8-476d-9992-51436e3de71a/2b1eb7d8-4070-4db2-b316-34076f86d233.jpeg?h=225&w=225,
303823219,Chop Ginger Puree 75G,https://www.tesco.com/groceries/en-GB/shop/fresh-food/all?department=Fresh%20Salad%2C%20Coleslaw%20%26%20Sandwich%20Fillers&viewAll=department&page=,£1.30,£0.17/10g,,,/groceries/en-GB/products/303823219,https://digitalcontent.api.tesco.com/v2/media/ghs/50f07c35-71dc-4def-a1d8-ac89c898b89b/ba44ad9f-7a16-4d46-8b67-02a59879eb76_2001862019.jpeg?h=225&w=225,
305942933,Tesco Smashed Avocado With Lime - 200G,https://www.tesco.com/groceries/en-GB/shop/fresh-food/all?department=Fresh%20Salad%2C%20Coleslaw%20%26%20Sandwich%20Fillers&viewAll=department&page=,£2.00,£1.00/100g,,,/groceries/en-GB/products/305942933,https://digitalcontent.api.tesco.com/v2/media/ghs/163d1210-9007-48ff-86af-86d8b8180bb4/b852486e-14e4-4396-97a5-2fc1cd35dbec.jpeg?h=225&w=225,
307344618,Tesco Seafood Seafood Cocktail Sandwich Filler 250G,https://www.tesco.com/groceries/en-GB/shop/fresh-food/all?department=Fresh%20Salad%2C%20Coleslaw%20%26%20Sandwich%20Fillers&viewAll=department&page=,,,,,/groceries/en-GB/products/307344618,https://digitalcontent.api.tesco.com/v2/media/ghs/7dd2054c-795d-44c5-bbac-26c63a6aa84c/8cc19b22-d2d5-4d1f-bcea-64a3ee9a80c2.jpeg?h=225&w=225,This product's currently out of stock
296447560,Tesco Finest West Country Cheddar Coleslaw 250G,https://www.tesco.com/groceries/en-GB/shop/fresh-food/all?department=Fresh%20Salad%2C%20Coleslaw%20%26%20Sandwich%20Fillers&viewAll=department&page=,£1.65,£0.66/100g,,,/groceries/en-GB/products/296447560,https://digitalcontent.api.tesco.com/v2/media/ghs/5d4b4d5f-a31e-4c27-b07f-32a7169dcdcf/ba4a0bab-b91c-4b96-9844-f3df1740da81.jpeg?h=225&w=225,
261808665,Tesco Celery Fruit Nut Salad 300G,https://www.tesco.com/groceries/en-GB/shop/fresh-food/all?department=Fresh%20Salad%2C%20Coleslaw%20%26%20Sandwich%20Fillers&viewAll=department&page=,£1.65,£0.55/100g,,,/groceries/en-GB/products/261808665,https://digitalcontent.api.tesco.com/v2/media/ghs/08ffd4e6-2c82-4ec7-826f-34da4d520920/64cf9a69-3b77-430a-b221-349f39546ef9.jpeg?h=225&w=225,
253559988,Chinese Leaf Each,https://www.tesco.com/groceries/en-GB/shop/fresh-food/all?department=Fresh%20Salad%2C%20Coleslaw%20%26%20Sandwich%20Fillers&viewAll=department&page=,£1.35,£1.35/each,,,/groceries/en-GB/products/253559988,https://digitalcontent.api.tesco.com/v2/media/ghs/c9a3548c-22d8-4433-869a-9af9ffb702c5/349fd784-f8e8-4a72-b43c-18525ad5b29f.jpeg?h=225&w=225,
259702746,Tesco Organic Lettuce Each,https://www.tesco.com/groceries/en-GB/shop/fresh-food/all?department=Fresh%20Salad%2C%20Coleslaw%20%26%20Sandwich%20Fillers&viewAll=department&page=,£1.50,£1.50/each,,,/groceries/en-GB/products/259702746,https://digitalcontent.api.tesco.com/v2/media/ghs/c86c109c-ba79-4d89-8ef5-811b35d9fcac/05da9ec6-8ba8-4251-87d0-949860744322_90239135.jpeg?h=225&w=225,
287632423,Tesco Chicken & Bacon Caesar Salad 265G,https://www.tesco.com/groceries/en-GB/shop/fresh-food/all?department=Fresh%20Salad%2C%20Coleslaw%20%26%20Sandwich%20Fillers&viewAll=department&page=,,,,,/groceries/en-GB/products/287632423,https://digitalcontent.api.tesco.com/v2/media/ghs/18cacd4f-4e76-417a-aa2f-8b4129aebe58/e4a700d5-62ab-4072-b427-7428a29415d3.jpeg?h=225&w=225,This product's currently out of stock
281055891,Tesco Organic Raw Beetroot 450G,https://www.tesco.com/groceries/en-GB/shop/fresh-food/all?department=Fresh%20Salad%2C%20Coleslaw%20%26%20Sandwich%20Fillers&viewAll=department&page=,£2.00,£4.45/kg,,,/groceries/en-GB/products/281055891,https://digitalcontent.api.tesco.com/v2/media/ghs/954b9540-e60e-47cc-b106-9a53d82eff8d/a73e1a95-3691-4477-b245-4343160ec04b.jpeg?h=225&w=225,
293172353,Florette Mixed Salad 150G,https://www.tesco.com/groceries/en-GB/shop/fresh-food/all?department=Fresh%20Salad%2C%20Coleslaw%20%26%20Sandwich%20Fillers&viewAll=department&page=,£1.20,£0.80/100g,90p Clubcard Price,,/groceries/en-GB/products/293172353,https://digitalcontent.api.tesco.com/v2/media/ghs/b0f7ba57-eb57-4dce-99d0-47870dc2f458/1f56d2cd-7943-4fb7-85f9-f81de1c076a7.jpeg?h=225&w=225,
305831517,Tesco Finest Moroccan Inspired Couscous 230G,https://www.tesco.com/groceries/en-GB/shop/fresh-food/all?department=Fresh%20Salad%2C%20Coleslaw%20%26%20Sandwich%20Fillers&viewAll=department&page=,£2.35,£1.03/100g,,,/groceries/en-GB/products/305831517,https://digitalcontent.api.tesco.com/v2/media/ghs/9d65e117-f72f-49a9-9371-c627dbe2fdcb/059e9fd7-d9ad-4d56-b7ba-63a6d76fe9eb.jpeg?h=225&w=225,
302988699,Tesco Crunchy Coleslaw Mix 300G,https://www.tesco.com/groceries/en-GB/shop/fresh-food/all?department=Fresh%20Salad%2C%20Coleslaw%20%26%20Sandwich%20Fillers&viewAll=department&page=,£1.05,£0.35/100g,,,/groceries/en-GB/products/302988699,https://digitalcontent.api.tesco.com/v2/media/ghs/6502e674-475f-40e2-b107-df8a6c4168fc/326ed9e1-b1fb-4b06-947f-8758e60bb61d.jpeg?h=225&w=225,
255412053,Tesco Cheese Coleslaw 300G,https://www.tesco.com/groceries/en-GB/shop/fresh-food/all?department=Fresh%20Salad%2C%20Coleslaw%20%26%20Sandwich%20Fillers&viewAll=department&page=,£1.25,£0.42/100g,,,/groceries/en-GB/products/255412053,https://digitalcontent.api.tesco.com/v2/media/ghs/cce7447b-329a-412e-88e2-6a59fe33cc0e/34a06e58-cd6a-417d-8fcf-ff9fd7609f07.jpeg?h=225&w=225,
296455884,Tesco Aioli Dip 200G,https://www.tesco.com/groceries/en-GB/shop/fresh-food/all?department=Fresh%20Salad%2C%20Coleslaw%20%26%20Sandwich%20Fillers&viewAll=department&page=,£1.20,£0.60/100g,Any 2 for £2 Clubcard Price - Selected Tesco Dips 163g - 211g,,/groceries/en-GB/products/296455884,,
299848426,Tesco Peppery Babyleaf Salad Bowl 95G,https://www.tesco.com/groceries/en-GB/shop/fresh-food/all?department=Fresh%20Salad%2C%20Coleslaw%20%26%20Sandwich%20Fillers&viewAll=department&page=,£1.10,£1.16/100g,,,/groceries/en-GB/products/299848426,,
256731301,Tesco Thai Lemon Grass Minimum 2 Stems,https://www.tesco.com/groceries/en-GB/shop/fresh-food/all?department=Fresh%20Salad%2C%20Coleslaw%20%26%20Sandwich%20Fillers&viewAll=department&page=,£0.60,£0.30/each,,,/groceries/en-GB/products/256731301,https://digitalcontent.api.tesco.com/v2/media/ghs/52ca3ccb-2105-439c-8315-aa2dd900cd6b/edee107b-3f9e-4949-a42a-65db1942071b.jpeg?h=225&w=225,
304796018,Tesco Sage 20G,https://www.tesco.com/groceries/en-GB/shop/fresh-food/all?department=Fresh%20Salad%2C%20Coleslaw%20%26%20Sandwich%20Fillers&viewAll=department&page=,£0.60,£0.30/10g,,,/groceries/en-GB/products/304796018,https://digitalcontent.api.tesco.com/v2/media/ghs/7f8e8699-2593-49e9-ad69-78a022ec425b/a1e0197b-17df-4983-a778-7d49d8cd1df4.jpeg?h=225&w=225,
299917300,Love Beets Smokey Shred Beetroot 180G,https://www.tesco.com/groceries/en-GB/shop/fresh-food/all?department=Fresh%20Salad%2C%20Coleslaw%20%26%20Sandwich%20Fillers&viewAll=department&page=,£1.05,£5.84/kg,,,/groceries/en-GB/products/299917300,https://digitalcontent.api.tesco.com/v2/media/ghs/1b7405e4-f99e-4fdd-8e31-2493b1285498/5ce1629c-ddb1-4e86-8f68-199708b13a1a.jpeg?h=225&w=225,
303273057,Tesco Tomato & Basil Pasta Salad 550G,https://www.tesco.com/groceries/en-GB/shop/fresh-food/all?department=Fresh%20Salad%2C%20Coleslaw%20%26%20Sandwich%20Fillers&viewAll=department&page=,£3.00,£0.55/100g,,,/groceries/en-GB/products/303273057,https://digitalcontent.api.tesco.com/v2/media/ghs/fd435582-0a40-4f65-9cbe-8c757bfc21bb/9663278e-4938-4a1f-8154-d8bdfa061e6e.jpeg?h=225&w=225,
283847072,Me Too Foods Original Houmous 500G,https://www.tesco.com/groceries/en-GB/shop/fresh-food/all?department=Fresh%20Salad%2C%20Coleslaw%20%26%20Sandwich%20Fillers&viewAll=department&page=,£3.50,£0.70/100g,,,/groceries/en-GB/products/283847072,https://digitalcontent.api.tesco.com/v2/media/ghs/25223d12-7dbb-41b3-b1a3-3f95e88f85b4/2821e23d-955f-41b0-a0a5-4bc5666d0cc1.jpeg?h=225&w=225,
268325996,Tesco Egg Mayonnaise Sandwich Filler 450G,https://www.tesco.com/groceries/en-GB/shop/fresh-food/all?department=Fresh%20Salad%2C%20Coleslaw%20%26%20Sandwich%20Fillers&viewAll=department&page=,£3.00,£0.67/100g,,,/groceries/en-GB/products/268325996,https://digitalcontent.api.tesco.com/v2/media/ghs/e92ce2ab-7536-435a-a0fe-6bf224372939/4192e44e-a6fa-4148-8980-0a3a970658ba.jpeg?h=225&w=225,
311254788,Ramona's Heavenly Houmous Original 500G,https://www.tesco.com/groceries/en-GB/shop/fresh-food/all?department=Fresh%20Salad%2C%20Coleslaw%20%26%20Sandwich%20Fillers&viewAll=department&page=,£3.00,£0.60/100g,,,/groceries/en-GB/products/311254788,https://digitalcontent.api.tesco.com/v2/media/ghs/e6978e6d-e77d-46f2-9429-999d3cd3d0ca/8f1ca9f5-3ca8-43c8-8490-769ecad667d0.jpeg?h=225&w=225,
254694710,Tesco Tuna & Sweetcorn Pasta 300G,https://www.tesco.com/groceries/en-GB/shop/fresh-food/all?department=Fresh%20Salad%2C%20Coleslaw%20%26%20Sandwich%20Fillers&viewAll=department&page=,£2.75,£0.92/100g,"£3.40 Meal Deal Clubcard Price £3.90 Meal Deal Regular Price - Selected Drink, Snack, Wrap, Sandwich, Roll, Pasty Or Salad",,/groceries/en-GB/products/254694710,https://digitalcontent.api.tesco.com/v2/media/ghs/4cb8568b-6768-4586-8308-5ab623eccb42/7c9c3332-ffe3-4b91-8713-922081337f01.jpeg?h=225&w=225,
287732489,Tesco Chicken Tomato & Basil Pasta Salad 300G,https://www.tesco.com/groceries/en-GB/shop/fresh-food/all?department=Fresh%20Salad%2C%20Coleslaw%20%26%20Sandwich%20Fillers&viewAll=department&page=,£2.75,£0.92/100g,"£3.40 Meal Deal Clubcard Price £3.90 Meal Deal Regular Price - Selected Drink, Snack, Wrap, Sandwich, Roll, Pasty Or Salad",,/groceries/en-GB/products/287732489,https://digitalcontent.api.tesco.com/v2/media/ghs/80b1315d-9cbc-4abb-8983-0de040890808/2835a7f3-1302-4217-9603-472bbf427477.jpeg?h=225&w=225,
299911081,Tesco Finest Moroccan Inspired Houmous 170G,https://www.tesco.com/groceries/en-GB/shop/fresh-food/all?department=Fresh%20Salad%2C%20Coleslaw%20%26%20Sandwich%20Fillers&viewAll=department&page=,£2.10,£1.24/100g,,,/groceries/en-GB/products/299911081,https://digitalcontent.api.tesco.com/v2/media/ghs/022fd070-707d-4076-8ecd-bde66b9cecf7/58054028-d5d5-427a-b38e-9f6581f7cb22.jpeg?h=225&w=225,
311693319,Tesco Finest Sugarbelle Tomatoes 400G,https://www.tesco.com/groceries/en-GB/shop/fresh-food/all?department=Fresh%20Salad%2C%20Coleslaw%20%26%20Sandwich%20Fillers&viewAll=department&page=,£3.15,£7.88/kg,,,/groceries/en-GB/products/311693319,https://digitalcontent.api.tesco.com/v2/media/ghs/9572f0af-ef13-4198-ad76-c9a2b042a503/8d03d2ca-8592-445d-a8d2-9ed85e4de1ba.jpeg?h=225&w=225,
264510919,Tesco Southern Fried Chicken Pasta 300G,https://www.tesco.com/groceries/en-GB/shop/fresh-food/all?department=Fresh%20Salad%2C%20Coleslaw%20%26%20Sandwich%20Fillers&viewAll=department&page=,£2.75,£0.92/100g,"£3.40 Meal Deal Clubcard Price £3.90 Meal Deal Regular Price - Selected Drink, Snack, Wrap, Sandwich, Roll, Pasty Or Salad",,/groceries/en-GB/products/264510919,https://digitalcontent.api.tesco.com/v2/media/ghs/b2d4de99-5cd3-4f60-b9ff-df64a666bc6c/371f1738-c4be-4c3d-bf9a-be7e78e9f677.jpeg?h=225&w=225,
306952551,Holy Moly Guacamole Original 150G,https://www.tesco.com/groceries/en-GB/shop/fresh-food/all?department=Fresh%20Salad%2C%20Coleslaw%20%26%20Sandwich%20Fillers&viewAll=department&page=,£2.20,£1.47/100g,,,/groceries/en-GB/products/306952551,https://digitalcontent.api.tesco.com/v2/media/ghs/1c390503-eb89-4ad1-92e3-98ce58f7301e/3c1406b5-a2ef-4fbf-bc5b-478de2e9b349.jpeg?h=225&w=225,
305975139,Tesco Finest Smoky Roasted Vegetable Couscous 230G,https://www.tesco.com/groceries/en-GB/shop/fresh-food/all?department=Fresh%20Salad%2C%20Coleslaw%20%26%20Sandwich%20Fillers&viewAll=department&page=,£2.35,£1.03/100g,,,/groceries/en-GB/products/305975139,https://digitalcontent.api.tesco.com/v2/media/ghs/759b627c-831f-45ea-83c8-49e88e662e29/a568d4b5-609c-4f59-bce1-0f2221ae794b.jpeg?h=225&w=225,
256212432,Tesco Medium Pot Curled Parsley,https://www.tesco.com/groceries/en-GB/shop/fresh-food/all?department=Fresh%20Salad%2C%20Coleslaw%20%26%20Sandwich%20Fillers&viewAll=department&page=,£1.50,£1.50/each,,,/groceries/en-GB/products/256212432,https://digitalcontent.api.tesco.com/v2/media/ghs/8e91ebfb-3ff2-4f33-aa58-1e5c5f11a655/d41614b9-75cf-4482-88f2-c36abe7e4614.jpeg?h=225&w=225,
306947984,Tesco Chicken Caesar Salad 185G,https://www.tesco.com/groceries/en-GB/shop/fresh-food/all?department=Fresh%20Salad%2C%20Coleslaw%20%26%20Sandwich%20Fillers&viewAll=department&page=,£2.75,£1.49/100g,,,/groceries/en-GB/products/306947984,https://digitalcontent.api.tesco.com/v2/media/ghs/b62dbee1-e86b-4225-9cae-9071477c5960/ee54551a-f6e9-4acc-a9ee-6e7bc1f16639.jpeg?h=225&w=225,
257574329,Tesco Medium Pot Flat Leaf Parsley,https://www.tesco.com/groceries/en-GB/shop/fresh-food/all?department=Fresh%20Salad%2C%20Coleslaw%20%26%20Sandwich%20Fillers&viewAll=department&page=,£1.50,£1.50/each,,,/groceries/en-GB/products/257574329,https://digitalcontent.api.tesco.com/v2/media/ghs/b12af8a6-e214-4272-b398-57d671d945f5/60ba2668-285e-4809-b2c7-704fae19449e.jpeg?h=225&w=225,
266125514,Tesco Finest Baby Potato Salad 275G,https://www.tesco.com/groceries/en-GB/shop/fresh-food/all?department=Fresh%20Salad%2C%20Coleslaw%20%26%20Sandwich%20Fillers&viewAll=department&page=,£2.05,£0.75/100g,,,/groceries/en-GB/products/266125514,https://digitalcontent.api.tesco.com/v2/media/ghs/2e20b933-ac5a-4ef7-aac2-e039166ce66f/34b0e44b-dc5c-4f67-951e-7816bdd2c6bf.jpeg?h=225&w=225,
262078306,Tesco Spicy Chicken Pasta 275G,https://www.tesco.com/groceries/en-GB/shop/fresh-food/all?department=Fresh%20Salad%2C%20Coleslaw%20%26%20Sandwich%20Fillers&viewAll=department&page=,£1.70,£0.62/100g,"£3.40 Meal Deal Clubcard Price £3.90 Meal Deal Regular Price - Selected Drink, Snack, Wrap, Sandwich, Roll, Pasty Or Salad",,/groceries/en-GB/products/262078306,https://digitalcontent.api.tesco.com/v2/media/ghs/e3bed36f-b9f3-439a-af7c-bdabf0cc7d6b/bf46f727-8c97-4e5c-80b2-63c7f6be45df.jpeg?h=225&w=225,
292619260,Tesco French Style Dressing 175Ml,https://www.tesco.com/groceries/en-GB/shop/fresh-food/all?department=Fresh%20Salad%2C%20Coleslaw%20%26%20Sandwich%20Fillers&viewAll=department&page=,£1.40,£0.80/100ml,,,/groceries/en-GB/products/292619260,https://digitalcontent.api.tesco.com/v2/media/ghs/23992681-ca52-4859-8a1f-346ffe22611e/c9a51c45-568b-4296-b033-6c4c504a9355_174476442.jpeg?h=225&w=225,
303823191,Chop Garlic Puree 75G,https://www.tesco.com/groceries/en-GB/shop/fresh-food/all?department=Fresh%20Salad%2C%20Coleslaw%20%26%20Sandwich%20Fillers&viewAll=department&page=,£1.30,£0.17/10g,,,/groceries/en-GB/products/303823191,https://digitalcontent.api.tesco.com/v2/media/ghs/da236ab9-f70f-4fea-82ec-8fdc27ae4610/663235d5-3d15-48f7-b4e0-c9f058fb308c_293488063.jpeg?h=225&w=225,
292613675,Tesco Caesar Dressing 175Ml,https://www.tesco.com/groceries/en-GB/shop/fresh-food/all?department=Fresh%20Salad%2C%20Coleslaw%20%26%20Sandwich%20Fillers&viewAll=department&page=,£1.40,£0.80/100ml,,,/groceries/en-GB/products/292613675,https://digitalcontent.api.tesco.com/v2/media/ghs/34f955f6-c075-4c6d-b94b-1753c157327c/23981082-b914-4693-aa2a-dcb882ef4a15.jpeg?h=225&w=225,
305988660,Tesco Smashed Avocado With Chilli - 200G,https://www.tesco.com/groceries/en-GB/shop/fresh-food/all?department=Fresh%20Salad%2C%20Coleslaw%20%26%20Sandwich%20Fillers&viewAll=department&page=,£2.00,£1.00/100g,,,/groceries/en-GB/products/305988660,https://digitalcontent.api.tesco.com/v2/media/ghs/587b498c-0334-4348-b03b-413484d017ff/677a9529-fc58-4d04-b53e-2585a549d707.jpeg?h=225&w=225,
261718731,Tesco Growing Mint Medium Pot,https://www.tesco.com/groceries/en-GB/shop/fresh-food/all?department=Fresh%20Salad%2C%20Coleslaw%20%26%20Sandwich%20Fillers&viewAll=department&page=,£1.50,£1.50/each,,,/groceries/en-GB/products/261718731,https://digitalcontent.api.tesco.com/v2/media/ghs/4f6c18e1-380f-4808-b94a-cd703a1fde07/af1169cc-ae35-4f82-80af-75ba87d424f6.jpeg?h=225&w=225,
281068789,Tesco Organic Sweet Pointed Peppers 180G,https://www.tesco.com/groceries/en-GB/shop/fresh-food/all?department=Fresh%20Salad%2C%20Coleslaw%20%26%20Sandwich%20Fillers&viewAll=department&page=,£1.95,£10.84/kg,,,/groceries/en-GB/products/281068789,https://digitalcontent.api.tesco.com/v2/media/ghs/1eb59209-6754-4e2b-bb90-d85a914ad4fd/515c925c-4733-4145-9b54-514df4c02304.jpeg?h=225&w=225,
272107544,Fresh & Naked Spinach 125G,https://www.tesco.com/groceries/en-GB/shop/fresh-food/all?department=Fresh%20Salad%2C%20Coleslaw%20%26%20Sandwich%20Fillers&viewAll=department&page=,£1.00,£8.00/kg,,,/groceries/en-GB/products/272107544,https://digitalcontent.api.tesco.com/v2/media/ghs/330a411f-59ea-4b22-ae3e-f79ea52428fb/1d30c10b-5e98-4eaf-9aff-a855aedeae94.jpeg?h=225&w=225,
303881777,Crouton Company Pepper & Salt Croutons 40G,https://www.tesco.com/groceries/en-GB/shop/fresh-food/all?department=Fresh%20Salad%2C%20Coleslaw%20%26%20Sandwich%20Fillers&viewAll=department&page=,£0.50,£1.25/100g,,,/groceries/en-GB/products/303881777,https://digitalcontent.api.tesco.com/v2/media/ghs/8c6b515b-6a05-4600-97a1-d546f748abe5/975a4a75-7eff-48c1-a6c0-78ed6be4b7d9_26710010.jpeg?h=225&w=225,
306501400,Crouton Company Garlic & Herb Croutons 40G,https://www.tesco.com/groceries/en-GB/shop/fresh-food/all?department=Fresh%20Salad%2C%20Coleslaw%20%26%20Sandwich%20Fillers&viewAll=department&page=,£0.50,£1.25/100g,,,/groceries/en-GB/products/306501400,https://digitalcontent.api.tesco.com/v2/media/ghs/190d253c-6a08-4de6-a1ef-7ea402439de7/37b04ff8-d25f-4a51-af1d-a1761976fae9_111112358.jpeg?h=225&w=225,
281068426,Tesco Organic Pepper 250G,https://www.tesco.com/groceries/en-GB/shop/fresh-food/all?department=Fresh%20Salad%2C%20Coleslaw%20%26%20Sandwich%20Fillers&viewAll=department&page=,£1.55,£6.20/kg,,,/groceries/en-GB/products/281068426,https://digitalcontent.api.tesco.com/v2/media/ghs/508dc745-77e3-44bb-bd15-3f0d1ef0132f/48383a6a-865e-4aa5-b174-01317ce8fa93.jpeg?h=225&w=225,
257990562,Tesco Steamed Beetroot In Vinegar 300G,https://www.tesco.com/groceries/en-GB/shop/fresh-food/all?department=Fresh%20Salad%2C%20Coleslaw%20%26%20Sandwich%20Fillers&viewAll=department&page=,£0.95,£3.17/kg,,,/groceries/en-GB/products/257990562,https://digitalcontent.api.tesco.com/v2/media/ghs/ff8d119f-f32e-4b9a-bff4-e18621d68a59/5f7d37b8-83c7-4d2d-93d5-3eabf8121702.jpeg?h=225&w=225,
299911242,Eastmans Chicken & Bacon Pasta 400G,https://www.tesco.com/groceries/en-GB/shop/fresh-food/all?department=Fresh%20Salad%2C%20Coleslaw%20%26%20Sandwich%20Fillers&viewAll=department&page=,£1.29,£0.32/100g,Aldi Price Match,,/groceries/en-GB/products/299911242,https://digitalcontent.api.tesco.com/v2/media/ghs/e33abb6f-bd33-4395-b766-9a0cc2d81908/6e1ba05e-2ae7-4330-b78e-b30ce87e4d23.jpeg?h=225&w=225,
304413790,Tesco Tarragon 20G,https://www.tesco.com/groceries/en-GB/shop/fresh-food/all?department=Fresh%20Salad%2C%20Coleslaw%20%26%20Sandwich%20Fillers&viewAll=department&page=,£0.60,£0.30/10g,,,/groceries/en-GB/products/304413790,https://digitalcontent.api.tesco.com/v2/media/ghs/525fde5d-76b1-4755-b845-8e19d0de29c1/10e9192e-50cf-453f-9b1a-41924de3cfd2.jpeg?h=225&w=225,
304371423,Tesco Plant Chef Coleslaw 250G,https://www.tesco.com/groceries/en-GB/shop/fresh-food/all?department=Fresh%20Salad%2C%20Coleslaw%20%26%20Sandwich%20Fillers&viewAll=department&page=,£1.00,£4.00/kg,,,/groceries/en-GB/products/304371423,https://digitalcontent.api.tesco.com/v2/media/ghs/b2bbf4db-c54f-4ea1-ba70-c716464b4af5/6f87149d-e24f-443b-9b87-9ab27769a843.jpeg?h=225&w=225,
310105800,Tesco Pesto Pasta 465G,https://www.tesco.com/groceries/en-GB/shop/fresh-food/all?department=Fresh%20Salad%2C%20Coleslaw%20%26%20Sandwich%20Fillers&viewAll=department&page=,£3.00,£0.65/100g,,,/groceries/en-GB/products/310105800,https://digitalcontent.api.tesco.com/v2/media/ghs/d35af966-d91f-4625-b5e0-bab95652b7c1/0234e9b3-0e08-4ee6-9311-e5d2e8f6e287.jpeg?h=225&w=225,
303272899,Tesco Coronation Chicken Pasta Salad 465G,https://www.tesco.com/groceries/en-GB/shop/fresh-food/all?department=Fresh%20Salad%2C%20Coleslaw%20%26%20Sandwich%20Fillers&viewAll=department&page=,£3.00,£0.65/100g,,,/groceries/en-GB/products/303272899,https://digitalcontent.api.tesco.com/v2/media/ghs/dd0ee586-3434-4349-b893-65b83c337890/20eb181b-f577-4390-bc12-0b6162d80906.jpeg?h=225&w=225,
265855072,Tesco Chicken & Bacon Pasta 465G,https://www.tesco.com/groceries/en-GB/shop/fresh-food/all?department=Fresh%20Salad%2C%20Coleslaw%20%26%20Sandwich%20Fillers&viewAll=department&page=,£3.00,£0.65/100g,,,/groceries/en-GB/products/265855072,https://digitalcontent.api.tesco.com/v2/media/ghs/63708bf0-7caa-483f-92c4-594276653934/626f3617-5179-4c26-b607-bcc91a34d80e.jpeg?h=225&w=225,
286133589,Tesco Cheese & Onion Sandwich Filler 450G,https://www.tesco.com/groceries/en-GB/shop/fresh-food/all?department=Fresh%20Salad%2C%20Coleslaw%20%26%20Sandwich%20Fillers&viewAll=department&page=,£3.00,£0.67/100g,,,/groceries/en-GB/products/286133589,https://digitalcontent.api.tesco.com/v2/media/ghs/ef5705f4-69de-4023-82a3-c50ccf2efe2d/77afb2f4-d64b-4836-a57d-61f6ac90c468.jpeg?h=225&w=225,
311265781,Ramona's Heavenly Houmous Jalapeno 500G,https://www.tesco.com/groceries/en-GB/shop/fresh-food/all?department=Fresh%20Salad%2C%20Coleslaw%20%26%20Sandwich%20Fillers&viewAll=department&page=,£3.00,£0.60/100g,,,/groceries/en-GB/products/311265781,https://digitalcontent.api.tesco.com/v2/media/ghs/0ef6049d-750b-4f8e-b53f-7eab0da879d7/ccd5537a-5328-4879-b1ee-30bbf726a872.jpeg?h=225&w=225,
306949141,Tesco Greek Salad 185G,https://www.tesco.com/groceries/en-GB/shop/fresh-food/all?department=Fresh%20Salad%2C%20Coleslaw%20%26%20Sandwich%20Fillers&viewAll=department&page=,£2.75,£1.49/100g,,,/groceries/en-GB/products/306949141,https://digitalcontent.api.tesco.com/v2/media/ghs/0af6a012-9478-4cea-8597-0bb0811142c6/c4d20631-15d9-4d70-80a5-ff5b2e8c5b62.jpeg?h=225&w=225,
301429579,Tesco Chicken & Bacon Pasta 300G,https://www.tesco.com/groceries/en-GB/shop/fresh-food/all?department=Fresh%20Salad%2C%20Coleslaw%20%26%20Sandwich%20Fillers&viewAll=department&page=,£2.75,£0.92/100g,"£3.40 Meal Deal Clubcard Price £3.90 Meal Deal Regular Price - Selected Drink, Snack, Wrap, Sandwich, Roll, Pasty Or Salad",,/groceries/en-GB/products/301429579,https://digitalcontent.api.tesco.com/v2/media/ghs/5a37cd36-b5f3-4cb1-9bf2-e293f423a70c/b92894f6-7927-459a-998c-838571a5ce13.jpeg?h=225&w=225,
299910780,Tesco Finest Extra Virgin Olive Oil Houmous 170G,https://www.tesco.com/groceries/en-GB/shop/fresh-food/all?department=Fresh%20Salad%2C%20Coleslaw%20%26%20Sandwich%20Fillers&viewAll=department&page=,£2.10,£1.24/100g,,,/groceries/en-GB/products/299910780,https://digitalcontent.api.tesco.com/v2/media/ghs/ab84a41f-0d41-447e-a2ae-84ef5fbce642/52007105-92dd-4059-908b-03be94d0f338.jpeg?h=225&w=225,
310680716,Holy Moly Minis Guacamole Original 3X57g,https://www.tesco.com/groceries/en-GB/shop/fresh-food/all?department=Fresh%20Salad%2C%20Coleslaw%20%26%20Sandwich%20Fillers&viewAll=department&page=,£2.70,£1.58/100g,,,/groceries/en-GB/products/310680716,https://digitalcontent.api.tesco.com/v2/media/ghs/7f98026c-f728-4f9d-8360-a37afd63b99d/f5c52a35-da74-4f28-ac77-9e4b036de302.jpeg?h=225&w=225,
254501341,Tesco Honey & Mustard Chicken Pasta 300G,https://www.tesco.com/groceries/en-GB/shop/fresh-food/all?department=Fresh%20Salad%2C%20Coleslaw%20%26%20Sandwich%20Fillers&viewAll=department&page=,£2.75,£0.92/100g,"£3.40 Meal Deal Clubcard Price £3.90 Meal Deal Regular Price - Selected Drink, Snack, Wrap, Sandwich, Roll, Pasty Or Salad",,/groceries/en-GB/products/254501341,https://digitalcontent.api.tesco.com/v2/media/ghs/7c3a7877-8604-4241-8198-06c63d33d5c5/640cd9a7-3594-477e-97eb-372a3469ecff.jpeg?h=225&w=225,
305964861,Tesco Bbq Chicken Pasta 275G,https://www.tesco.com/groceries/en-GB/shop/fresh-food/all?department=Fresh%20Salad%2C%20Coleslaw%20%26%20Sandwich%20Fillers&viewAll=department&page=,£2.75,£1.00/100g,"£3.40 Meal Deal Clubcard Price £3.90 Meal Deal Regular Price - Selected Drink, Snack, Wrap, Sandwich, Roll, Pasty Or Salad",,/groceries/en-GB/products/305964861,https://digitalcontent.api.tesco.com/v2/media/ghs/2f3f7352-0e2d-445a-ba9e-9bf2524aee56/78637530-9c72-4fc2-9a4b-322e1959d0f7.jpeg?h=225&w=225,
306931138,Tesco Salmon Teriyaki Rice Bowl 290G,https://www.tesco.com/groceries/en-GB/shop/fresh-food/all?department=Fresh%20Salad%2C%20Coleslaw%20%26%20Sandwich%20Fillers&viewAll=department&page=,£2.75,£0.95/100g,"£3.40 Meal Deal Clubcard Price £3.90 Meal Deal Regular Price - Selected Drink, Snack, Wrap, Sandwich, Roll, Pasty Or Salad",,/groceries/en-GB/products/306931138,https://digitalcontent.api.tesco.com/v2/media/ghs/69528f71-b0ab-4dfc-8e53-cb2aa813d721/6aa72851-bc16-486a-8f4a-a794f3e5972b.jpeg?h=225&w=225,
312353272,Tesco Rainbow Salad 295G,https://www.tesco.com/groceries/en-GB/shop/fresh-food/all?department=Fresh%20Salad%2C%20Coleslaw%20%26%20Sandwich%20Fillers&viewAll=department&page=,£3.00,£1.02/100g,,,/groceries/en-GB/products/312353272,https://digitalcontent.api.tesco.com/v2/media/ghs/9ce4ddc7-109f-48e5-a358-137c295c106f/6cc7a3aa-b8a7-4fe5-90a3-0b7fa934dbb9.jpeg?h=225&w=225,
278935113,Tesco Feta & Slow Roast Tomato Pasta 290G,https://www.tesco.com/groceries/en-GB/shop/fresh-food/all?department=Fresh%20Salad%2C%20Coleslaw%20%26%20Sandwich%20Fillers&viewAll=department&page=,£2.75,£0.95/100g,"£3.40 Meal Deal Clubcard Price £3.90 Meal Deal Regular Price - Selected Drink, Snack, Wrap, Sandwich, Roll, Pasty Or Salad",,/groceries/en-GB/products/278935113,https://digitalcontent.api.tesco.com/v2/media/ghs/0ffed39f-6362-4ade-96ea-109ae34ab814/e9790ecb-96d1-44d0-b392-c805e4db3752.jpeg?h=225&w=225,
251117841,Yarden Houmous Extra 250G,https://www.tesco.com/groceries/en-GB/shop/fresh-food/all?department=Fresh%20Salad%2C%20Coleslaw%20%26%20Sandwich%20Fillers&viewAll=department&page=,£2.30,£0.92/100g,,,/groceries/en-GB/products/251117841,https://digitalcontent.api.tesco.com/v2/media/ghs/e5d3014f-7018-471b-abc8-5cc89361a4f2/0d8630b1-0a7c-4480-82ab-5a0db487ebfc_255750776.jpeg?h=225&w=225,
307158706,Fling Thai Inspired Salad Kit 280G,https://www.tesco.com/groceries/en-GB/shop/fresh-food/all?department=Fresh%20Salad%2C%20Coleslaw%20%26%20Sandwich%20Fillers&viewAll=department&page=,£2.00,£0.72/100g,,,/groceries/en-GB/products/307158706,https://digitalcontent.api.tesco.com/v2/media/ghs/66350c19-cc5a-432b-9089-3c952b7c4681/b4a037d9-4311-4083-81d0-14f5e9452f95.jpeg?h=225&w=225,
305960364,Tesco Katsu Chicken Rice Bowl 300G,https://www.tesco.com/groceries/en-GB/shop/fresh-food/all?department=Fresh%20Salad%2C%20Coleslaw%20%26%20Sandwich%20Fillers&viewAll=department&page=,£2.75,£0.92/100g,"£3.40 Meal Deal Clubcard Price £3.90 Meal Deal Regular Price - Selected Drink, Snack, Wrap, Sandwich, Roll, Pasty Or Salad",,/groceries/en-GB/products/305960364,https://digitalcontent.api.tesco.com/v2/media/ghs/b8845d22-d532-4d2b-8f86-407f46288236/f9921b47-6722-41c2-a384-f5a098db7167.jpeg?h=225&w=225,
283668681,Tesco Finest Isabella Basil Medium Pot,https://www.tesco.com/groceries/en-GB/shop/fresh-food/all?department=Fresh%20Salad%2C%20Coleslaw%20%26%20Sandwich%20Fillers&viewAll=department&page=,£1.70,£1.70/each,,,/groceries/en-GB/products/283668681,https://digitalcontent.api.tesco.com/v2/media/ghs/1f307e3c-1335-4b13-83b4-8e989ec59796/c1324425-7287-4479-b9e5-702820f27d48.jpeg?h=225&w=225,
291894498,Me Too! Jalapeno Houmous 250G,https://www.tesco.com/groceries/en-GB/shop/fresh-food/all?department=Fresh%20Salad%2C%20Coleslaw%20%26%20Sandwich%20Fillers&viewAll=department&page=,£1.80,£0.72/100g,,,/groceries/en-GB/products/291894498,https://digitalcontent.api.tesco.com/v2/media/ghs/affb8ded-7bef-4770-ac6f-6d556dfff6c0/3c1a86b3-faef-42f4-8a60-25a37e48cc9b.jpeg?h=225&w=225,
305951149,Chop Basil Puree 75G,https://www.tesco.com/groceries/en-GB/shop/fresh-food/all?department=Fresh%20Salad%2C%20Coleslaw%20%26%20Sandwich%20Fillers&viewAll=department&page=,£1.30,£0.17/10g,,,/groceries/en-GB/products/305951149,https://digitalcontent.api.tesco.com/v2/media/ghs/50be9156-66d5-40fb-8039-84a55e3e3718/c47f7669-57c6-437e-8876-9a8565a2f0bd_771846944.jpeg?h=225&w=225,
303817728,Chop Lemongrass Puree 75G,https://www.tesco.com/groceries/en-GB/shop/fresh-food/all?department=Fresh%20Salad%2C%20Coleslaw%20%26%20Sandwich%20Fillers&viewAll=department&page=,£1.30,£0.17/10g,,,/groceries/en-GB/products/303817728,https://digitalcontent.api.tesco.com/v2/media/ghs/1769f5d9-2bec-46a0-9667-1e88bcf7a207/3d85cd8a-cb74-4e3e-a7a8-673862c0787c_1038191534.jpeg?h=225&w=225,
276778549,Tesco Sweet Chilli Noodle Salad 200G,https://www.tesco.com/groceries/en-GB/shop/fresh-food/all?department=Fresh%20Salad%2C%20Coleslaw%20%26%20Sandwich%20Fillers&viewAll=department&page=,£1.70,£0.85/100g,,,/groceries/en-GB/products/276778549,https://digitalcontent.api.tesco.com/v2/media/ghs/7d0e8c47-8e72-4c81-ac2b-c4f246bff023/78c46fd8-6a71-40c6-92ce-720185d5c7ef.jpeg?h=225&w=225,
312208217,Chop Avocado & Cucumber Salad Dressing 120G,https://www.tesco.com/groceries/en-GB/shop/fresh-food/all?department=Fresh%20Salad%2C%20Coleslaw%20%26%20Sandwich%20Fillers&viewAll=department&page=,£1.25,£1.05/100g,,,/groceries/en-GB/products/312208217,https://digitalcontent.api.tesco.com/v2/media/ghs/86c6a151-8b1b-41f3-80a6-cf3dcf62cf51/e1a08313-cca0-4980-b42c-f88b9549dae3_130885684.jpeg?h=225&w=225,
305990725,"Tesco Beautifully Balanced Chicken, Broccoli & Almond Salad 265G",https://www.tesco.com/groceries/en-GB/shop/fresh-food/all?department=Fresh%20Salad%2C%20Coleslaw%20%26%20Sandwich%20Fillers&viewAll=department&page=,£2.75,£1.04/100g,"£3.40 Meal Deal Clubcard Price £3.90 Meal Deal Regular Price - Selected Drink, Snack, Wrap, Sandwich, Roll, Pasty Or Salad",,/groceries/en-GB/products/305990725,https://digitalcontent.api.tesco.com/v2/media/ghs/7a613b7e-c14a-442d-a33a-d9e117af5545/90146213-d83c-411e-a120-99de2ca6ae72.jpeg?h=225&w=225,
292695438,Tesco Makrut Lime Leaves 2 Per Pack,https://www.tesco.com/groceries/en-GB/shop/fresh-food/all?department=Fresh%20Salad%2C%20Coleslaw%20%26%20Sandwich%20Fillers&viewAll=department&page=,£1.10,£0.55/each,,,/groceries/en-GB/products/292695438,https://digitalcontent.api.tesco.com/v2/media/ghs/b47048b5-9445-4290-9220-fde4b75152f4/1ae9ae21-4614-41ff-8b29-2c1ae1264652.jpeg?h=225&w=225,
285507466,Tesco Medium Pot Rosemary,https://www.tesco.com/groceries/en-GB/shop/fresh-food/all?department=Fresh%20Salad%2C%20Coleslaw%20%26%20Sandwich%20Fillers&viewAll=department&page=,£1.50,£1.50/each,,,/groceries/en-GB/products/285507466,https://digitalcontent.api.tesco.com/v2/media/ghs/49b15ea5-6146-423a-a66a-dfc3ccf7c3bc/dc20865a-36b6-4acc-b92f-d04e2987587c.jpeg?h=225&w=225,
312356188,Tesco Peppery Babyleaf Salad 80G,https://www.tesco.com/groceries/en-GB/shop/fresh-food/all?department=Fresh%20Salad%2C%20Coleslaw%20%26%20Sandwich%20Fillers&viewAll=department&page=,£1.25,£1.57/100g,,New,/groceries/en-GB/products/312356188,https://digitalcontent.api.tesco.com/v2/media/ghs/deb5c139-81bf-483f-98ba-1b5101f9ffe5/894b2738-35c1-4454-baf0-d33d14d0c7d3.jpeg?h=225&w=225,
301298774,Tesco Finest Thai Basil 30G,https://www.tesco.com/groceries/en-GB/shop/fresh-food/all?department=Fresh%20Salad%2C%20Coleslaw%20%26%20Sandwich%20Fillers&viewAll=department&page=,£0.90,£0.30/10g,,,/groceries/en-GB/products/301298774,https://digitalcontent.api.tesco.com/v2/media/ghs/222ec605-e6e1-47f0-b75b-54f2171042c9/21b64213-0b09-406e-8f2a-8ade2f3c6d0e.jpeg?h=225&w=225,
312352987,Tesco Mexican Style Rice & Beans 300G,https://www.tesco.com/groceries/en-GB/shop/fresh-food/all?department=Fresh%20Salad%2C%20Coleslaw%20%26%20Sandwich%20Fillers&viewAll=department&page=,£2.00,£6.67/kg,Any 3 for 2 Clubcard Price - Cheapest Product Free - Selected Vegetables 80g - 800g,,/groceries/en-GB/products/312352987,https://digitalcontent.api.tesco.com/v2/media/ghs/81cc73ac-aab5-4c95-8e39-48f960e81d2d/a53c5b8e-061d-4aaa-ba68-93d80455b9f5.jpeg?h=225&w=225,
305958575,Tesco Finest Mozzarella & Pesto Pasta Salad 240G,https://www.tesco.com/groceries/en-GB/shop/fresh-food/all?department=Fresh%20Salad%2C%20Coleslaw%20%26%20Sandwich%20Fillers&viewAll=department&page=,£3.00,£1.28/100g,,,/groceries/en-GB/products/305958575,https://digitalcontent.api.tesco.com/v2/media/ghs/adec22d5-2102-405a-9c8a-e658750d1663/f54f2880-0047-4141-a8db-a53d5184c352.jpeg?h=225&w=225,
308496540,Tesco Beautifully Balanced Indian Inspired Onion Bhaji 255G,https://www.tesco.com/groceries/en-GB/shop/fresh-food/all?department=Fresh%20Salad%2C%20Coleslaw%20%26%20Sandwich%20Fillers&viewAll=department&page=,£2.75,£1.08/100g,"£3.40 Meal Deal Clubcard Price £3.90 Meal Deal Regular Price - Selected Drink, Snack, Wrap, Sandwich, Roll, Pasty Or Salad",,/groceries/en-GB/products/308496540,https://digitalcontent.api.tesco.com/v2/media/ghs/1360b38b-2324-4956-9855-37f9daa66714/4c8fa78f-ba3a-473d-9349-12fbd0c0438c.jpeg?h=225&w=225,
307742464,T.P/Chef Mexican Inspired Falafel & Rice Salad 235G,https://www.tesco.com/groceries/en-GB/shop/fresh-food/all?department=Fresh%20Salad%2C%20Coleslaw%20%26%20Sandwich%20Fillers&viewAll=department&page=,£2.75,£1.18/100g,"£3.40 Meal Deal Clubcard Price £3.90 Meal Deal Regular Price - Selected Drink, Snack, Wrap, Sandwich, Roll, Pasty Or Salad",,/groceries/en-GB/products/307742464,https://digitalcontent.api.tesco.com/v2/media/ghs/34c50e68-661b-48d2-b417-231b83829621/1e173a6d-706e-4352-82e5-082d5a22277a.jpeg?h=225&w=225,
262524077,Yarden Houmous Reduced Calories 250G,https://www.tesco.com/groceries/en-GB/shop/fresh-food/all?department=Fresh%20Salad%2C%20Coleslaw%20%26%20Sandwich%20Fillers&viewAll=department&page=,£2.30,£0.92/100g,,,/groceries/en-GB/products/262524077,https://digitalcontent.api.tesco.com/v2/media/ghs/a515a696-cd44-46fa-8c54-d7ccd1cb33d5/ac4cafa3-7e62-4bd6-8a77-162bdc6ef579_2049971877.jpeg?h=225&w=225,
305988533,Tesco Finest Wild Mushroom Pasta 215G,https://www.tesco.com/groceries/en-GB/shop/fresh-food/all?department=Fresh%20Salad%2C%20Coleslaw%20%26%20Sandwich%20Fillers&viewAll=department&page=,£2.35,£1.10/100g,,,/groceries/en-GB/products/305988533,https://digitalcontent.api.tesco.com/v2/media/ghs/5d50cfa3-b043-4acc-b669-53d807fcabd6/d8b892aa-b723-411c-9b92-0fcf5f3e9a24.jpeg?h=225&w=225,
308848349,Tesco King Prawn & Mango Salad Bowl 230G,https://www.tesco.com/groceries/en-GB/shop/fresh-food/all?department=Fresh%20Salad%2C%20Coleslaw%20%26%20Sandwich%20Fillers&viewAll=department&page=,£2.75,£1.20/100g,,,/groceries/en-GB/products/308848349,https://digitalcontent.api.tesco.com/v2/media/ghs/4031e254-d5dd-445c-bfd7-c0f4ffeb76a3/65ca6152-49fb-4977-acfa-d269ded3e9c5.jpeg?h=225&w=225,
310108774,Tesco Chicken Katsu Salad Bowl 260G,https://www.tesco.com/groceries/en-GB/shop/fresh-food/all?department=Fresh%20Salad%2C%20Coleslaw%20%26%20Sandwich%20Fillers&viewAll=department&page=,£2.75,£1.06/100g,,,/groceries/en-GB/products/310108774,https://digitalcontent.api.tesco.com/v2/media/ghs/0750f50c-32e2-4b42-8b7f-7bfbe9703ce5/e8d72345-e38d-41c0-9c78-444af971c077.jpeg?h=225&w=225,
305988003,Tesco Potato & Egg Salad 300G,https://www.tesco.com/groceries/en-GB/shop/fresh-food/all?department=Fresh%20Salad%2C%20Coleslaw%20%26%20Sandwich%20Fillers&viewAll=department&page=,£2.50,£0.83/100g,,,/groceries/en-GB/products/305988003,https://digitalcontent.api.tesco.com/v2/media/ghs/eacc832d-9354-4410-b2c9-5dc6bef42ed7/5c4e1cbe-c742-4108-9ca1-6ed8326bcb82.jpeg?h=225&w=225,
311783697,Holy Moly Tzatziki 155G,https://www.tesco.com/groceries/en-GB/shop/fresh-food/all?department=Fresh%20Salad%2C%20Coleslaw%20%26%20Sandwich%20Fillers&viewAll=department&page=,£2.20,£1.42/100g,,,/groceries/en-GB/products/311783697,https://digitalcontent.api.tesco.com/v2/media/ghs/98a7afbe-214c-40e5-bfc9-bccad083cec6/091ec21a-bcc0-4e4a-a8c6-2f19d7de9cbe.jpeg?h=225&w=225,
307352476,Tesco Smoky Red Pepper Dressing 175Ml,https://www.tesco.com/groceries/en-GB/shop/fresh-food/all?department=Fresh%20Salad%2C%20Coleslaw%20%26%20Sandwich%20Fillers&viewAll=department&page=,£1.40,£0.80/100ml,,,/groceries/en-GB/products/307352476,https://digitalcontent.api.tesco.com/v2/media/ghs/c765b748-a278-482d-8ca5-6dee99c05bff/5d9e19f5-9c0c-4c7d-ab40-26c5d82cbd79.jpeg?h=225&w=225,
303817705,Chop Chilli Puree 75G,https://www.tesco.com/groceries/en-GB/shop/fresh-food/all?department=Fresh%20Salad%2C%20Coleslaw%20%26%20Sandwich%20Fillers&viewAll=department&page=,£1.30,£0.17/10g,,,/groceries/en-GB/products/303817705,https://digitalcontent.api.tesco.com/v2/media/ghs/0d14ca21-78a8-4c2e-b916-bbd8a9d14588/145fdf09-b468-42b6-94fb-87dd6835fd3f_1457672610.jpeg?h=225&w=225,
311449224,Tesco Coconut Chilli & Lime Dressing 175Ml,https://www.tesco.com/groceries/en-GB/shop/fresh-food/all?department=Fresh%20Salad%2C%20Coleslaw%20%26%20Sandwich%20Fillers&viewAll=department&page=,£1.40,£0.00/null,,,/groceries/en-GB/products/311449224,https://digitalcontent.api.tesco.com/v2/media/ghs/8ced537d-4441-48de-aef5-341f8c49843b/38eea9e8-da44-48db-b857-d67881254e79.jpeg?h=225&w=225,
311936961,Chop Miso Orange & Ginger Salad Dressing 120G,https://www.tesco.com/groceries/en-GB/shop/fresh-food/all?department=Fresh%20Salad%2C%20Coleslaw%20%26%20Sandwich%20Fillers&viewAll=department&page=,£1.25,£1.05/100g,,,/groceries/en-GB/products/311936961,https://digitalcontent.api.tesco.com/v2/media/ghs/4c8f29dd-fe85-4c60-8b51-9d28d6732e80/2de456a7-6d44-4107-a99d-6a4dfe5b0c0a_359470405.jpeg?h=225&w=225,
312227733,Chop Maple Orange & Wholegrain Mustard Salad Dressing 120G,https://www.tesco.com/groceries/en-GB/shop/fresh-food/all?department=Fresh%20Salad%2C%20Coleslaw%20%26%20Sandwich%20Fillers&viewAll=department&page=,£1.25,£1.05/100g,,,/groceries/en-GB/products/312227733,https://digitalcontent.api.tesco.com/v2/media/ghs/38db7685-782d-4c63-8db8-595737f19a6c/41190bb6-dbae-4ae7-b8cc-219223c90d5a_498637661.jpeg?h=225&w=225,
305974584,Chop Smoked Garlic Puree 75G,https://www.tesco.com/groceries/en-GB/shop/fresh-food/all?department=Fresh%20Salad%2C%20Coleslaw%20%26%20Sandwich%20Fillers&viewAll=department&page=,£1.30,£0.17/10g,,,/groceries/en-GB/products/305974584,https://digitalcontent.api.tesco.com/v2/media/ghs/d008b68f-b943-48dc-892d-71b4283d9839/3f192f7d-3b64-40c1-92f4-0933d3009a42_443118967.jpeg?h=225&w=225,
305039557,Tesco Cut Oregano Pepper & Aromatic 20G,https://www.tesco.com/groceries/en-GB/shop/fresh-food/all?department=Fresh%20Salad%2C%20Coleslaw%20%26%20Sandwich%20Fillers&viewAll=department&page=,£0.60,£0.30/10g,,,/groceries/en-GB/products/305039557,https://digitalcontent.api.tesco.com/v2/media/ghs/1778f8ee-b800-42a3-b39c-390a2a09492e/459a89f3-7326-4f94-90eb-0dd67d612705.jpeg?h=225&w=225,
312577329,Tesco Banoffee Flavoured Nut & Chocolate Mix 25G,https://www.tesco.com/groceries/en-GB/shop/fresh-food/all?department=Fresh%20Salad%2C%20Coleslaw%20%26%20Sandwich%20Fillers&viewAll=department&page=,£0.60,£24.00/kg,Any 3 for 2 Clubcard Price - Cheapest Product Free - Selected Tesco Dried Fruit Or Nuts,,/groceries/en-GB/products/312577329,https://digitalcontent.api.tesco.com/v2/media/ghs/dc802000-52e9-42bf-a61f-92128df23974/dc119cd9-2865-4bd0-9c23-301177785eb2_1592875318.jpeg?h=225&w=225,
305251564,Innocent Kids Strawberry Raspberry & Apple 10X150ml,https://www.tesco.com/groceries/en-GB/shop/fresh-food/all?department=Juice%20%26%20Smoothies&viewAll=department&page=,£6.50,£0.43/100ml,,,/groceries/en-GB/products/305251564,https://digitalcontent.api.tesco.com/v2/media/ghs/30371e9e-669f-4ae1-b965-ca52301f0fe2/b876ba36-1e90-46bf-bd5f-54839c4d028c.jpeg?h=225&w=225,
271400233,Innocent Orange Juice Smooth 1.35L,https://www.tesco.com/groceries/en-GB/shop/fresh-food/all?department=Juice%20%26%20Smoothies&viewAll=department&page=,£3.90,£0.29/100ml,,,/groceries/en-GB/products/271400233,https://digitalcontent.api.tesco.com/v2/media/ghs/c0b18d8a-f9a2-4d57-9c62-53be173a533a/57f5f28e-f6e7-474b-8a50-824d9034a88b.jpeg?h=225&w=225,
301443833,Copella Apple Juice 1.35L,https://www.tesco.com/groceries/en-GB/shop/fresh-food/all?department=Juice%20%26%20Smoothies&viewAll=department&page=,£3.00,£0.22/100ml,,,/groceries/en-GB/products/301443833,https://digitalcontent.api.tesco.com/v2/media/ghs/d60fd560-94c4-4615-90ea-6b5ad874affa/bd57df6d-a325-428b-97be-86220cf1908e.jpeg?h=225&w=225,
305529830,Innocent Kids Orange Mango & Pineapple 4X150ml,https://www.tesco.com/groceries/en-GB/shop/fresh-food/all?department=Juice%20%26%20Smoothies&viewAll=department&page=,£3.30,£0.55/100ml,£2.50 Clubcard Price,,/groceries/en-GB/products/305529830,https://digitalcontent.api.tesco.com/v2/media/ghs/c32db8bc-2627-4e96-808c-f34e61acb74b/09a81039-971b-4bdd-ac4f-9d47613c850a.jpeg?h=225&w=225,
305249700,Innocent Kids Strawberry Raspberry & Apple 4X150ml,https://www.tesco.com/groceries/en-GB/shop/fresh-food/all?department=Juice%20%26%20Smoothies&viewAll=department&page=,£3.30,£0.55/100ml,£2.50 Clubcard Price,,/groceries/en-GB/products/305249700,https://digitalcontent.api.tesco.com/v2/media/ghs/e1544244-e24d-44bc-9a2f-5380b2099c3e/607ad4f5-0cfc-4ef5-963e-451d4be4622e.jpeg?h=225&w=225,
305524927,Innocent Kids Smoothies Apple & Blackcurrant 4X150ml,https://www.tesco.com/groceries/en-GB/shop/fresh-food/all?department=Juice%20%26%20Smoothies&viewAll=department&page=,£3.30,£0.55/100ml,£2.50 Clubcard Price,,/groceries/en-GB/products/305524927,https://digitalcontent.api.tesco.com/v2/media/ghs/4ea0242a-8cb1-4e62-b4c0-bbfe288281f2/5a1cda92-1fe7-419a-88bf-db92a921b9bc.jpeg?h=225&w=225,
254859580,Tesco Pure Apple Juice 1 Litre,https://www.tesco.com/groceries/en-GB/shop/fresh-food/all?department=Juice%20%26%20Smoothies&viewAll=department&page=,£1.00,£0.10/100ml,Any 4 for £3.50 Clubcard Price - Tesco Orange Or Apple Juice 1 Litre,,/groceries/en-GB/products/254859580,https://digitalcontent.api.tesco.com/v2/media/ghs/2d1b2d1c-8c0f-471b-bc37-2dd1988259a1/b6d2d5ce-3958-469e-84e4-5613eff80d9d_1985060341.jpeg?h=225&w=225,
252648579,Ocean Spray Cranberry Classic Light Juice Drink 1 Litre,https://www.tesco.com/groceries/en-GB/shop/fresh-food/all?department=Juice%20%26%20Smoothies&viewAll=department&page=,£1.75,£0.18/100ml,,,/groceries/en-GB/products/252648579,https://digitalcontent.api.tesco.com/v2/media/ghs/514fcbd9-f571-49ca-8d0c-075bbe614cf5/518f3e59-0c2b-4075-b9f2-8b1a14dae229_936510173.jpeg?h=225&w=225,
293945418,Tesco Cranberry Juice 1 Litre,https://www.tesco.com/groceries/en-GB/shop/fresh-food/all?department=Juice%20%26%20Smoothies&viewAll=department&page=,£1.45,£0.14/100ml,,,/groceries/en-GB/products/293945418,https://digitalcontent.api.tesco.com/v2/media/ghs/fab161a1-0e55-4d85-982a-7f8b62b0fbf5/0254ca74-fd3c-43dc-b48a-ea8a781c06d4_895238580.jpeg?h=225&w=225,
265161034,Happy Monkey Orange Mango Smoothie 4X180ml,https://www.tesco.com/groceries/en-GB/shop/fresh-food/all?department=Juice%20%26%20Smoothies&viewAll=department&page=,£2.30,£0.32/100ml,,,/groceries/en-GB/products/265161034,https://digitalcontent.api.tesco.com/v2/media/ghs/7ba8ef6c-5ffc-4479-966a-cc03534b860d/a9ae93f6-787f-4f41-b906-e9f32e623714.jpeg?h=225&w=225,
265160818,Happy Monkey Strawberries & Bananas 4 Pack,https://www.tesco.com/groceries/en-GB/shop/fresh-food/all?department=Juice%20%26%20Smoothies&viewAll=department&page=,£2.30,£0.32/100ml,,,/groceries/en-GB/products/265160818,https://digitalcontent.api.tesco.com/v2/media/ghs/0b9a8c41-7312-4c19-a784-7b578a4c02b2/1bbe6818-8803-413e-8549-1e9da3c66742.jpeg?h=225&w=225,
254859384,Ocean Spray Cranbery Classic Juice Drink 1Ltr,https://www.tesco.com/groceries/en-GB/shop/fresh-food/all?department=Juice%20%26%20Smoothies&viewAll=department&page=,£1.75,£0.18/100ml,,,/groceries/en-GB/products/254859384,https://digitalcontent.api.tesco.com/v2/media/ghs/884030e0-9538-4c6b-b9f6-72a7407ad3cc/23d54170-a0d4-4a64-940d-d3b4c6e3c36e_1440081844.jpeg?h=225&w=225,
278082689,Tesco No Added Sugar Cranberry Juice Drink 1 Litre,https://www.tesco.com/groceries/en-GB/shop/fresh-food/all?department=Juice%20%26%20Smoothies&viewAll=department&page=,£1.00,£0.10/100ml,,,/groceries/en-GB/products/278082689,https://digitalcontent.api.tesco.com/v2/media/ghs/38ff4a40-3b8b-47f1-b9ce-013b10bfaee2/8bd3d23b-1a4f-4c09-a38f-22994e6fe2b8_1261714546.jpeg?h=225&w=225,
276956270,Tesco Pressed Apple Juice Not From Concentrate 1 Litre,https://www.tesco.com/groceries/en-GB/shop/fresh-food/all?department=Juice%20%26%20Smoothies&viewAll=department&page=,£1.45,£0.14/100ml,,,/groceries/en-GB/products/276956270,https://digitalcontent.api.tesco.com/v2/media/ghs/e25b0db1-8002-4762-a553-7ab61e6c8ed4/00e52de7-5db5-4a5d-ab39-3d8d4f3590ed.jpeg?h=225&w=225,
305983377,Tesco Mango Passion Fruit Smoothie 750Ml,https://www.tesco.com/groceries/en-GB/shop/fresh-food/all?department=Juice%20%26%20Smoothies&viewAll=department&page=,£1.60,£0.21/100ml,,,/groceries/en-GB/products/305983377,https://digitalcontent.api.tesco.com/v2/media/ghs/8fff5f70-2c75-46e0-94ca-89ce34fe4ac5/dd8e50d5-c73b-40a4-9b44-f3d7689d44b2_1591274966.jpeg?h=225&w=225,
257630874,Ocean Spray Cranberry & Raspberry Juice Drink 1 Litre,https://www.tesco.com/groceries/en-GB/shop/fresh-food/all?department=Juice%20%26%20Smoothies&viewAll=department&page=,£1.75,£0.18/100ml,,New,/groceries/en-GB/products/257630874,https://digitalcontent.api.tesco.com/v2/media/ghs/c2035d12-6768-4bd4-8c49-0da445097972/aa1223ce-3127-46f4-a234-3f7aaedd8361_1422581710.jpeg?h=225&w=225,
305959509,Tesco Strawberry Sensation Smoothie 750Ml,https://www.tesco.com/groceries/en-GB/shop/fresh-food/all?department=Juice%20%26%20Smoothies&viewAll=department&page=,£1.60,£0.21/100ml,,,/groceries/en-GB/products/305959509,https://digitalcontent.api.tesco.com/v2/media/ghs/aec3401d-6e75-4f2c-9b9d-425fc5d1c6b6/9524d09e-bff1-43c6-9769-883f7f2915c1_1646178847.jpeg?h=225&w=225,
256095926,Tesco Cranberry Juice Drink 1L,https://www.tesco.com/groceries/en-GB/shop/fresh-food/all?department=Juice%20%26%20Smoothies&viewAll=department&page=,£1.00,£0.10/100ml,,,/groceries/en-GB/products/256095926,https://digitalcontent.api.tesco.com/v2/media/ghs/2ce75e54-3484-412b-8dd5-5c53e9e219f1/49791ce7-92dc-4711-a98f-1f27f2301d0c_1993233400.jpeg?h=225&w=225,
276956454,Tesco Apple & Mango Juice Not From Concentrate 1 Litre,https://www.tesco.com/groceries/en-GB/shop/fresh-food/all?department=Juice%20%26%20Smoothies&viewAll=department&page=,£1.45,£0.14/100ml,,,/groceries/en-GB/products/276956454,https://digitalcontent.api.tesco.com/v2/media/ghs/e3a89aee-ec74-40a3-bfb3-1e3b0516b037/efc64e8f-2dd1-4249-8e77-2402d6ae2611.jpeg?h=225&w=225,
278082620,Tesco No Added Sugar Cranberry Raspberry Juice Drink 1 Litre,https://www.tesco.com/groceries/en-GB/shop/fresh-food/all?department=Juice%20%26%20Smoothies&viewAll=department&page=,£1.00,£0.10/100ml,,,/groceries/en-GB/products/278082620,https://digitalcontent.api.tesco.com/v2/media/ghs/ee78276e-578e-4c7d-808f-c1a1e17e1a38/70c68033-71ea-43a3-a61e-10e28dfce089_696337279.jpeg?h=225&w=225,
301219495,Growers Harvest Pure Apple Juice 1 Litre,https://www.tesco.com/groceries/en-GB/shop/fresh-food/all?department=Juice%20%26%20Smoothies&viewAll=department&page=,£0.85,£0.08/100ml,Aldi Price Match,,/groceries/en-GB/products/301219495,https://digitalcontent.api.tesco.com/v2/media/ghs/55240c29-a5f8-4769-b9c1-1d9dc88bc362/39a62392-d51a-4439-9cf5-30d95efa4c4d_349138359.jpeg?h=225&w=225,
301219459,Tesco Tropical Juice Drink 1 Litre,https://www.tesco.com/groceries/en-GB/shop/fresh-food/all?department=Juice%20%26%20Smoothies&viewAll=department&page=,£1.00,£0.10/100ml,,,/groceries/en-GB/products/301219459,https://digitalcontent.api.tesco.com/v2/media/ghs/e9b77009-5f88-47ae-a395-2043d2adbf83/01308282-beef-48f1-af03-8c75f6d592bf_1885006501.jpeg?h=225&w=225,
254859516,Tesco Pure Orange Juice Smooth 1 Litre,https://www.tesco.com/groceries/en-GB/shop/fresh-food/all?department=Juice%20%26%20Smoothies&viewAll=department&page=,£1.00,£0.10/100ml,Any 4 for £3.50 Clubcard Price - Tesco Orange Or Apple Juice 1 Litre,,/groceries/en-GB/products/254859516,https://digitalcontent.api.tesco.com/v2/media/ghs/dbc36553-44c9-43de-a79f-410e5a325d26/3c1b1a9f-3afe-4ee8-83c9-3bac8f7d41e2_1929967848.jpeg?h=225&w=225,
277805154,Tesco 100% Pure Not From Concentrate Squeezed Juice Clementine 1L,https://www.tesco.com/groceries/en-GB/shop/fresh-food/all?department=Juice%20%26%20Smoothies&viewAll=department&page=,£1.45,£0.14/100ml,,,/groceries/en-GB/products/277805154,https://digitalcontent.api.tesco.com/v2/media/ghs/6776446a-08f3-4340-97d1-daac7d207a32/snapshotimagehandler_1737750893.jpeg?h=225&w=225,
263450571,Tesco Apple Mango Passion Fruit & Peach Juice Not From Concentrate 1L,https://www.tesco.com/groceries/en-GB/shop/fresh-food/all?department=Juice%20%26%20Smoothies&viewAll=department&page=,£1.45,£0.14/100ml,,,/groceries/en-GB/products/263450571,https://digitalcontent.api.tesco.com/v2/media/ghs/26967ea4-3e3f-470d-8a92-9c20f8938a31/19b28b5e-1dca-4f8e-9019-a19924b9602f_1550865694.jpeg?h=225&w=225,
257983254,Tesco Tomato Juice 1 Litre,https://www.tesco.com/groceries/en-GB/shop/fresh-food/all?department=Juice%20%26%20Smoothies&viewAll=department&page=,£1.00,£0.10/100ml,,,/groceries/en-GB/products/257983254,https://digitalcontent.api.tesco.com/v2/media/ghs/c41f87d7-a5c9-4f2b-ba8b-1ca1b2678077/3cb76147-b177-415b-b92a-2cbde777b55d_1597562132.jpeg?h=225&w=225,
289510599,Tesco Apple And Mango From Concentrate 1 Litre,https://www.tesco.com/groceries/en-GB/shop/fresh-food/all?department=Juice%20%26%20Smoothies&viewAll=department&page=,£1.00,£0.10/100ml,,,/groceries/en-GB/products/289510599,https://digitalcontent.api.tesco.com/v2/media/ghs/975c95df-37a3-4f7d-a929-5948efdfb05a/fb8fb0fa-94d5-4bfc-85f7-ecd0b94f3369_370527192.jpeg?h=225&w=225,
260448994,Tropicana Orange Juice Smooth 4 X 250Ml,https://www.tesco.com/groceries/en-GB/shop/fresh-food/all?department=Juice%20%26%20Smoothies&viewAll=department&page=,£3.20,£0.32/100ml,£2.25 Clubcard Price,,/groceries/en-GB/products/260448994,https://digitalcontent.api.tesco.com/v2/media/ghs/dea8b518-3f78-497f-b7fd-6c3245e994f8/8cba9339-5239-4df6-9676-e6627b3a21a4_1763536162.jpeg?h=225&w=225,
278993187,Tesco 100% Pure Squeezed Breakfast Juice Not From Concentrate 1 Litre,https://www.tesco.com/groceries/en-GB/shop/fresh-food/all?department=Juice%20%26%20Smoothies&viewAll=department&page=,£1.45,£0.14/100ml,,,/groceries/en-GB/products/278993187,https://digitalcontent.api.tesco.com/v2/media/ghs/6365cc1f-18d9-4a85-8c70-b9adafeeec05/0116485e-844b-4d67-8d7a-65a7b7012610.jpeg?h=225&w=225,
301219535,Growers Harvest Apple Juice Drink 1 Litre,https://www.tesco.com/groceries/en-GB/shop/fresh-food/all?department=Juice%20%26%20Smoothies&viewAll=department&page=,£0.69,£0.07/100ml,Aldi Price Match,,/groceries/en-GB/products/301219535,https://digitalcontent.api.tesco.com/v2/media/ghs/cebf0185-174e-447e-99f1-317f1905d4fc/33db0d28-ec70-41a6-8bad-aeb073a58846_1235866895.jpeg?h=225&w=225,
258997144,Tesco Orange Juice With Bits Not From Concentrate 1L,https://www.tesco.com/groceries/en-GB/shop/fresh-food/all?department=Juice%20%26%20Smoothies&viewAll=department&page=,£1.45,£0.14/100ml,,,/groceries/en-GB/products/258997144,https://digitalcontent.api.tesco.com/v2/media/ghs/804c8912-1e3c-4edd-8831-ab0c855da35c/1614f58e-e284-43a3-a7b9-ace0e5a7c3db.jpeg?h=225&w=225,
300474095,Growers Harvest Pure Apple Juice 2 Litre,https://www.tesco.com/groceries/en-GB/shop/fresh-food/all?department=Juice%20%26%20Smoothies&viewAll=department&page=,£1.39,£0.07/100ml,,,/groceries/en-GB/products/300474095,https://digitalcontent.api.tesco.com/v2/media/ghs/fcf2a37d-a366-4402-a710-852f42a9a03a/72c07c00-a6dc-4dc4-8e8d-8e60f9632340.jpeg?h=225&w=225,
259151850,Tesco 100% Pure Squeezed Orange Juice Smooth Not From Concentrate 1L,https://www.tesco.com/groceries/en-GB/shop/fresh-food/all?department=Juice%20%26%20Smoothies&viewAll=department&page=,£1.45,£0.14/100ml,,,/groceries/en-GB/products/259151850,https://digitalcontent.api.tesco.com/v2/media/ghs/82b3b982-084b-4fd8-9675-0b57648e13ff/b4a14801-32ca-4660-9d9f-b8983c6abef7.jpeg?h=225&w=225,
301219512,Growers Harvest Orange Juice Drink No Added Sugar 1Litre,https://www.tesco.com/groceries/en-GB/shop/fresh-food/all?department=Juice%20%26%20Smoothies&viewAll=department&page=,£0.79,£0.08/100ml,Aldi Price Match,,/groceries/en-GB/products/301219512,https://digitalcontent.api.tesco.com/v2/media/ghs/e8b91a41-83cf-4ee6-b813-05bde75bf1bc/d6ce2b72-0dac-4c7d-890b-00e1bde25a76_1853193186.jpeg?h=225&w=225,
300473931,Growers Harvest Pure Apple Juice 1 Litre,https://www.tesco.com/groceries/en-GB/shop/fresh-food/all?department=Juice%20%26%20Smoothies&viewAll=department&page=,£0.75,£0.08/100ml,Aldi Price Match,,/groceries/en-GB/products/300473931,https://digitalcontent.api.tesco.com/v2/media/ghs/0aaef133-b385-4cfa-adb1-3d61865048fa/f76bcecc-8428-4c9a-862f-3b6d91283ac0.jpeg?h=225&w=225,
255595993,Tesco Orange Juice With Bits Not From Concentrate 1.75L,https://www.tesco.com/groceries/en-GB/shop/fresh-food/all?department=Juice%20%26%20Smoothies&viewAll=department&page=,£2.10,£0.12/100ml,,,/groceries/en-GB/products/255595993,https://digitalcontent.api.tesco.com/v2/media/ghs/bb3066b8-90f8-41b6-86de-ea11fb961cd2/6e71f4be-021a-4ca7-9b25-acb9f8d090bc.jpeg?h=225&w=225,
293945257,Tesco 100% Forest Fruits Juice 1 Litre,https://www.tesco.com/groceries/en-GB/shop/fresh-food/all?department=Juice%20%26%20Smoothies&viewAll=department&page=,£1.45,£0.14/100ml,,,/groceries/en-GB/products/293945257,https://digitalcontent.api.tesco.com/v2/media/ghs/2f4e94a9-2059-4316-b7e8-45bb16371847/2c1bf27d-60b3-4fe4-9971-493b2a2f2a4d.jpeg?h=225&w=225,
255595843,Tesco Orange Juice Smooth Not From Concentrate 1.75L,https://www.tesco.com/groceries/en-GB/shop/fresh-food/all?department=Juice%20%26%20Smoothies&viewAll=department&page=,£2.10,£0.12/100ml,,,/groceries/en-GB/products/255595843,https://digitalcontent.api.tesco.com/v2/media/ghs/e7dd7d43-1b63-4211-bb0c-f8c3835ce5f2/591fc1c7-c46b-4520-bee0-63fcce2734f0.jpeg?h=225&w=225,
264959141,Tesco 100% Squeezed & Pressed Orange & Mango Juice Not From Concentrate 1L,https://www.tesco.com/groceries/en-GB/shop/fresh-food/all?department=Juice%20%26%20Smoothies&viewAll=department&page=,£1.45,£0.14/100ml,,,/groceries/en-GB/products/264959141,https://digitalcontent.api.tesco.com/v2/media/ghs/5f3f7027-029a-4a37-bd26-03f79f58a073/79aa9a8d-5f56-4846-acc7-6a8a37c72e64.jpeg?h=225&w=225,
299914924,Grower's Harvest Orange Juice Smooth 1 Litre,https://www.tesco.com/groceries/en-GB/shop/fresh-food/all?department=Juice%20%26%20Smoothies&viewAll=department&page=,£0.85,£0.08/100ml,Aldi Price Match,,/groceries/en-GB/products/299914924,https://digitalcontent.api.tesco.com/v2/media/ghs/0e5dc901-49d0-4b89-a8ab-1f55db685aa4/245e1685-4b35-432e-8d48-00f5f37f5d6f_66005929.jpeg?h=225&w=225,
259336315,Tesco Pineapple Juice 1 Litre,https://www.tesco.com/groceries/en-GB/shop/fresh-food/all?department=Juice%20%26%20Smoothies&viewAll=department&page=,£1.00,£0.10/100ml,,,/groceries/en-GB/products/259336315,https://digitalcontent.api.tesco.com/v2/media/ghs/8cbfed26-2f4c-428a-bf24-242f8bb533b1/9021af98-f87f-496d-932b-1f152b30964a_1692273002.jpeg?h=225&w=225,
300473499,Growers Harvest Orange Juice Smooth 1L,https://www.tesco.com/groceries/en-GB/shop/fresh-food/all?department=Juice%20%26%20Smoothies&viewAll=department&page=,£0.75,£0.08/100ml,Aldi Price Match,,/groceries/en-GB/products/300473499,https://digitalcontent.api.tesco.com/v2/media/ghs/19d2b9fb-bbf7-42de-9360-2ac1ec5993bc/3cea6444-fadd-4e37-849e-b2eb27ec34fa.jpeg?h=225&w=225,
300474469,Growers Harvest Orange Juice Smooth 2L,https://www.tesco.com/groceries/en-GB/shop/fresh-food/all?department=Juice%20%26%20Smoothies&viewAll=department&page=,£1.39,£0.07/100ml,Aldi Price Match,,/groceries/en-GB/products/300474469,https://digitalcontent.api.tesco.com/v2/media/ghs/3984cb06-42bc-4754-ae2f-168829c7d882/b0b377f3-7020-4642-a2e8-05c327f794f1.jpeg?h=225&w=225,
300474112,Growers Harvest Orange Juice With Bits 1L,https://www.tesco.com/groceries/en-GB/shop/fresh-food/all?department=Juice%20%26%20Smoothies&viewAll=department&page=,£0.75,£0.08/100ml,,,/groceries/en-GB/products/300474112,https://digitalcontent.api.tesco.com/v2/media/ghs/0712a0c4-a4a9-43fb-a7a6-640c3360dffd/d1526225-20ad-49c5-ae2b-ac3f59c81547.jpeg?h=225&w=225,
282646562,Tesco Pink Grapefruit 1 Litre,https://www.tesco.com/groceries/en-GB/shop/fresh-food/all?department=Juice%20%26%20Smoothies&viewAll=department&page=,£1.45,£0.14/100ml,,,/groceries/en-GB/products/282646562,https://digitalcontent.api.tesco.com/v2/media/ghs/e4922c70-1e28-4931-972e-7252e44af0a6/dbc64b19-7e71-4c23-98f9-782570794982.jpeg?h=225&w=225,
276956212,T.100% Pure Pressed Pineapple Juicenfc 1 Litre,https://www.tesco.com/groceries/en-GB/shop/fresh-food/all?department=Juice%20%26%20Smoothies&viewAll=department&page=,£1.45,£0.14/100ml,,,/groceries/en-GB/products/276956212,https://digitalcontent.api.tesco.com/v2/media/ghs/ae12342d-cfb8-4911-a0f4-eb31378ecce7/a61e5758-9d36-4a24-91e0-0b25fdad252a_612148850.jpeg?h=225&w=225,
305251351,Innocent Kids Orange Mango & Pineapple 10X150ml,https://www.tesco.com/groceries/en-GB/shop/fresh-food/all?department=Juice%20%26%20Smoothies&viewAll=department&page=,£6.50,£0.43/100ml,,,/groceries/en-GB/products/305251351,https://digitalcontent.api.tesco.com/v2/media/ghs/bbd05607-f801-40c0-9d4a-5cbdc6fc265a/e4606bf7-71ab-4873-a67e-adddee3f47ae.jpeg?h=225&w=225,
305521078,Innocent Invigorate Super Smoothie 750Ml,https://www.tesco.com/groceries/en-GB/shop/fresh-food/all?department=Juice%20%26%20Smoothies&viewAll=department&page=,£4.30,£0.57/100ml,,,/groceries/en-GB/products/305521078,https://digitalcontent.api.tesco.com/v2/media/ghs/d112d789-d016-4881-bb94-0a913fdd5abe/675c4459-f820-4a76-9085-5bcdcd2c51af.jpeg?h=225&w=225,
271400354,Innocent Orange Juice With Bits 1.35L,https://www.tesco.com/groceries/en-GB/shop/fresh-food/all?department=Juice%20%26%20Smoothies&viewAll=department&page=,£3.90,£0.29/100ml,,,/groceries/en-GB/products/271400354,https://digitalcontent.api.tesco.com/v2/media/ghs/8623b1ce-1c90-4945-996d-0e6644b84fe2/e072b12d-cc18-453d-a41c-9b7632948e17.jpeg?h=225&w=225,
272489114,Innocent Apple Juice 1.35L,https://www.tesco.com/groceries/en-GB/shop/fresh-food/all?department=Juice%20%26%20Smoothies&viewAll=department&page=,£3.90,£0.29/100ml,,,/groceries/en-GB/products/272489114,https://digitalcontent.api.tesco.com/v2/media/ghs/4f78d88d-0cb4-4948-b3a3-c6e87e05aa1b/52028b5a-2b68-4d4e-ae37-0b22a6d72835.jpeg?h=225&w=225,
276685837,Innocent Tropical Juice 1.35 Litres,https://www.tesco.com/groceries/en-GB/shop/fresh-food/all?department=Juice%20%26%20Smoothies&viewAll=department&page=,£3.90,£0.29/100ml,,,/groceries/en-GB/products/276685837,https://digitalcontent.api.tesco.com/v2/media/ghs/85054632-7c48-43e7-a6db-53d6a8a82ef7/4b8c7e94-a7f3-4eb7-86c7-7a0a458166cf.jpeg?h=225&w=225,
266828570,Pom Wonderful 100% Pomegranate Juice 710Ml,https://www.tesco.com/groceries/en-GB/shop/fresh-food/all?department=Juice%20%26%20Smoothies&viewAll=department&page=,£4.20,£0.59/100ml,,,/groceries/en-GB/products/266828570,https://digitalcontent.api.tesco.com/v2/media/ghs/3a3ff9e0-6fe7-4baf-8f34-ba4106ab8fa4/2cd7e433-f088-4ee8-9eaf-ccf50713023b_969820619.jpeg?h=225&w=225,
305984399,Innocent Super Smoothie Strawberry Burst 4X150ml,https://www.tesco.com/groceries/en-GB/shop/fresh-food/all?department=Juice%20%26%20Smoothies&viewAll=department&page=,£3.80,£0.63/100ml,,,/groceries/en-GB/products/305984399,https://digitalcontent.api.tesco.com/v2/media/ghs/6050f8e3-c590-46a6-81f6-2668521e9074/a2399164-58e1-4a6f-8bb6-6becea80d1bb.jpeg?h=225&w=225,
298025889,Benefit 100% Prune Juice 1Litre,https://www.tesco.com/groceries/en-GB/shop/fresh-food/all?department=Juice%20%26%20Smoothies&viewAll=department&page=,£3.40,£0.34/100ml,,,/groceries/en-GB/products/298025889,https://digitalcontent.api.tesco.com/v2/media/ghs/a0a72fec-2def-47fb-92f3-f1e1c62eb85f/57e53135-4630-4da4-a082-2d45b4faa5f9_1563360413.jpeg?h=225&w=225,
301443856,Copella Apple And Elderflower Juice 1.35L,https://www.tesco.com/groceries/en-GB/shop/fresh-food/all?department=Juice%20%26%20Smoothies&viewAll=department&page=,£3.00,£0.22/100ml,,,/groceries/en-GB/products/301443856,https://digitalcontent.api.tesco.com/v2/media/ghs/ea4c0a21-fc8f-4929-87ea-604434e30de1/b4373e61-65e0-4568-9879-b6685098b55e.jpeg?h=225&w=225,
252930803,Sunsweet Prune Juice 1 Litre,https://www.tesco.com/groceries/en-GB/shop/fresh-food/all?department=Juice%20%26%20Smoothies&viewAll=department&page=,£4.00,£0.40/100ml,,,/groceries/en-GB/products/252930803,https://digitalcontent.api.tesco.com/v2/media/ghs/0fafd033-93ce-40b8-afc8-f8661509737c/295b74dd-4fab-4cf2-ae90-04d8f41d34e4_178057395.jpeg?h=225&w=225,
278083043,Cawston Press Brilliant Beetroot Juice 1L,https://www.tesco.com/groceries/en-GB/shop/fresh-food/all?department=Juice%20%26%20Smoothies&viewAll=department&page=,£2.70,£0.27/100ml,,,/groceries/en-GB/products/278083043,https://digitalcontent.api.tesco.com/v2/media/ghs/60ccead4-7c29-4a0b-9264-a12562acaeb5/7d6b578e-ad7d-4f6f-a29c-c7bd5c4f8b3a_2005673103.jpeg?h=225&w=225,
256650348,V8 Vegetable Juice 1 Litre,https://www.tesco.com/groceries/en-GB/shop/fresh-food/all?department=Juice%20%26%20Smoothies&viewAll=department&page=,£2.90,£0.29/100ml,,,/groceries/en-GB/products/256650348,https://digitalcontent.api.tesco.com/v2/media/ghs/2ce1331f-04dc-4026-8c8c-12c8d8c0ad2c/00323c37-700d-496d-8f25-f746baecad71_2131891180.jpeg?h=225&w=225,
287438170,Tropicana Orange Juice Smooth 300Ml,https://www.tesco.com/groceries/en-GB/shop/fresh-food/all?department=Juice%20%26%20Smoothies&viewAll=department&page=,£1.65,£0.55/100ml,"£3.40 Meal Deal Clubcard Price £3.90 Meal Deal Regular Price - Selected Drink, Snack, Wrap, Sandwich, Roll, Pasty Or Salad",,/groceries/en-GB/products/287438170,https://digitalcontent.api.tesco.com/v2/media/ghs/cda7a9db-b0ed-4c21-987e-eb8030f2f0ed/f343caef-5448-4b15-8fc7-c5ea790aaecc.jpeg?h=225&w=225,
305528318,Innocent Energise Super Smoothie 750Ml,https://www.tesco.com/groceries/en-GB/shop/fresh-food/all?department=Juice%20%26%20Smoothies&viewAll=department&page=,£4.30,£0.57/100ml,,,/groceries/en-GB/products/305528318,https://digitalcontent.api.tesco.com/v2/media/ghs/379b905e-9e6b-41f8-9cf7-941cb50133c5/250ded02-4396-41ec-b1e4-327ead0b39f6.jpeg?h=225&w=225,
305948269,Innocent Super Smoothie Mango Fandango 4X150ml,https://www.tesco.com/groceries/en-GB/shop/fresh-food/all?department=Juice%20%26%20Smoothies&viewAll=department&page=,£3.80,£0.63/100ml,,,/groceries/en-GB/products/305948269,https://digitalcontent.api.tesco.com/v2/media/ghs/eda26ac7-e507-4fa0-a703-f705de116a94/97c18c77-dcb1-449c-b0dd-66e0723323aa.jpeg?h=225&w=225,
270928025,Innocent Mango & Passion Fruit Smoothie 750Ml,https://www.tesco.com/groceries/en-GB/shop/fresh-food/all?department=Juice%20%26%20Smoothies&viewAll=department&page=,£3.30,£0.44/100ml,£2.50 Clubcard Price,,/groceries/en-GB/products/270928025,https://digitalcontent.api.tesco.com/v2/media/ghs/b8a12cba-c00a-4d4f-81c4-606f647b54ed/a9037262-8fa9-4993-80cd-d47bb77babd2.jpeg?h=225&w=225,
268094074,Vita Coco Natural Coconut Water 1L,https://www.tesco.com/groceries/en-GB/shop/fresh-food/all?department=Juice%20%26%20Smoothies&viewAll=department&page=,£4.00,£0.40/100ml,,,/groceries/en-GB/products/268094074,https://digitalcontent.api.tesco.com/v2/media/ghs/d252e073-33ce-4b34-9aa6-c1a7b3cec19b/2bd593ff-425b-4b14-8de2-7e61c519633d_1747976840.jpeg?h=225&w=225,
305530240,Innocent Kids Apple Juice 4X150ml,https://www.tesco.com/groceries/en-GB/shop/fresh-food/all?department=Juice%20%26%20Smoothies&viewAll=department&page=,£3.50,£0.58/100ml,£2.50 Clubcard Price,,/groceries/en-GB/products/305530240,https://digitalcontent.api.tesco.com/v2/media/ghs/61116757-649b-46bc-807d-fff60872b9da/81605355-5b0c-4f0e-b702-9380ff486559.jpeg?h=225&w=225,
287294655,Tropicana Orange & Mango Juice 850Ml,https://www.tesco.com/groceries/en-GB/shop/fresh-food/all?department=Juice%20%26%20Smoothies&viewAll=department&page=,£2.75,£0.32/100ml,,,/groceries/en-GB/products/287294655,https://digitalcontent.api.tesco.com/v2/media/ghs/4a5ecf74-f69d-485f-8874-970c1c6b61ce/335e0568-dc9f-48b2-97b0-73e48e8fd7ec.jpeg?h=225&w=225,
305528693,Innocent Kids Smoothie Peach Passion Fruit 4X150ml,https://www.tesco.com/groceries/en-GB/shop/fresh-food/all?department=Juice%20%26%20Smoothies&viewAll=department&page=,£3.30,£0.55/100ml,£2.50 Clubcard Price,,/groceries/en-GB/products/305528693,https://digitalcontent.api.tesco.com/v2/media/ghs/23baa8e9-67bf-4885-9d0e-7fd4190ea9ba/730e390f-1f85-4b1d-bc72-8d7d8a89b2c9.jpeg?h=225&w=225,
289685149,Naked Green Machine Smoothie 750Ml,https://www.tesco.com/groceries/en-GB/shop/fresh-food/all?department=Juice%20%26%20Smoothies&viewAll=department&page=,£4.00,£0.53/100ml,£2.00 Clubcard Price,,/groceries/en-GB/products/289685149,https://digitalcontent.api.tesco.com/v2/media/ghs/91d34594-d9ec-4602-8a10-ee9ce6dae17c/a4c42c2e-8d6c-49a4-883d-53d192e17700_920380446.jpeg?h=225&w=225,
305529496,Innocent Kids Smoothie Cherries Strawberries 4X150ml,https://www.tesco.com/groceries/en-GB/shop/fresh-food/all?department=Juice%20%26%20Smoothies&viewAll=department&page=,£3.30,£0.55/100ml,£2.50 Clubcard Price,,/groceries/en-GB/products/305529496,https://digitalcontent.api.tesco.com/v2/media/ghs/1f4b6285-2938-4634-b70e-52e9eb5c0665/0024af31-029c-49fe-9dd6-e32fbc4be647.jpeg?h=225&w=225,
287295032,Tropicana Tropical Juice 850Ml,https://www.tesco.com/groceries/en-GB/shop/fresh-food/all?department=Juice%20%26%20Smoothies&viewAll=department&page=,£2.75,£0.32/100ml,,,/groceries/en-GB/products/287295032,https://digitalcontent.api.tesco.com/v2/media/ghs/d065d568-77cb-4eaa-882a-522d1dc79d1b/8fce4cdf-701e-4986-aa55-6c3d96f6eef1.jpeg?h=225&w=225,
260153979,Welch's Light Purple Grape Juice Drink 1 Litre,https://www.tesco.com/groceries/en-GB/shop/fresh-food/all?department=Juice%20%26%20Smoothies&viewAll=department&page=,£1.60,£0.16/100ml,,,/groceries/en-GB/products/260153979,https://digitalcontent.api.tesco.com/v2/media/ghs/ea75e78c-ca23-4f1e-b530-3fc1788e4e25/c1d01529-f58f-4df3-9519-1042b9fe283d_1089172503.jpeg?h=225&w=225,
289685190,Naked Blue Machine Smoothie 750Ml,https://www.tesco.com/groceries/en-GB/shop/fresh-food/all?department=Juice%20%26%20Smoothies&viewAll=department&page=,£4.00,£0.53/100ml,£2.00 Clubcard Price,,/groceries/en-GB/products/289685190,https://digitalcontent.api.tesco.com/v2/media/ghs/1d5e33e0-6429-4af0-8651-6d315ab291c0/c4ed6d89-d268-4b1f-86ae-373b1af15882_1758751564.jpeg?h=225&w=225,
268218386,Innocent Orange Juice Smooth 900Ml,https://www.tesco.com/groceries/en-GB/shop/fresh-food/all?department=Juice%20%26%20Smoothies&viewAll=department&page=,£3.00,£0.33/100ml,Any 2 for £3.50 Clubcard Price - Innocent Orange Juice Or Apple Juice 900ml,,/groceries/en-GB/products/268218386,https://digitalcontent.api.tesco.com/v2/media/ghs/5762085a-f06c-4371-8a71-dc7ce8270061/16feeac0-acc2-40ec-9a57-e6bd40989fae.jpeg?h=225&w=225,
287294534,Tropicana Pineapple Juice 850Ml,https://www.tesco.com/groceries/en-GB/shop/fresh-food/all?department=Juice%20%26%20Smoothies&viewAll=department&page=,£2.75,£0.32/100ml,£2.00 Clubcard Price,,/groceries/en-GB/products/287294534,https://digitalcontent.api.tesco.com/v2/media/ghs/8c8d3671-c219-459b-977b-60a0297860af/4eaee6ab-2d38-45a7-bd18-42aff35eff23.jpeg?h=225&w=225,
270927464,Innocent Strawberry & Banana Smoothie 750Ml,https://www.tesco.com/groceries/en-GB/shop/fresh-food/all?department=Juice%20%26%20Smoothies&viewAll=department&page=,£3.30,£0.44/100ml,£2.50 Clubcard Price,,/groceries/en-GB/products/270927464,https://digitalcontent.api.tesco.com/v2/media/ghs/60efba29-cf6b-4cde-83a7-ba45f1306158/88df02ec-db8d-49a7-aee8-7dbc7bcde9aa.jpeg?h=225&w=225,
263449907,Tesco Apple Juice Not From Concentrate 1.75L,https://www.tesco.com/groceries/en-GB/shop/fresh-food/all?department=Juice%20%26%20Smoothies&viewAll=department&page=,£2.10,£0.12/100ml,,,/groceries/en-GB/products/263449907,https://digitalcontent.api.tesco.com/v2/media/ghs/f5f24b3b-8db7-4f5a-ba95-66ac65b7389a/5e911874-551d-457d-b573-c4c5842c50ad_297131114.jpeg?h=225&w=225,
268219251,Innocent Apple Juice 900Ml,https://www.tesco.com/groceries/en-GB/shop/fresh-food/all?department=Juice%20%26%20Smoothies&viewAll=department&page=,£3.00,£0.33/100ml,Any 2 for £3.50 Clubcard Price - Innocent Orange Juice Or Apple Juice 900ml,,/groceries/en-GB/products/268219251,https://digitalcontent.api.tesco.com/v2/media/ghs/532b42a9-e387-4c46-9a27-58ec861ee5e7/9a1323c0-78d0-4393-a8c3-cd5b41c66ea5.jpeg?h=225&w=225,
267378149,Tesco Finest Orange Juice With Bits 1L,https://www.tesco.com/groceries/en-GB/shop/fresh-food/all?department=Juice%20%26%20Smoothies&viewAll=department&page=,£2.90,£0.29/100ml,,,/groceries/en-GB/products/267378149,https://digitalcontent.api.tesco.com/v2/media/ghs/22a1c7ef-9d30-49d7-b3ac-12c8030c5088/9636ccc5-1afa-48dd-937b-fc0d36d782ee.jpeg?h=225&w=225,
256648058,Pomegreat Pomegranate Juice Drink 1 Litre,https://www.tesco.com/groceries/en-GB/shop/fresh-food/all?department=Juice%20%26%20Smoothies&viewAll=department&page=,£1.65,£0.16/100ml,,,/groceries/en-GB/products/256648058,https://digitalcontent.api.tesco.com/v2/media/ghs/7be9068f-6383-4b2c-8968-6edc962bf051/2f682b9e-2517-4483-8574-0e8025b2942a_2114514188.jpeg?h=225&w=225,
305982672,Tesco Green Escape Smoothie 750Ml,https://www.tesco.com/groceries/en-GB/shop/fresh-food/all?department=Juice%20%26%20Smoothies&viewAll=department&page=,£1.60,£0.21/100ml,,,/groceries/en-GB/products/305982672,https://digitalcontent.api.tesco.com/v2/media/ghs/55c56316-3c40-4f60-9f9b-c5c54cb315c8/8fc841ad-6bdd-488e-a19c-6667e9c3cd42_2032331775.jpeg?h=225&w=225,
305948408,Tesco Pineapple Paradise Fruit Smoothie 750Ml,https://www.tesco.com/groceries/en-GB/shop/fresh-food/all?department=Juice%20%26%20Smoothies&viewAll=department&page=,£1.60,£0.21/100ml,,,/groceries/en-GB/products/305948408,https://digitalcontent.api.tesco.com/v2/media/ghs/d27b07fb-f7db-49e0-9035-3348a76a754c/f04600af-64af-4524-bf83-aab920d1bb3f_483298225.jpeg?h=225&w=225,
293945270,Tesco 100% Pressed Tomato Juice 1L,https://www.tesco.com/groceries/en-GB/shop/fresh-food/all?department=Juice%20%26%20Smoothies&viewAll=department&page=,£1.45,£0.14/100ml,,,/groceries/en-GB/products/293945270,https://digitalcontent.api.tesco.com/v2/media/ghs/6af3f07b-c10d-40c8-8f61-362e12ea759d/315de83e-eb69-4349-8300-34904ca4f18a.jpeg?h=225&w=225,
253845148,Innocent Strawberries & Bananas 250Ml,https://www.tesco.com/groceries/en-GB/shop/fresh-food/all?department=Juice%20%26%20Smoothies&viewAll=department&page=,£2.00,£0.80/100ml,"£3.40 Meal Deal Clubcard Price £3.90 Meal Deal Regular Price - Selected Drink, Snack, Wrap, Sandwich, Roll, Pasty Or Salad",,/groceries/en-GB/products/253845148,https://digitalcontent.api.tesco.com/v2/media/ghs/735f6a5e-9c1b-4097-9e56-68faa436c9eb/2c763652-1255-4999-8f4b-a82bf747692b.jpeg?h=225&w=225,
260027755,Tesco Blueberry Juice Drink 1L,https://www.tesco.com/groceries/en-GB/shop/fresh-food/all?department=Juice%20%26%20Smoothies&viewAll=department&page=,£1.00,£0.10/100ml,,,/groceries/en-GB/products/260027755,https://digitalcontent.api.tesco.com/v2/media/ghs/7e103ac2-e268-4a88-9197-f29981c0e9e7/9a2a7259-3079-40d2-9d03-5db5e23e7367_419571785.jpeg?h=225&w=225,
306801166,"Tesco Apple, Lemon & Ginger Juice 1L",https://www.tesco.com/groceries/en-GB/shop/fresh-food/all?department=Juice%20%26%20Smoothies&viewAll=department&page=,£1.45,£0.14/100ml,,,/groceries/en-GB/products/306801166,https://digitalcontent.api.tesco.com/v2/media/ghs/cb54e832-de0c-494e-b597-805e5aba63e1/d4715c6c-96d4-4e1e-998a-9f13375fc318_2106761130.jpeg?h=225&w=225,
264468556,Sunny Delight Florida Style Orange Juice Drink 1 L,https://www.tesco.com/groceries/en-GB/shop/fresh-food/all?department=Juice%20%26%20Smoothies&viewAll=department&page=,£1.05,£0.10/100ml,,,/groceries/en-GB/products/264468556,https://digitalcontent.api.tesco.com/v2/media/ghs/e1ebeb5c-38a3-4ebd-b2bd-6f9aab152714/322c844b-1934-40b1-8537-04bfbe11bbf4_1920803982.jpeg?h=225&w=225,
288307410,Copella Apple & Elderflower Juice 900Ml,https://www.tesco.com/groceries/en-GB/shop/fresh-food/all?department=Juice%20%26%20Smoothies&viewAll=department&page=,£2.00,£0.22/100ml,£1.50 Clubcard Price,,/groceries/en-GB/products/288307410,https://digitalcontent.api.tesco.com/v2/media/ghs/7be4eb0e-c95f-4fc8-902d-f24836398a5d/5e5bcd35-0115-4757-a629-26dcdec2cecf.jpeg?h=225&w=225,
288306532,Copella Apple Juice 900Ml,https://www.tesco.com/groceries/en-GB/shop/fresh-food/all?department=Juice%20%26%20Smoothies&viewAll=department&page=,£2.00,£0.22/100ml,£1.50 Clubcard Price,,/groceries/en-GB/products/288306532,https://digitalcontent.api.tesco.com/v2/media/ghs/cc982f8c-c6c0-42d7-a17d-c086e01c0cc9/3bcc2812-7d0d-40d9-ba37-615490e9e75d.jpeg?h=225&w=225,
258617858,Tesco Pomegranate Juice Drink 1L,https://www.tesco.com/groceries/en-GB/shop/fresh-food/all?department=Juice%20%26%20Smoothies&viewAll=department&page=,£1.00,£0.10/100ml,,,/groceries/en-GB/products/258617858,https://digitalcontent.api.tesco.com/v2/media/ghs/7ff75fb4-03fa-494c-981e-62375eb6e775/24bff068-6808-4c6d-bdc4-7de7a7077388_1857905233.jpeg?h=225&w=225,
252530666,Tesco Pure Exotic Juice 1 Litre,https://www.tesco.com/groceries/en-GB/shop/fresh-food/all?department=Juice%20%26%20Smoothies&viewAll=department&page=,£1.00,£0.10/100ml,,,/groceries/en-GB/products/252530666,https://digitalcontent.api.tesco.com/v2/media/ghs/26b6e1bc-3f2c-4dae-b856-8cd5bcbc9c4f/4e90723d-8dae-4a22-a250-9476f07d3f9c_865134369.jpeg?h=225&w=225,
300473447,Growers Harvest Tropical Juice Drink 2L,https://www.tesco.com/groceries/en-GB/shop/fresh-food/all?department=Juice%20%26%20Smoothies&viewAll=department&page=,£1.15,£0.06/100ml,Aldi Price Match,,/groceries/en-GB/products/300473447,https://digitalcontent.api.tesco.com/v2/media/ghs/455d626c-0d90-4a12-97ca-9dd4c1567510/eab7671b-cc2b-48e5-a6ee-75c617a37e2e_896269709.jpeg?h=225&w=225,
306650136,Don Simon Pineapple & Coconut Juice Drink 1.5Ltr,https://www.tesco.com/groceries/en-GB/shop/fresh-food/all?department=Juice%20%26%20Smoothies&viewAll=department&page=,£1.00,£0.07/100ml,,,/groceries/en-GB/products/306650136,https://digitalcontent.api.tesco.com/v2/media/ghs/f75ceaf4-3d4b-4d59-b364-aa40c3d0b7b8/58db387b-8681-4538-bb6f-9e40638337b1_1577677279.jpeg?h=225&w=225,
264685493,Cherrygood Cherry Juice Drink 1 Litre,https://www.tesco.com/groceries/en-GB/shop/fresh-food/all?department=Juice%20%26%20Smoothies&viewAll=department&page=,£1.85,£0.18/100ml,£1.15 Clubcard Price,,/groceries/en-GB/products/264685493,https://digitalcontent.api.tesco.com/v2/media/ghs/2b9a7037-e1d0-4f38-bb60-17aa805649b3/snapshotimagehandler_764181789.jpeg?h=225&w=225,
254426418,Tesco Pink Grapefruit Juice 1 Litre,https://www.tesco.com/groceries/en-GB/shop/fresh-food/all?department=Juice%20%26%20Smoothies&viewAll=department&page=,£1.00,£0.10/100ml,,,/groceries/en-GB/products/254426418,https://digitalcontent.api.tesco.com/v2/media/ghs/45e585fe-3566-4b6f-8717-736460e36e3a/1354dce7-8440-4127-9e58-28d744567b84_426605423.jpeg?h=225&w=225,
259336269,Tesco Grapefruit Juice 1 Litre,https://www.tesco.com/groceries/en-GB/shop/fresh-food/all?department=Juice%20%26%20Smoothies&viewAll=department&page=,£1.00,£0.10/100ml,,,/groceries/en-GB/products/259336269,https://digitalcontent.api.tesco.com/v2/media/ghs/9d774040-1cc6-4ba9-bb37-5fe0480dcb25/764397f0-ad08-4347-a8ae-df857cfe113e_1723886228.jpeg?h=225&w=225,
305529997,Innocent Tropical Defence Super Smoothie 750Ml,https://www.tesco.com/groceries/en-GB/shop/fresh-food/all?department=Juice%20%26%20Smoothies&viewAll=department&page=,£4.30,£0.57/100ml,,,/groceries/en-GB/products/305529997,https://digitalcontent.api.tesco.com/v2/media/ghs/ae480b2f-2d19-4f11-ab98-6da6ebecdb36/0bac24b9-067c-490a-8961-5073b7e2910e.jpeg?h=225&w=225,
305518970,Innocent Berry Protein Super Smoothie 750Ml,https://www.tesco.com/groceries/en-GB/shop/fresh-food/all?department=Juice%20%26%20Smoothies&viewAll=department&page=,£4.30,£0.57/100ml,,,/groceries/en-GB/products/305518970,https://digitalcontent.api.tesco.com/v2/media/ghs/9f96bd27-1ad4-4a9d-8bdd-2f68c7d14feb/f0ef9d89-9cd8-488b-a656-3a1de896a65a.jpeg?h=225&w=225,
277820452,Vita Coco 100% Natural Coconut Water 4 X 330Ml,https://www.tesco.com/groceries/en-GB/shop/fresh-food/all?department=Juice%20%26%20Smoothies&viewAll=department&page=,£5.00,£0.38/100ml,,,/groceries/en-GB/products/277820452,https://digitalcontent.api.tesco.com/v2/media/ghs/b396f39b-fdf0-41c3-9215-082a6f7c76f0/3718446a-da19-412a-b05e-964cba8841c5_390212806.jpeg?h=225&w=225,
276683488,Innocent Apple And Mango Juice 1.35 Litre,https://www.tesco.com/groceries/en-GB/shop/fresh-food/all?department=Juice%20%26%20Smoothies&viewAll=department&page=,£3.90,£0.29/100ml,,,/groceries/en-GB/products/276683488,https://digitalcontent.api.tesco.com/v2/media/ghs/0bc5cccd-0034-4496-a98d-992e3ce9d50e/f1876424-e800-41aa-b4ef-66117ffed835.jpeg?h=225&w=225,
305522745,Innocent Recharge Super Smoothie 750Ml,https://www.tesco.com/groceries/en-GB/shop/fresh-food/all?department=Juice%20%26%20Smoothies&viewAll=department&page=,£4.30,£0.57/100ml,,,/groceries/en-GB/products/305522745,https://digitalcontent.api.tesco.com/v2/media/ghs/3aab9509-10ff-4e6d-859b-c702f971400b/541bc0f1-2c85-4a86-960b-f4d56b3d5d1e.jpeg?h=225&w=225,
254668811,Ocean Spray Cranberry Classic Juice Drink 4 X 1 Litre,https://www.tesco.com/groceries/en-GB/shop/fresh-food/all?department=Juice%20%26%20Smoothies&viewAll=department&page=,£5.60,£0.14/100ml,,,/groceries/en-GB/products/254668811,https://digitalcontent.api.tesco.com/v2/media/ghs/7a1f2f27-b081-4f6a-b319-355bbe7e2dd9/56b2623a-e0ff-460d-8605-d642dec20e09_1334385110.jpeg?h=225&w=225,
253983583,Ocean Spray Cranberry Classic Light Juice Drink 4 X 1 Litre,https://www.tesco.com/groceries/en-GB/shop/fresh-food/all?department=Juice%20%26%20Smoothies&viewAll=department&page=,£5.60,£0.14/100ml,,,/groceries/en-GB/products/253983583,https://digitalcontent.api.tesco.com/v2/media/ghs/22e429a1-1a98-45c7-95ac-95bd579dac86/cc438c22-6128-4113-83d0-b7b0539bb959_944597237.jpeg?h=225&w=225,
288178014,Innocent Apple & Berry Juice 1.35L,https://www.tesco.com/groceries/en-GB/shop/fresh-food/all?department=Juice%20%26%20Smoothies&viewAll=department&page=,£3.90,£0.29/100ml,,,/groceries/en-GB/products/288178014,https://digitalcontent.api.tesco.com/v2/media/ghs/ed4710a4-8c02-450c-8992-a17e2034df6e/d386272c-6e84-4877-8403-7bf6976e58e1.jpeg?h=225&w=225,
260079497,Big Tom Tomato Juice 750Ml,https://www.tesco.com/groceries/en-GB/shop/fresh-food/all?department=Juice%20%26%20Smoothies&viewAll=department&page=,£2.85,£0.38/100ml,,,/groceries/en-GB/products/260079497,https://digitalcontent.api.tesco.com/v2/media/ghs/178167b6-761c-4d6e-b090-7067c03847a7/d87650f5-f497-43ae-b90e-fc36e190b6a2_1361757242.jpeg?h=225&w=225,
312578757,Innocent Kids Super Smoothie Blueberry 4X150ml,https://www.tesco.com/groceries/en-GB/shop/fresh-food/all?department=Juice%20%26%20Smoothies&viewAll=department&page=,£3.80,£0.63/100ml,,,/groceries/en-GB/products/312578757,https://digitalcontent.api.tesco.com/v2/media/ghs/d3658d28-d42f-4552-adf5-138e578df05c/737e808b-c424-455a-8129-6087061a1cc0.jpeg?h=225&w=225,
288178112,Innocent Coconut Water 1L,https://www.tesco.com/groceries/en-GB/shop/fresh-food/all?department=Juice%20%26%20Smoothies&viewAll=department&page=,£4.00,£0.40/100ml,,,/groceries/en-GB/products/288178112,https://digitalcontent.api.tesco.com/v2/media/ghs/4044262c-1cfb-4e29-b357-bd83c9eabc60/71073bff-4c80-4c5a-b294-9206bfdd1577_1081071766.jpeg?h=225&w=225,
263879352,Cawston Press Apple & Ginger Juice 1L,https://www.tesco.com/groceries/en-GB/shop/fresh-food/all?department=Juice%20%26%20Smoothies&viewAll=department&page=,£2.50,£0.25/100ml,,,/groceries/en-GB/products/263879352,https://digitalcontent.api.tesco.com/v2/media/ghs/159d6c26-abaa-4d09-b39b-65520d255a90/a5bf9130-c2a0-40f3-aa2c-50be1661e2c9_861708726.jpeg?h=225&w=225,
305524599,Innocent Kids Pineapple Apple & Carrot 4X150ml,https://www.tesco.com/groceries/en-GB/shop/fresh-food/all?department=Juice%20%26%20Smoothies&viewAll=department&page=,£3.30,£0.55/100ml,£2.50 Clubcard Price,,/groceries/en-GB/products/305524599,https://digitalcontent.api.tesco.com/v2/media/ghs/0ab2ec2d-68bd-4af1-8ed7-bd9b106d2430/b451ea85-cdcb-4e47-909b-576de9d96c06.jpeg?h=225&w=225,
307741199,Innocent Guava Pineapple & Apple Smoothie 750 Ml,https://www.tesco.com/groceries/en-GB/shop/fresh-food/all?department=Juice%20%26%20Smoothies&viewAll=department&page=,£3.30,£0.44/100ml,£2.50 Clubcard Price,,/groceries/en-GB/products/307741199,https://digitalcontent.api.tesco.com/v2/media/ghs/74f532de-b2dd-43fc-9b38-007e45669ff2/5d376527-daf5-49b4-ad7c-40b6c09b9e84.jpeg?h=225&w=225,
306651439,Tesco Finest Pressed Pink Lady Apple Juice 1L,https://www.tesco.com/groceries/en-GB/shop/fresh-food/all?department=Juice%20%26%20Smoothies&viewAll=department&page=,£2.60,£0.26/100ml,,,/groceries/en-GB/products/306651439,https://digitalcontent.api.tesco.com/v2/media/ghs/14c35736-45ca-4205-b487-4f72bce8b6c8/c84fe5a0-e363-48b9-9fac-d33eb9e941bf.jpeg?h=225&w=225,
287439094,Tropicana Orange & Mango Juice 300Ml,https://www.tesco.com/groceries/en-GB/shop/fresh-food/all?department=Juice%20%26%20Smoothies&viewAll=department&page=,£1.65,£0.55/100ml,"£3.40 Meal Deal Clubcard Price £3.90 Meal Deal Regular Price - Selected Drink, Snack, Wrap, Sandwich, Roll, Pasty Or Salad",,/groceries/en-GB/products/287439094,https://digitalcontent.api.tesco.com/v2/media/ghs/6778eda5-7325-4471-9a07-0952192908c0/6c74227e-d512-47f8-b618-66ebef7cbb75.jpeg?h=225&w=225,
287438135,Tropicana Original Orange Juice 300Ml,https://www.tesco.com/groceries/en-GB/shop/fresh-food/all?department=Juice%20%26%20Smoothies&viewAll=department&page=,£1.65,£0.55/100ml,"£3.40 Meal Deal Clubcard Price £3.90 Meal Deal Regular Price - Selected Drink, Snack, Wrap, Sandwich, Roll, Pasty Or Salad",,/groceries/en-GB/products/287438135,https://digitalcontent.api.tesco.com/v2/media/ghs/2711f4ad-87ac-4860-b216-41c41fbd9392/c73167c1-7b9f-4314-b9c1-7ab7fa2500da.jpeg?h=225&w=225,
263879438,Cawston Press Apple & Rhubarb Juice 1Ltr,https://www.tesco.com/groceries/en-GB/shop/fresh-food/all?department=Juice%20%26%20Smoothies&viewAll=department&page=,£2.50,£0.25/100ml,,,/groceries/en-GB/products/263879438,https://digitalcontent.api.tesco.com/v2/media/ghs/be549ff9-8735-4a9b-82ab-cf13e51563fe/6cdb3502-952b-4d11-b621-a1ea504c2a93_1304837491.jpeg?h=225&w=225,
307133373,Tropicana Plus Berry Boost Juice Drink 750Ml,https://www.tesco.com/groceries/en-GB/shop/fresh-food/all?department=Juice%20%26%20Smoothies&viewAll=department&page=,£3.00,£0.40/100ml,,,/groceries/en-GB/products/307133373,https://digitalcontent.api.tesco.com/v2/media/ghs/eb838237-b3cb-47af-916d-5f36358f8043/56433a26-8552-4e12-8f69-a2c5fcef87a2.jpeg?h=225&w=225,
307148540,Tropicana Plus Vitamin Victory Juice 750Ml,https://www.tesco.com/groceries/en-GB/shop/fresh-food/all?department=Juice%20%26%20Smoothies&viewAll=department&page=,£3.00,£0.40/100ml,,,/groceries/en-GB/products/307148540,https://digitalcontent.api.tesco.com/v2/media/ghs/5bc6b373-2a90-48c6-922b-249da74fae94/d8c51bd0-8061-469a-92ba-0cea96466fb7.jpeg?h=225&w=225,
270928457,Innocent Pineapple Banana & Coconut Smoothie 750Ml,https://www.tesco.com/groceries/en-GB/shop/fresh-food/all?department=Juice%20%26%20Smoothies&viewAll=department&page=,£3.30,£0.44/100ml,£2.50 Clubcard Price,,/groceries/en-GB/products/270928457,https://digitalcontent.api.tesco.com/v2/media/ghs/cca28b5a-29a0-4ce0-a3dd-255d65f27009/79eeab0c-e19c-4126-8631-c452ae39940c.jpeg?h=225&w=225,
308113706,Innocent Blueberries Peach & Apple Smoothie 750 Ml,https://www.tesco.com/groceries/en-GB/shop/fresh-food/all?department=Juice%20%26%20Smoothies&viewAll=department&page=,£3.30,£0.44/100ml,£2.50 Clubcard Price,,/groceries/en-GB/products/308113706,https://digitalcontent.api.tesco.com/v2/media/ghs/112fce32-3634-44c6-894b-054e4982150c/fbeb16f8-e1ae-46e5-bc35-c9e463cd4e7b.jpeg?h=225&w=225,
275216744,Beet It Juice 1L,https://www.tesco.com/groceries/en-GB/shop/fresh-food/all?department=Juice%20%26%20Smoothies&viewAll=department&page=,£2.80,£0.28/100ml,,,/groceries/en-GB/products/275216744,https://digitalcontent.api.tesco.com/v2/media/ghs/92652b73-7178-4b99-8bbe-ef2de6ed9fe9/93495b60-8e24-4e77-b73a-395b0fff189d_1638226347.jpeg?h=225&w=225,
308110449,Innocent Strawberry Pineapple & Apples Smoothie 750Ml,https://www.tesco.com/groceries/en-GB/shop/fresh-food/all?department=Juice%20%26%20Smoothies&viewAll=department&page=,£3.30,£0.44/100ml,£2.50 Clubcard Price,,/groceries/en-GB/products/308110449,https://digitalcontent.api.tesco.com/v2/media/ghs/626f3eaf-38c6-43d7-b7b8-ec55bc149340/65497ddb-48ef-48f7-bfea-999de01f94ae.jpeg?h=225&w=225,
287004009,Tropicana Multivitamins Fruit Juice 850Ml,https://www.tesco.com/groceries/en-GB/shop/fresh-food/all?department=Juice%20%26%20Smoothies&viewAll=department&page=,£2.75,£0.32/100ml,£2.00 Clubcard Price,,/groceries/en-GB/products/287004009,https://digitalcontent.api.tesco.com/v2/media/ghs/fdfe1cba-fb15-4a5d-996f-a441dc55d55c/1a447701-6e52-44f9-975d-0d5b698b54b7.jpeg?h=225&w=225,
305525264,Innocent Tropical Defence Super Smoothie 300Ml,https://www.tesco.com/groceries/en-GB/shop/fresh-food/all?department=Juice%20%26%20Smoothies&viewAll=department&page=,£2.36,£0.79/100ml,"£3.40 Meal Deal Clubcard Price £3.90 Meal Deal Regular Price - Selected Drink, Snack, Wrap, Sandwich, Roll, Pasty Or Salad",,/groceries/en-GB/products/305525264,https://digitalcontent.api.tesco.com/v2/media/ghs/59517dac-cb5c-4bfd-9413-3f9a2eefe0d9/6f84dc83-b3a5-460d-b53f-412c0f00d27f.jpeg?h=225&w=225,
312585037,Mockingbird Raw Greens Smoothie 750Ml,https://www.tesco.com/groceries/en-GB/shop/fresh-food/all?department=Juice%20%26%20Smoothies&viewAll=department&page=,£4.00,£0.53/100ml,Any 2 for £5 Clubcard Price - Mockingbird Raw Greens Or Raw Boost Smoothie 750ml,,/groceries/en-GB/products/312585037,https://digitalcontent.api.tesco.com/v2/media/ghs/d89f6295-9e75-4f38-8590-68c533a3f42d/8270dd4f-6844-4984-b508-d8481a05f99c.jpeg?h=225&w=225,
256008156,Ocean Spray Cranberry Juice Original 1 Litre,https://www.tesco.com/groceries/en-GB/shop/fresh-food/all?department=Juice%20%26%20Smoothies&viewAll=department&page=,£2.30,£0.23/100ml,,,/groceries/en-GB/products/256008156,https://digitalcontent.api.tesco.com/v2/media/ghs/fd76e996-0a2e-4659-b24f-bcd2f4c5fdde/213a774f-e001-4711-9bef-d7297be47819_1621748562.jpeg?h=225&w=225,
274623051,Vita Coco 100% Natural Coconut Water 500Ml,https://www.tesco.com/groceries/en-GB/shop/fresh-food/all?department=Juice%20%26%20Smoothies&viewAll=department&page=,£2.49,£0.50/100ml,"£3.40 Meal Deal Clubcard Price £3.90 Meal Deal Regular Price - Selected Drink, Snack, Wrap, Sandwich, Roll, Pasty Or Salad",,/groceries/en-GB/products/274623051,https://digitalcontent.api.tesco.com/v2/media/ghs/e6911c79-36ad-40dc-9a36-59ab8563837f/95d20562-3f2b-45a0-9b4b-5a8590431c4b_759522811.jpeg?h=225&w=225,
287438020,Copella Apple Juice 300Ml,https://www.tesco.com/groceries/en-GB/shop/fresh-food/all?department=Juice%20%26%20Smoothies&viewAll=department&page=,£1.19,£0.40/100ml,"£3.40 Meal Deal Clubcard Price £3.90 Meal Deal Regular Price - Selected Drink, Snack, Wrap, Sandwich, Roll, Pasty Or Salad",,/groceries/en-GB/products/287438020,https://digitalcontent.api.tesco.com/v2/media/ghs/6a95bee7-462b-4896-b7b7-a43f5f1dd281/2c63a8bc-60f8-4ec2-bbbc-0a344da85422.jpeg?h=225&w=225,
258455325,Ribena Ready To Drink Blackcurrant 1 Litre,https://www.tesco.com/groceries/en-GB/shop/fresh-food/all?department=Juice%20%26%20Smoothies&viewAll=department&page=,£1.25,£0.12/100ml,,,/groceries/en-GB/products/258455325,https://digitalcontent.api.tesco.com/v2/media/ghs/bd496be3-f98e-4be4-a035-3dc72c21fc86/c5a3bd1e-854c-4679-9de2-5be31b30fde7_676102362.jpeg?h=225&w=225,
310845350,Naked Tropical Zing Smoothie 300Ml,https://www.tesco.com/groceries/en-GB/shop/fresh-food/all?department=Juice%20%26%20Smoothies&viewAll=department&page=,£2.36,£0.79/100ml,"£3.40 Meal Deal Clubcard Price £3.90 Meal Deal Regular Price - Selected Drink, Snack, Wrap, Sandwich, Roll, Pasty Or Salad",,/groceries/en-GB/products/310845350,https://digitalcontent.api.tesco.com/v2/media/ghs/e0d743e0-ad61-4eba-9d12-90b68fdd820c/c23d7e85-4406-453a-9a92-96476048c87c.jpeg?h=225&w=225,
308089884,Innocent Berry Light Super Smoothie 750Ml,https://www.tesco.com/groceries/en-GB/shop/fresh-food/all?department=Juice%20%26%20Smoothies&viewAll=department&page=,£4.30,£0.57/100ml,,,/groceries/en-GB/products/308089884,https://digitalcontent.api.tesco.com/v2/media/ghs/1a1764cd-8f97-4257-8fd4-4ab9733ac0ee/755e8733-ccda-4d02-b248-c038f571630e.jpeg?h=225&w=225,
305970185,Tesco Pomegranate Crush Fruit Smoothie 750Ml,https://www.tesco.com/groceries/en-GB/shop/fresh-food/all?department=Juice%20%26%20Smoothies&viewAll=department&page=,£1.60,£0.21/100ml,,,/groceries/en-GB/products/305970185,https://digitalcontent.api.tesco.com/v2/media/ghs/281d5f21-5c18-4854-827c-c89abca8ef5f/0fca9808-8488-4f4c-854c-829d39fee3a6_566536401.jpeg?h=225&w=225,
287939251,Tropicana Multivitamins 300Ml,https://www.tesco.com/groceries/en-GB/shop/fresh-food/all?department=Juice%20%26%20Smoothies&viewAll=department&page=,£1.65,£0.55/100ml,"£3.40 Meal Deal Clubcard Price £3.90 Meal Deal Regular Price - Selected Drink, Snack, Wrap, Sandwich, Roll, Pasty Or Salad",,/groceries/en-GB/products/287939251,https://digitalcontent.api.tesco.com/v2/media/ghs/892982ca-b858-42e6-b663-eca777f8c7f0/1368544e-4720-445c-b625-3c2abd0a7df0.jpeg?h=225&w=225,
303415109,Innocent Bolt From Blue Juice 330Ml,https://www.tesco.com/groceries/en-GB/shop/fresh-food/all?department=Juice%20%26%20Smoothies&viewAll=department&page=,£2.15,£0.65/100ml,"£3.40 Meal Deal Clubcard Price £3.90 Meal Deal Regular Price - Selected Drink, Snack, Wrap, Sandwich, Roll, Pasty Or Salad",,/groceries/en-GB/products/303415109,https://digitalcontent.api.tesco.com/v2/media/ghs/df7fa3d3-c694-4a18-86e7-42049c4eb7d2/4c0716f4-59ed-452a-8cc8-516a84b82ea8.jpeg?h=225&w=225,
267378368,Tesco Finest Orange Juice Smooth 1L,https://www.tesco.com/groceries/en-GB/shop/fresh-food/all?department=Juice%20%26%20Smoothies&viewAll=department&page=,£2.90,£0.29/100ml,,,/groceries/en-GB/products/267378368,https://digitalcontent.api.tesco.com/v2/media/ghs/91ffcdb5-8541-49ea-85fd-c474c8c89d7c/3caa21fe-aed9-4d62-b597-71fd801960d9.jpeg?h=225&w=225,
277975101,Juice Burst Orange 500Ml,https://www.tesco.com/groceries/en-GB/shop/fresh-food/all?department=Juice%20%26%20Smoothies&viewAll=department&page=,£1.50,£0.30/100ml,"£3.40 Meal Deal Clubcard Price £3.90 Meal Deal Regular Price - Selected Drink, Snack, Wrap, Sandwich, Roll, Pasty Or Salad",,/groceries/en-GB/products/277975101,https://digitalcontent.api.tesco.com/v2/media/ghs/b306f11e-d92a-44ed-880b-22f820ce5178/ff4f4a6b-e496-4d8d-8a54-22dbd7311c1f_1775891695.jpeg?h=225&w=225,
253845275,Innocent Mangoes Passion Fruit 250Ml,https://www.tesco.com/groceries/en-GB/shop/fresh-food/all?department=Juice%20%26%20Smoothies&viewAll=department&page=,£2.00,£0.80/100ml,"£3.40 Meal Deal Clubcard Price £3.90 Meal Deal Regular Price - Selected Drink, Snack, Wrap, Sandwich, Roll, Pasty Or Salad",,/groceries/en-GB/products/253845275,https://digitalcontent.api.tesco.com/v2/media/ghs/d9103607-786e-4651-9dfe-a388ccaa579b/f5f6fbe4-b799-4850-a23c-7ead0dc84938.jpeg?h=225&w=225,
305518993,Innocent Energise Super Smoothie 300Ml,https://www.tesco.com/groceries/en-GB/shop/fresh-food/all?department=Juice%20%26%20Smoothies&viewAll=department&page=,£2.36,£0.79/100ml,"£3.40 Meal Deal Clubcard Price £3.90 Meal Deal Regular Price - Selected Drink, Snack, Wrap, Sandwich, Roll, Pasty Or Salad",,/groceries/en-GB/products/305518993,https://digitalcontent.api.tesco.com/v2/media/ghs/f4251ce1-9f6c-49b9-aa31-257c9f9e5393/f1e34d39-e9c7-4df9-8e08-83d658b0752f.jpeg?h=225&w=225,
309489582,Naked Blue Machine Blueberry Smoothie 300Ml,https://www.tesco.com/groceries/en-GB/shop/fresh-food/all?department=Juice%20%26%20Smoothies&viewAll=department&page=,£2.36,£0.79/100ml,"£3.40 Meal Deal Clubcard Price £3.90 Meal Deal Regular Price - Selected Drink, Snack, Wrap, Sandwich, Roll, Pasty Or Salad",,/groceries/en-GB/products/309489582,https://digitalcontent.api.tesco.com/v2/media/ghs/eab16cf4-7532-4656-9604-805ad01764f1/f35056f3-f2a2-46aa-bd79-27d035cd7579.jpeg?h=225&w=225,
306941276,Don Simon Lemon & Raspberry Juice Drink 1.5L,https://www.tesco.com/groceries/en-GB/shop/fresh-food/all?department=Juice%20%26%20Smoothies&viewAll=department&page=,£1.00,£0.07/100ml,,,/groceries/en-GB/products/306941276,https://digitalcontent.api.tesco.com/v2/media/ghs/1850005b-e178-4615-8007-9068c5e076cb/f3d52469-332e-4b90-8113-ac9c4f2cb811_478476566.jpeg?h=225&w=225,
306657434,Don Simon Lemon & Strawberry Juice Drink 1.5 Litres,https://www.tesco.com/groceries/en-GB/shop/fresh-food/all?department=Juice%20%26%20Smoothies&viewAll=department&page=,£1.00,£0.07/100ml,,,/groceries/en-GB/products/306657434,https://digitalcontent.api.tesco.com/v2/media/ghs/031f5b28-a347-48d1-acd6-2290f3f22ded/4397584d-c97f-46c2-bf3f-87c97c254745_2028657614.jpeg?h=225&w=225,
305524708,Innocent Blue Spark Super Smoothie 750Ml,https://www.tesco.com/groceries/en-GB/shop/fresh-food/all?department=Juice%20%26%20Smoothies&viewAll=department&page=,£4.30,£0.57/100ml,,,/groceries/en-GB/products/305524708,https://digitalcontent.api.tesco.com/v2/media/ghs/ed7a1b51-5d11-431a-a19b-ea9bef21fdfa/bdef5d2c-1e53-4992-a918-51aa133ca851.jpeg?h=225&w=225,
308098739,Innocent Tropical Light Super Smoothie 750Ml,https://www.tesco.com/groceries/en-GB/shop/fresh-food/all?department=Juice%20%26%20Smoothies&viewAll=department&page=,£4.30,£0.57/100ml,,,/groceries/en-GB/products/308098739,https://digitalcontent.api.tesco.com/v2/media/ghs/1005ee2c-79fe-40a7-9778-6963556fadc9/c5fab5ee-70c1-4bc5-8ed1-80b7ced97c5b.jpeg?h=225&w=225,
303415144,Innocent Citrus Shield Juice 750Ml,https://www.tesco.com/groceries/en-GB/shop/fresh-food/all?department=Juice%20%26%20Smoothies&viewAll=department&page=,£3.50,£0.47/100ml,,,/groceries/en-GB/products/303415144,https://digitalcontent.api.tesco.com/v2/media/ghs/e851e3a3-9f4c-413e-8824-b60575305264/c5e83098-41a6-412c-9322-cf396be559f5.jpeg?h=225&w=225,
303448116,Vita Pressed Coco Coconut Water 1L,https://www.tesco.com/groceries/en-GB/shop/fresh-food/all?department=Juice%20%26%20Smoothies&viewAll=department&page=,£4.00,£0.40/100ml,,,/groceries/en-GB/products/303448116,https://digitalcontent.api.tesco.com/v2/media/ghs/e367b46e-9da4-4aa0-9c87-e8e199de0cb2/640195ec-00b6-4618-a1f0-35ccd2b68d9d_1692687639.jpeg?h=225&w=225,
303415121,Innocent Berry Set Go Juice 750Ml,https://www.tesco.com/groceries/en-GB/shop/fresh-food/all?department=Juice%20%26%20Smoothies&viewAll=department&page=,£3.50,£0.47/100ml,,,/groceries/en-GB/products/303415121,https://digitalcontent.api.tesco.com/v2/media/ghs/20375145-5ce8-473a-b391-aa750bfd4b91/de305d06-b6bd-4d6f-a2c7-f7a4c05dc2c8.jpeg?h=225&w=225,
303415189,Innocent Bolt From The Blue Juice 750Ml,https://www.tesco.com/groceries/en-GB/shop/fresh-food/all?department=Juice%20%26%20Smoothies&viewAll=department&page=,£3.50,£0.47/100ml,,,/groceries/en-GB/products/303415189,https://digitalcontent.api.tesco.com/v2/media/ghs/8a0e3799-86f0-40e3-9a77-218ccc3103ec/8f75bef6-aeae-4345-ba6d-4cefec577709.jpeg?h=225&w=225,
307137829,Tropicana Plus Viva Vitality Fruit Drink 750Ml,https://www.tesco.com/groceries/en-GB/shop/fresh-food/all?department=Juice%20%26%20Smoothies&viewAll=department&page=,£3.00,£0.40/100ml,,,/groceries/en-GB/products/307137829,https://digitalcontent.api.tesco.com/v2/media/ghs/502618df-7558-4da6-a1a5-aa7957ff8110/3dff637f-924b-4748-b72d-9e31fa299e61.jpeg?h=225&w=225,
305972199,Naked Strawberry Zing Smoothie 750Ml,https://www.tesco.com/groceries/en-GB/shop/fresh-food/all?department=Juice%20%26%20Smoothies&viewAll=department&page=,£3.30,£0.44/100ml,,,/groceries/en-GB/products/305972199,https://digitalcontent.api.tesco.com/v2/media/ghs/fe97e32b-a9a2-4371-aeb5-b3c1b8dd2a12/76f165ee-0714-42a1-b0cf-05afa151f469.jpeg?h=225&w=225,
305432828,Innocent Blue Spark Super Smoothie 300Ml,https://www.tesco.com/groceries/en-GB/shop/fresh-food/all?department=Juice%20%26%20Smoothies&viewAll=department&page=,£2.36,£0.79/100ml,"£3.40 Meal Deal Clubcard Price £3.90 Meal Deal Regular Price - Selected Drink, Snack, Wrap, Sandwich, Roll, Pasty Or Salad",,/groceries/en-GB/products/305432828,https://digitalcontent.api.tesco.com/v2/media/ghs/080249b9-2f23-4ade-991c-d629639c5e2a/679523c3-1183-407e-8877-6a457e9068c4.jpeg?h=225&w=225,
297753777,Naked Mango Juice Smoothie 750Ml,https://www.tesco.com/groceries/en-GB/shop/fresh-food/all?department=Juice%20%26%20Smoothies&viewAll=department&page=,£4.00,£0.53/100ml,£2.00 Clubcard Price,,/groceries/en-GB/products/297753777,https://digitalcontent.api.tesco.com/v2/media/ghs/16f67f57-9db5-4168-88be-0a3e9fd5d4fe/b165e8d8-3a31-42eb-8910-790fc039e36c.jpeg?h=225&w=225,
305835225,Naked Tropical Zing Smoothie 750Ml,https://www.tesco.com/groceries/en-GB/shop/fresh-food/all?department=Juice%20%26%20Smoothies&viewAll=department&page=,£3.30,£0.44/100ml,,,/groceries/en-GB/products/305835225,https://digitalcontent.api.tesco.com/v2/media/ghs/3e46a83c-a667-407c-8ffc-f262d6d82622/d4e54158-eab1-476c-94e6-ee5e0bd7900d.jpeg?h=225&w=225,
291066540,Naked Red Machine Smoothie 750Ml,https://www.tesco.com/groceries/en-GB/shop/fresh-food/all?department=Juice%20%26%20Smoothies&viewAll=department&page=,£4.00,£0.53/100ml,£2.00 Clubcard Price,,/groceries/en-GB/products/291066540,https://digitalcontent.api.tesco.com/v2/media/ghs/8e8d1733-826b-4bbb-aa6a-729ca91bd66f/bca1dcdf-ee3a-43f6-ba95-f623496fcfef.jpeg?h=225&w=225,
309207243,Biotiful Kefir Raspberry Smoothie 250Ml,https://www.tesco.com/groceries/en-GB/shop/fresh-food/all?department=Juice%20%26%20Smoothies&viewAll=department&page=,£1.65,£6.60/litre,,,/groceries/en-GB/products/309207243,https://digitalcontent.api.tesco.com/v2/media/ghs/470ef655-3ff0-4e5e-acd8-f933b2cd8639/f427b40b-0dd6-4675-a7ab-acba6e2e6ad5.jpeg?h=225&w=225,
312235619,Mockingbird Raw Boost Smoothie 750Ml,https://www.tesco.com/groceries/en-GB/shop/fresh-food/all?department=Juice%20%26%20Smoothies&viewAll=department&page=,£4.00,£0.53/100ml,Any 2 for £5 Clubcard Price - Mockingbird Raw Greens Or Raw Boost Smoothie 750ml,,/groceries/en-GB/products/312235619,https://digitalcontent.api.tesco.com/v2/media/ghs/f4dad46c-4f70-4bbd-9d80-2bb9f7a0ac02/7b1c9f09-89cd-4c15-aafb-1ebff16bc1e8.jpeg?h=225&w=225,
266597882,Ocean Spray Blueberry Juice Drink 1 Litre,https://www.tesco.com/groceries/en-GB/shop/fresh-food/all?department=Juice%20%26%20Smoothies&viewAll=department&page=,£1.75,£0.18/100ml,,,/groceries/en-GB/products/266597882,https://digitalcontent.api.tesco.com/v2/media/ghs/0c58209b-4365-4d2b-ba0d-0bdb8a8091e2/9bc04c19-d7c9-427d-a5a4-75989b04ef8e_964554340.jpeg?h=225&w=225,
285644815,Crafted No Added Sugar Mango & Passion Fruit Juice 1 Litre,https://www.tesco.com/groceries/en-GB/shop/fresh-food/all?department=Juice%20%26%20Smoothies&viewAll=department&page=,£1.90,£0.19/100ml,,,/groceries/en-GB/products/285644815,https://digitalcontent.api.tesco.com/v2/media/ghs/5ebd194a-7d51-43d5-b019-57d3275dfba3/84f49550-3a23-4d84-8dc1-a5dc7459ff4f_1464030859.jpeg?h=225&w=225,
298025584,Grace Say Aloe Original 980Ml,https://www.tesco.com/groceries/en-GB/shop/fresh-food/all?department=Juice%20%26%20Smoothies&viewAll=department&page=,£2.10,£0.22/100ml,,,/groceries/en-GB/products/298025584,https://digitalcontent.api.tesco.com/v2/media/ghs/caccbd6a-05ce-4da0-9204-65658ba7d8e7/95062698-4121-432e-9cb7-59cdc9429b94_107044252.jpeg?h=225&w=225,
305431759,Innocent Invigorate Super Smoothie 300Ml,https://www.tesco.com/groceries/en-GB/shop/fresh-food/all?department=Juice%20%26%20Smoothies&viewAll=department&page=,£2.36,£0.79/100ml,"£3.40 Meal Deal Clubcard Price £3.90 Meal Deal Regular Price - Selected Drink, Snack, Wrap, Sandwich, Roll, Pasty Or Salad",,/groceries/en-GB/products/305431759,https://digitalcontent.api.tesco.com/v2/media/ghs/3e7013f1-8f2e-4540-a895-d740b0a98316/3fc4de8f-4232-4b45-a18b-f7a1d5b7957f.jpeg?h=225&w=225,
290920510,Tesco British Salted Block Butter 250G ++,https://www.tesco.com/groceries/en-GB/shop/fresh-food/all?department=Milk%2C%20Butter%20%26%20Eggs&viewAll=department&page=,£1.99,£7.96/kg,Aldi Price Match,,/groceries/en-GB/products/290920510,https://digitalcontent.api.tesco.com/v2/media/ghs/f6740aba-da93-4df6-80cc-11f0c05bd779/3ddac13d-5427-4dad-9288-b5f3b56bbc2e.jpeg?h=225&w=225,
261819888,Tesco English Unsalted Block Butter 250G,https://www.tesco.com/groceries/en-GB/shop/fresh-food/all?department=Milk%2C%20Butter%20%26%20Eggs&viewAll=department&page=,£1.99,£7.96/kg,Aldi Price Match,,/groceries/en-GB/products/261819888,https://digitalcontent.api.tesco.com/v2/media/ghs/ef0e86c0-1a10-41e3-9f8c-675a28a3da1b/67fa7cbd-4404-4651-98c4-d1a281c1cc4e.jpeg?h=225&w=225,
253886894,Lurpak Slightly Salted Spreadable 500G,https://www.tesco.com/groceries/en-GB/shop/fresh-food/all?department=Milk%2C%20Butter%20%26%20Eggs&viewAll=department&page=,,,,,/groceries/en-GB/products/253886894,https://digitalcontent.api.tesco.com/v2/media/ghs/ed663e99-9092-448a-8b06-14019d708dba/d31beca4-c3ce-445b-9190-4dc9e2b56d33.jpeg?h=225&w=225,This product's currently out of stock
254278040,Tesco Semi Skimmed Longlife Milk 1 Litre,https://www.tesco.com/groceries/en-GB/shop/fresh-food/all?department=Milk%2C%20Butter%20%26%20Eggs&viewAll=department&page=,£1.10,£1.10/litre,"Any 4 for £3.50 Clubcard Price - Selected Tesco Skimmed, Semi Skimmed Or Whole Uht Milk 1 Litre",,/groceries/en-GB/products/254278040,https://digitalcontent.api.tesco.com/v2/media/ghs/0aef6f01-4845-4c33-a3f6-ecb3785cdaae/a67c906e-949e-486a-90c1-71c9341b24a7.jpeg?h=225&w=225,
257264875,Cravendale Semi Skimmed Milk 2 Litre,https://www.tesco.com/groceries/en-GB/shop/fresh-food/all?department=Milk%2C%20Butter%20%26%20Eggs&viewAll=department&page=,£2.35,£1.18/litre,Any 2 for £4 Clubcard Price - Selected Dairy Products 2 Litre,,/groceries/en-GB/products/257264875,https://digitalcontent.api.tesco.com/v2/media/ghs/966dc0d4-5cd9-47b0-8e67-6a53779f3828/d3591c76-6f76-45c9-844b-5c6d60bfce55.jpeg?h=225&w=225,
262479533,Tesco Fresh Double Cream 300Ml,https://www.tesco.com/groceries/en-GB/shop/fresh-food/all?department=Milk%2C%20Butter%20%26%20Eggs&viewAll=department&page=,£1.35,£0.45/100ml,,,/groceries/en-GB/products/262479533,https://digitalcontent.api.tesco.com/v2/media/ghs/5fbff1ee-4545-4797-9096-4e2000ef3b9f/c253d9d9-b35f-4598-8c9d-a2c48d742d43.jpeg?h=225&w=225,
260298456,Tesco Large Free Range Eggs 12 Pack,https://www.tesco.com/groceries/en-GB/shop/fresh-food/all?department=Milk%2C%20Butter%20%26%20Eggs&viewAll=department&page=,,,,,/groceries/en-GB/products/260298456,https://digitalcontent.api.tesco.com/v2/media/ghs/925bbf65-2fb1-43ac-81e6-8984119e53c2/5f08eef8-a61f-494a-9493-3696749465d6.jpeg?h=225&w=225,This product's currently out of stock
250802567,Tesco Large Free Range Eggs 6 Pack,https://www.tesco.com/groceries/en-GB/shop/fresh-food/all?department=Milk%2C%20Butter%20%26%20Eggs&viewAll=department&page=,,,,,/groceries/en-GB/products/250802567,https://digitalcontent.api.tesco.com/v2/media/ghs/74e79b74-cd30-4c0d-9f23-e284451dcb2e/e8554db9-23be-47ad-b0de-c00d588f893a.jpeg?h=225&w=225,This product's currently out of stock
252208041,Tesco Skimmed Milk 1.136L/2 Pints,https://www.tesco.com/groceries/en-GB/shop/fresh-food/all?department=Milk%2C%20Butter%20%26%20Eggs&viewAll=department&page=,£1.30,£1.15/litre,Aldi Price Match,,/groceries/en-GB/products/252208041,https://digitalcontent.api.tesco.com/v2/media/ghs/9b5f1d5c-bd26-4d3a-babe-6c036432818a/7b04baf6-c7c4-4b14-92dc-ae8c06a3cc40.jpeg?h=225&w=225,
251314158,Tesco Semi Skimmed Milk 568Ml/1 Pint,https://www.tesco.com/groceries/en-GB/shop/fresh-food/all?department=Milk%2C%20Butter%20%26%20Eggs&viewAll=department&page=,£0.95,£1.68/litre,Aldi Price Match,,/groceries/en-GB/products/251314158,https://digitalcontent.api.tesco.com/v2/media/ghs/5a1c8579-5771-430d-9677-47f1d40aa269/1db87e47-8f69-49a2-a350-356928aa91c1.jpeg?h=225&w=225,
252207537,Tesco Semi Skimmed Milk 1.13L/2 Pints,https://www.tesco.com/groceries/en-GB/shop/fresh-food/all?department=Milk%2C%20Butter%20%26%20Eggs&viewAll=department&page=,£1.30,£1.16/litre,Aldi Price Match,,/groceries/en-GB/products/252207537,https://digitalcontent.api.tesco.com/v2/media/ghs/a587968f-1361-4ceb-a87f-9e7063a52390/819c8d48-8b4f-4ada-b6b2-641aecbc3a95.jpeg?h=225&w=225,
253737115,Tesco Filtered Semi Skimmed Milk 2 Litre,https://www.tesco.com/groceries/en-GB/shop/fresh-food/all?department=Milk%2C%20Butter%20%26%20Eggs&viewAll=department&page=,£1.90,£0.95/litre,,,/groceries/en-GB/products/253737115,https://digitalcontent.api.tesco.com/v2/media/ghs/b0901747-9dbb-4062-8658-a6995c247a10/f65083c2-5c95-4aec-985e-9c63e19ca84a.jpeg?h=225&w=225,
260298462,Tesco Medium Free Range Eggs 12 Pack,https://www.tesco.com/groceries/en-GB/shop/fresh-food/all?department=Milk%2C%20Butter%20%26%20Eggs&viewAll=department&page=,,,,,/groceries/en-GB/products/260298462,https://digitalcontent.api.tesco.com/v2/media/ghs/cd9de4f1-3e92-4572-8c38-b520b1406b8a/e609eb85-5541-47d8-b1cd-e4aed3dbcf37.jpeg?h=225&w=225,This product's currently out of stock
252207566,Tesco Whole Milk 2 Pints/1.13L,https://www.tesco.com/groceries/en-GB/shop/fresh-food/all?department=Milk%2C%20Butter%20%26%20Eggs&viewAll=department&page=,£1.30,£1.16/litre,Aldi Price Match,,/groceries/en-GB/products/252207566,https://digitalcontent.api.tesco.com/v2/media/ghs/2d70370f-d43a-4579-a4da-02138e65005a/baf59ce1-c720-476c-b01d-5778ed96d79c.jpeg?h=225&w=225,
250802613,Tesco Medium Free Range Eggs 6 Pack,https://www.tesco.com/groceries/en-GB/shop/fresh-food/all?department=Milk%2C%20Butter%20%26%20Eggs&viewAll=department&page=,,,,,/groceries/en-GB/products/250802613,https://digitalcontent.api.tesco.com/v2/media/ghs/c6273795-f00b-4c64-a008-0599d172ca15/8b1217d0-37dc-401e-9b74-82a26a6423b6.jpeg?h=225&w=225,This product's currently out of stock
300661949,Growers Harvest Unsweetened Soya Drink 1L,https://www.tesco.com/groceries/en-GB/shop/fresh-food/all?department=Milk%2C%20Butter%20%26%20Eggs&viewAll=department&page=,£0.55,£0.55/litre,Aldi Price Match,,/groceries/en-GB/products/300661949,https://digitalcontent.api.tesco.com/v2/media/ghs/dedd9cd3-70fb-4e1a-a97c-f196abd71e60/4f37c3bc-2508-4e4b-bcbe-d24483734e82.jpeg?h=225&w=225,
254656508,Tesco Skimmed Milk 2.272L/4 Pints,https://www.tesco.com/groceries/en-GB/shop/fresh-food/all?department=Milk%2C%20Butter%20%26%20Eggs&viewAll=department&page=,£1.65,£0.73/litre,Aldi Price Match,,/groceries/en-GB/products/254656508,https://digitalcontent.api.tesco.com/v2/media/ghs/849dce6c-a4ad-4c09-b7df-1fd0db0ed8ff/f401a977-a739-4cd3-8bd4-959ff38f175a.jpeg?h=225&w=225,
299626009,Tesco 15 Eggs,https://www.tesco.com/groceries/en-GB/shop/fresh-food/all?department=Milk%2C%20Butter%20%26%20Eggs&viewAll=department&page=,,,,,/groceries/en-GB/products/299626009,https://digitalcontent.api.tesco.com/v2/media/ghs/2cb52abe-8a87-4ba2-9b88-b6a8b9a95a8c/594d6f38-cb5c-4d4e-8db3-c6c65a30be3f.jpeg?h=225&w=225,This product's currently out of stock
254656543,Tesco British Semi Skimmed Milk 2.272L 4 Pints,https://www.tesco.com/groceries/en-GB/shop/fresh-food/all?department=Milk%2C%20Butter%20%26%20Eggs&viewAll=department&page=,£1.65,£0.73/litre,Aldi Price Match,,/groceries/en-GB/products/254656543,,
254656399,Tesco Whole Milk 2.272L/4 Pints,https://www.tesco.com/groceries/en-GB/shop/fresh-food/all?department=Milk%2C%20Butter%20%26%20Eggs&viewAll=department&page=,£1.65,£0.73/litre,Aldi Price Match,,/groceries/en-GB/products/254656399,,
255986260,Tesco Semi Skimmed Milk 3.408L/6 Pints,https://www.tesco.com/groceries/en-GB/shop/fresh-food/all?department=Milk%2C%20Butter%20%26%20Eggs&viewAll=department&page=,£2.35,£0.69/litre,Aldi Price Match,,/groceries/en-GB/products/255986260,,
254957550,Tesco Whole Milk 3.408L/6 Pints,https://www.tesco.com/groceries/en-GB/shop/fresh-food/all?department=Milk%2C%20Butter%20%26%20Eggs&viewAll=department&page=,£2.35,£0.69/litre,,,/groceries/en-GB/products/254957550,,
254362533,Anchor Original Spreadable 500G,https://www.tesco.com/groceries/en-GB/shop/fresh-food/all?department=Milk%2C%20Butter%20%26%20Eggs&viewAll=department&page=,£4.50,£9.00/kg,,,/groceries/en-GB/products/254362533,,
292990463,Oatly Oat Drink Barista Edition 1 Litre,https://www.tesco.com/groceries/en-GB/shop/fresh-food/all?department=Milk%2C%20Butter%20%26%20Eggs&viewAll=department&page=,£1.90,£1.90/litre,,,/groceries/en-GB/products/292990463,,
262479736,Tesco Fresh Double Cream 600Ml,https://www.tesco.com/groceries/en-GB/shop/fresh-food/all?department=Milk%2C%20Butter%20%26%20Eggs&viewAll=department&page=,£2.30,£0.38/100ml,,,/groceries/en-GB/products/262479736,https://digitalcontent.api.tesco.com/v2/media/ghs/a82a08ec-238b-405a-a895-805c0f5c92bf/da1f2525-7d42-4f7a-8803-7ea45f36252c.jpeg?h=225&w=225,
254277997,Tesco Skimmed Longlife Milk 1L,https://www.tesco.com/groceries/en-GB/shop/fresh-food/all?department=Milk%2C%20Butter%20%26%20Eggs&viewAll=department&page=,£1.10,£1.10/litre,"Any 4 for £3.50 Clubcard Price - Selected Tesco Skimmed, Semi Skimmed Or Whole Uht Milk 1 Litre",,/groceries/en-GB/products/254277997,https://digitalcontent.api.tesco.com/v2/media/ghs/b582ff9e-d1bc-46a7-bc2a-c264115703e2/3b021f90-c5be-40d0-8aae-4e15d5b33ef4.jpeg?h=225&w=225,
258877943,Lactofree Fresh Semi Skimmed Milk 1L,https://www.tesco.com/groceries/en-GB/shop/fresh-food/all?department=Milk%2C%20Butter%20%26%20Eggs&viewAll=department&page=,,,,,/groceries/en-GB/products/258877943,https://digitalcontent.api.tesco.com/v2/media/ghs/eb05fba4-c638-49b3-afac-578c7f276f12/20173f3c-ce0f-45d0-8e9d-10756c36c8f9.jpeg?h=225&w=225,This product's currently out of stock
264328992,Happy Egg Co Large Free Range Eggs 6 Pack,https://www.tesco.com/groceries/en-GB/shop/fresh-food/all?department=Milk%2C%20Butter%20%26%20Eggs&viewAll=department&page=,£2.15,£0.36/each,,,/groceries/en-GB/products/264328992,https://digitalcontent.api.tesco.com/v2/media/ghs/a2bc58b2-a09d-41eb-b0a1-9b714eea472d/1169f070-8df1-4886-a922-4466446d1064.jpeg?h=225&w=225,
300118011,Tesco Lactose Free Semi Skimmed Milk 1 Litre,https://www.tesco.com/groceries/en-GB/shop/fresh-food/all?department=Milk%2C%20Butter%20%26%20Eggs&viewAll=department&page=,£1.35,£1.35/litre,,,/groceries/en-GB/products/300118011,https://digitalcontent.api.tesco.com/v2/media/ghs/cdfcfc2b-f871-409f-84d1-84856137730f/06c3bcdd-7287-4c91-a00c-f6c44081d648.jpeg?h=225&w=225,
261746812,Oatly Longlife Milk Drink 1 Litre,https://www.tesco.com/groceries/en-GB/shop/fresh-food/all?department=Milk%2C%20Butter%20%26%20Eggs&viewAll=department&page=,£1.60,£1.60/litre,£1.30 Clubcard Price,,/groceries/en-GB/products/261746812,https://digitalcontent.api.tesco.com/v2/media/ghs/150f6977-8028-4dda-8fa2-d874fdfc7de6/ec763d2f-64f4-40ed-a297-bdb6565f025d.jpeg?h=225&w=225,
254263374,Anchor Salted Block Butter 250G,https://www.tesco.com/groceries/en-GB/shop/fresh-food/all?department=Milk%2C%20Butter%20%26%20Eggs&viewAll=department&page=,£2.30,£9.20/kg,£2.00 Clubcard Price,,/groceries/en-GB/products/254263374,https://digitalcontent.api.tesco.com/v2/media/ghs/8f2e11d0-0e65-489b-b9db-0f97236c5168/85d5f0e8-75df-45bc-ab75-a4bc494123a0.jpeg?h=225&w=225,
252781973,Tesco Free Range Eggs Very Large 6 Pack,https://www.tesco.com/groceries/en-GB/shop/fresh-food/all?department=Milk%2C%20Butter%20%26%20Eggs&viewAll=department&page=,,,,,/groceries/en-GB/products/252781973,https://digitalcontent.api.tesco.com/v2/media/ghs/438944ad-fabd-4e0d-bcec-60d05154e9e7/bb64918b-18c1-4b20-ae79-7be79a3652bc.jpeg?h=225&w=225,This product's currently out of stock
251499998,Tesco Organic Semi- Skimmed Milk 2.272L/4 Pints,https://www.tesco.com/groceries/en-GB/shop/fresh-food/all?department=Milk%2C%20Butter%20%26%20Eggs&viewAll=department&page=,£2.15,£0.95/litre,£1.90 Clubcard Price,,/groceries/en-GB/products/251499998,https://digitalcontent.api.tesco.com/v2/media/ghs/b2675bd7-6ade-402e-8816-63131ad31044/2602cf9e-f212-4ad6-b2e8-5ea32a778a4a_537513946.jpeg?h=225&w=225,
257265436,Cravendale Filtered Whole Milk 2 Litre,https://www.tesco.com/groceries/en-GB/shop/fresh-food/all?department=Milk%2C%20Butter%20%26%20Eggs&viewAll=department&page=,£2.35,£1.18/litre,Any 2 for £4 Clubcard Price - Selected Dairy Products 2 Litre,,/groceries/en-GB/products/257265436,https://digitalcontent.api.tesco.com/v2/media/ghs/0e6c8ea3-43ed-4bb5-ae6f-6a77a3fe246b/cdf8c1af-efcd-4d47-bcd4-60a4d33e4318.jpeg?h=225&w=225,
251744530,Big & Fresh Mixed Sized Eggs 10 Pack,https://www.tesco.com/groceries/en-GB/shop/fresh-food/all?department=Milk%2C%20Butter%20%26%20Eggs&viewAll=department&page=,,,,,/groceries/en-GB/products/251744530,https://digitalcontent.api.tesco.com/v2/media/ghs/8eb32c41-545e-46ef-89f7-92275228bbb7/29f21490-a7a3-489d-8ea1-8b28fbb54458.jpeg?h=225&w=225,This product's currently out of stock
312565758,Flora Buttery Spread 450G,https://www.tesco.com/groceries/en-GB/shop/fresh-food/all?department=Milk%2C%20Butter%20%26%20Eggs&viewAll=department&page=,£2.50,£5.56/kg,£1.75 Clubcard Price,,/groceries/en-GB/products/312565758,https://digitalcontent.api.tesco.com/v2/media/ghs/83d4edd1-a577-41c5-8712-2fa83cb4144a/d7b54963-3eb0-459d-b19b-a33579380968_1975851911.jpeg?h=225&w=225,
254263685,Clover Original Spread 500G,https://www.tesco.com/groceries/en-GB/shop/fresh-food/all?department=Milk%2C%20Butter%20%26%20Eggs&viewAll=department&page=,£2.40,£4.80/kg,,,/groceries/en-GB/products/254263685,https://digitalcontent.api.tesco.com/v2/media/ghs/4516c455-5b5a-4a12-b3d1-19928615c84f/4e6ded20-ba31-4a04-be62-ecafdcbb137c.jpeg?h=225&w=225,
260086626,Cravendale Pure Filtered Semi Skimmed Milk 1L,https://www.tesco.com/groceries/en-GB/shop/fresh-food/all?department=Milk%2C%20Butter%20%26%20Eggs&viewAll=department&page=,,,,,/groceries/en-GB/products/260086626,https://digitalcontent.api.tesco.com/v2/media/ghs/2bd02c08-1ca8-4c1f-b255-866688a30480/62f6df5d-d892-475a-aa23-b753afbc2d66.jpeg?h=225&w=225,This product's currently out of stock
291729407,Tesco Butterpak Spreadable Slight Salted 500G,https://www.tesco.com/groceries/en-GB/shop/fresh-food/all?department=Milk%2C%20Butter%20%26%20Eggs&viewAll=department&page=,£2.19,£4.38/kg,Aldi Price Match,,/groceries/en-GB/products/291729407,https://digitalcontent.api.tesco.com/v2/media/ghs/83dc3fed-93e5-449e-bfbc-f1e62000de7a/ae17ba1d-cc20-46b0-be5d-2a9c8e10d839.jpeg?h=225&w=225,
258087835,Tesco Brandy Butter 200G,https://www.tesco.com/groceries/en-GB/shop/fresh-food/all?department=Milk%2C%20Butter%20%26%20Eggs&viewAll=department&page=,£2.00,£1.00/100g,,New,/groceries/en-GB/products/258087835,https://digitalcontent.api.tesco.com/v2/media/ghs/28f2fc13-c7b0-4df3-b477-18cc12f922e2/2da55a2a-122d-443e-89bc-c067c9159eec_1541749718.jpeg?h=225&w=225,
291631643,Arla Bob Skimmed Milk 2 Litre,https://www.tesco.com/groceries/en-GB/shop/fresh-food/all?department=Milk%2C%20Butter%20%26%20Eggs&viewAll=department&page=,£2.35,£1.18/litre,Any 2 for £4 Clubcard Price - Selected Dairy Products 2 Litre,,/groceries/en-GB/products/291631643,https://digitalcontent.api.tesco.com/v2/media/ghs/9dc25e10-6d3c-4e4d-8698-74c06e932892/5558a634-c0cd-4e96-8e4e-8eeda8884fde_401745111.jpeg?h=225&w=225,
263772685,Tesco 50% Less Fat Creme Fraiche 300Ml,https://www.tesco.com/groceries/en-GB/shop/fresh-food/all?department=Milk%2C%20Butter%20%26%20Eggs&viewAll=department&page=,,,,,/groceries/en-GB/products/263772685,https://digitalcontent.api.tesco.com/v2/media/ghs/ce0924d7-224b-4239-b26f-55c713ac6d90/b32347f6-30bc-496e-a803-0ac20b5f08c8.jpeg?h=225&w=225,This product's currently out of stock
266524232,Tesco Puff Pastry Ready Rolled 375G,https://www.tesco.com/groceries/en-GB/shop/fresh-food/all?department=Milk%2C%20Butter%20%26%20Eggs&viewAll=department&page=,£1.25,£3.34/kg,,,/groceries/en-GB/products/266524232,,
303116924,Creamfields Double Cream 300Ml,https://www.tesco.com/groceries/en-GB/shop/fresh-food/all?department=Milk%2C%20Butter%20%26%20Eggs&viewAll=department&page=,£1.15,£0.38/100ml,Aldi Price Match,,/groceries/en-GB/products/303116924,,
299914291,Creamfields Uht Skimmed Milk 1 Litre,https://www.tesco.com/groceries/en-GB/shop/fresh-food/all?department=Milk%2C%20Butter%20%26%20Eggs&viewAll=department&page=,,,,,/groceries/en-GB/products/299914291,,This product's currently out of stock
308088804,Elmlea Double Alternative To Cream 270Ml,https://www.tesco.com/groceries/en-GB/shop/fresh-food/all?department=Milk%2C%20Butter%20%26%20Eggs&viewAll=department&page=,£1.45,£0.54/100ml,Aldi Price Match,,/groceries/en-GB/products/308088804,,
299914279,Creamfields Uht Semi Skimmed Milk 1 Litre,https://www.tesco.com/groceries/en-GB/shop/fresh-food/all?department=Milk%2C%20Butter%20%26%20Eggs&viewAll=department&page=,£0.75,£0.75/litre,Aldi Price Match,,/groceries/en-GB/products/299914279,,
265166150,Tesco Soured Cream 150Ml,https://www.tesco.com/groceries/en-GB/shop/fresh-food/all?department=Milk%2C%20Butter%20%26%20Eggs&viewAll=department&page=,£0.75,£0.50/100ml,,,/groceries/en-GB/products/265166150,,
252472475,Tesco Finest Extra Thick Brandy Cream 250Ml,https://www.tesco.com/groceries/en-GB/shop/fresh-food/all?department=Milk%2C%20Butter%20%26%20Eggs&viewAll=department&page=,£2.50,£1.00/100ml,,New,/groceries/en-GB/products/252472475,https://digitalcontent.api.tesco.com/v2/media/ghs/3c2c42f9-e32b-44b8-ab9b-3d2757528f13/8144297d-c51d-4b65-887a-dcfa2d64e035_1943992411.jpeg?h=225&w=225,
302330090,Oatly Oat Drink Whole 1 Litre,https://www.tesco.com/groceries/en-GB/shop/fresh-food/all?department=Milk%2C%20Butter%20%26%20Eggs&viewAll=department&page=,£1.90,£1.90/litre,,,/groceries/en-GB/products/302330090,https://digitalcontent.api.tesco.com/v2/media/ghs/e911f614-c21e-44d6-8848-90e69ea275f3/d13de221-d926-424b-adaf-74ad2845d9d5_628648104.jpeg?h=225&w=225,
297656570,Tesco Finest Brandy Butter 200G,https://www.tesco.com/groceries/en-GB/shop/fresh-food/all?department=Milk%2C%20Butter%20%26%20Eggs&viewAll=department&page=,£2.50,£1.25/100g,,New,/groceries/en-GB/products/297656570,https://digitalcontent.api.tesco.com/v2/media/ghs/6b9a316b-8f7b-424a-a300-ff6abf943f7b/d8f5ff06-cff9-4565-9285-f8d0ec3b0140_1563550932.jpeg?h=225&w=225,
256438810,Tesco Longlife Soya Drink Sweetened 1Ltr,https://www.tesco.com/groceries/en-GB/shop/fresh-food/all?department=Milk%2C%20Butter%20%26%20Eggs&viewAll=department&page=,£1.15,£1.15/litre,,,/groceries/en-GB/products/256438810,https://digitalcontent.api.tesco.com/v2/media/ghs/54d4a44a-0698-423f-b57e-2cda392b2d8c/d96b54dd-854c-44bc-85be-38efbbc6fe9c.jpeg?h=225&w=225,
252246415,Lurpak Lighter Slightly Salted Spreadable 500G,https://www.tesco.com/groceries/en-GB/shop/fresh-food/all?department=Milk%2C%20Butter%20%26%20Eggs&viewAll=department&page=,£4.49,£8.98/kg,£3.75 Clubcard Price,,/groceries/en-GB/products/252246415,https://digitalcontent.api.tesco.com/v2/media/ghs/72997dbb-21ed-4c9c-94ce-3cf4f94f4e42/bcb8325a-a7f4-4b51-81d7-712778e2ab90_1037736319.jpeg?h=225&w=225,
258119275,Tesco Finest Brandy Sauce 500Ml,https://www.tesco.com/groceries/en-GB/shop/fresh-food/all?department=Milk%2C%20Butter%20%26%20Eggs&viewAll=department&page=,£2.50,£0.50/100ml,,New,/groceries/en-GB/products/258119275,https://digitalcontent.api.tesco.com/v2/media/ghs/082bd7f3-74c4-46b8-9341-f27c6c726873/16868950-4da5-4130-9a85-859659233091_1624121381.jpeg?h=225&w=225,
268263786,Tesco Mixed Sized Organic Eggs 6 Pack,https://www.tesco.com/groceries/en-GB/shop/fresh-food/all?department=Milk%2C%20Butter%20%26%20Eggs&viewAll=department&page=,,,,,/groceries/en-GB/products/268263786,https://digitalcontent.api.tesco.com/v2/media/ghs/203d61c8-662e-4343-90e9-3f49fec08a96/6ed506e6-1cba-4e38-8a9c-492a9cf46f5f.jpeg?h=225&w=225,This product's currently out of stock
275399728,Tesco Finest 6 Free Range Chestnut Maran Eggs,https://www.tesco.com/groceries/en-GB/shop/fresh-food/all?department=Milk%2C%20Butter%20%26%20Eggs&viewAll=department&page=,£2.30,£0.38/each,,,/groceries/en-GB/products/275399728,https://digitalcontent.api.tesco.com/v2/media/ghs/2732aed4-dcb3-4012-859f-bb9c6c72e771/a8925995-a014-4e0b-aa5c-5539f6dc55ca.jpeg?h=225&w=225,
291725826,Tesco Reduced Fat Butterpak Spreadable 500G,https://www.tesco.com/groceries/en-GB/shop/fresh-food/all?department=Milk%2C%20Butter%20%26%20Eggs&viewAll=department&page=,£2.19,£4.38/kg,Aldi Price Match,,/groceries/en-GB/products/291725826,https://digitalcontent.api.tesco.com/v2/media/ghs/50b5c6c4-0aec-4684-9cab-ab0173880bcf/96edb4e2-22d5-42c9-98d8-f4df62de43dc.jpeg?h=225&w=225,
251499710,Tesco Organic Semi- Skimmed Milk 1.136L/2 Pints,https://www.tesco.com/groceries/en-GB/shop/fresh-food/all?department=Milk%2C%20Butter%20%26%20Eggs&viewAll=department&page=,£1.65,£1.46/litre,,,/groceries/en-GB/products/251499710,https://digitalcontent.api.tesco.com/v2/media/ghs/b533acb2-964d-497d-be57-2564d70e02d0/aac4c6c2-9b41-44c5-9fa1-0bcdb408ae85.jpeg?h=225&w=225,
254263339,Lurpak Slightly Salted Block Butter 250G,https://www.tesco.com/groceries/en-GB/shop/fresh-food/all?department=Milk%2C%20Butter%20%26%20Eggs&viewAll=department&page=,£2.50,£10.00/kg,,,/groceries/en-GB/products/254263339,https://digitalcontent.api.tesco.com/v2/media/ghs/b5868d71-1d6e-4133-8ddc-4a8a4f10d814/b2cc9d26-eba9-4767-866c-0ebed9976bb8.jpeg?h=225&w=225,
291725665,Tesco British Spreadable Salted 500G,https://www.tesco.com/groceries/en-GB/shop/fresh-food/all?department=Milk%2C%20Butter%20%26%20Eggs&viewAll=department&page=,£2.19,£4.38/kg,,,/groceries/en-GB/products/291725665,https://digitalcontent.api.tesco.com/v2/media/ghs/d95afb1b-31d4-43b3-abcb-3794e483985f/e96c356a-4bca-410a-b4c4-f390762236c6.jpeg?h=225&w=225,
254277974,Tesco Whole Longlife Milk 1L,https://www.tesco.com/groceries/en-GB/shop/fresh-food/all?department=Milk%2C%20Butter%20%26%20Eggs&viewAll=department&page=,£1.10,£1.10/litre,"Any 4 for £3.50 Clubcard Price - Selected Tesco Skimmed, Semi Skimmed Or Whole Uht Milk 1 Litre",,/groceries/en-GB/products/254277974,https://digitalcontent.api.tesco.com/v2/media/ghs/da38811c-1f19-471f-b5ac-336fdad778b8/66128bc7-0069-4447-af3f-a888c8cb9857.jpeg?h=225&w=225,
302565353,Alpro Oat No Sugars Chilled Drink 1 Litre,https://www.tesco.com/groceries/en-GB/shop/fresh-food/all?department=Milk%2C%20Butter%20%26%20Eggs&viewAll=department&page=,£1.90,£1.90/litre,£1.35 Clubcard Price,,/groceries/en-GB/products/302565353,https://digitalcontent.api.tesco.com/v2/media/ghs/d1f567bc-e822-436b-9976-566c8118f17b/21420ebd-fe1a-4449-8c29-aa031851c0a3.jpeg?h=225&w=225,
264328894,Happy Egg Co Medium Free Range Eggs 6 Pack,https://www.tesco.com/groceries/en-GB/shop/fresh-food/all?department=Milk%2C%20Butter%20%26%20Eggs&viewAll=department&page=,£1.80,£0.30/each,,,/groceries/en-GB/products/264328894,https://digitalcontent.api.tesco.com/v2/media/ghs/c3bdd635-6452-4acf-9aff-50581e54fc94/3d6058ef-4cef-457a-8126-72c4c3d4d7e0.jpeg?h=225&w=225,
254263702,Clover Original Spread 1Kg,https://www.tesco.com/groceries/en-GB/shop/fresh-food/all?department=Milk%2C%20Butter%20%26%20Eggs&viewAll=department&page=,£3.55,£3.55/kg,£3.00 Clubcard Price,,/groceries/en-GB/products/254263702,https://digitalcontent.api.tesco.com/v2/media/ghs/010b9eda-899c-4c38-9ae3-4308635cb0b5/9e0af2d1-cc15-4160-9165-94f41656847a.jpeg?h=225&w=225,
287531928,Tesco Longlife Almond Drink Unsweetened 1Ltr,https://www.tesco.com/groceries/en-GB/shop/fresh-food/all?department=Milk%2C%20Butter%20%26%20Eggs&viewAll=department&page=,£1.15,£1.15/litre,,,/groceries/en-GB/products/287531928,https://digitalcontent.api.tesco.com/v2/media/ghs/6e2ac37a-b590-43b0-a8a4-0cdf9865f490/5903e8c9-66c8-443d-8dcf-ed5e574651ed.jpeg?h=225&w=225,
255801128,Cravendale Filtered Skimmed Milk 2 Litre,https://www.tesco.com/groceries/en-GB/shop/fresh-food/all?department=Milk%2C%20Butter%20%26%20Eggs&viewAll=department&page=,£2.35,£1.18/litre,Any 2 for £4 Clubcard Price - Selected Dairy Products 2 Litre,,/groceries/en-GB/products/255801128,https://digitalcontent.api.tesco.com/v2/media/ghs/1e1ce1d4-cebc-4e7d-a85f-fa1a01720f4d/5b690805-5b78-47f1-a2db-9f82eb7f9835.jpeg?h=225&w=225,
259373535,Clover Lighter Spread 500G,https://www.tesco.com/groceries/en-GB/shop/fresh-food/all?department=Milk%2C%20Butter%20%26%20Eggs&viewAll=department&page=,£2.40,£4.80/kg,,,/groceries/en-GB/products/259373535,https://digitalcontent.api.tesco.com/v2/media/ghs/14c0e910-7614-459a-affa-36d7ba6ab685/8b17427e-a970-40af-9c0f-d1f9f4a44dc0.jpeg?h=225&w=225,
295693390,Happy Egg Co. Free Range Eggs 10 Mixed Weight,https://www.tesco.com/groceries/en-GB/shop/fresh-food/all?department=Milk%2C%20Butter%20%26%20Eggs&viewAll=department&page=,,,,,/groceries/en-GB/products/295693390,https://digitalcontent.api.tesco.com/v2/media/ghs/2496f1b3-2d7f-422a-ba97-704ebf28b29f/dff20aa4-4532-4079-b82f-b12972b05a60.jpeg?h=225&w=225,This product's currently out of stock
285897521,Tesco Original Real Dairy Spray Cream 250G,https://www.tesco.com/groceries/en-GB/shop/fresh-food/all?department=Milk%2C%20Butter%20%26%20Eggs&viewAll=department&page=,£1.45,£0.58/100g,,,/groceries/en-GB/products/285897521,https://digitalcontent.api.tesco.com/v2/media/ghs/706c356d-af97-44b6-9cb3-399d076f5760/8a107b37-992e-413c-b4bf-c1b510b88292.jpeg?h=225&w=225,
275067782,Alpro Almond No Sugars Chilled Drink 1 Litre,https://www.tesco.com/groceries/en-GB/shop/fresh-food/all?department=Milk%2C%20Butter%20%26%20Eggs&viewAll=department&page=,£1.95,£1.95/litre,£1.35 Clubcard Price,,/groceries/en-GB/products/275067782,https://digitalcontent.api.tesco.com/v2/media/ghs/27b55b49-15fb-4f02-be8b-bbff1677b8fe/95c05553-83ea-45ce-9078-4fcfb0048f40.jpeg?h=225&w=225,
251500030,Tesco Organic Whole Milk 2.272L/4 Pints,https://www.tesco.com/groceries/en-GB/shop/fresh-food/all?department=Milk%2C%20Butter%20%26%20Eggs&viewAll=department&page=,£2.15,£0.95/litre,£1.90 Clubcard Price,,/groceries/en-GB/products/251500030,,
273706064,Blue Diamond Almond Breeze Unsweetened Drink 1L,https://www.tesco.com/groceries/en-GB/shop/fresh-food/all?department=Milk%2C%20Butter%20%26%20Eggs&viewAll=department&page=,£1.60,£1.60/litre,£1.00 Clubcard Price,,/groceries/en-GB/products/273706064,,
310171524,I Can't Believe It's Not Butter Original Spread 450G,https://www.tesco.com/groceries/en-GB/shop/fresh-food/all?department=Milk%2C%20Butter%20%26%20Eggs&viewAll=department&page=,£1.25,£2.78/kg,,,/groceries/en-GB/products/310171524,https://digitalcontent.api.tesco.com/v2/media/ghs/0b5d7698-205f-48ed-bb44-165e3c4e2d97/698ae265-fc36-415b-812c-bec9c2ec69dc_370981048.jpeg?h=225&w=225,
265166259,Tesco Soured Cream 300Ml,https://www.tesco.com/groceries/en-GB/shop/fresh-food/all?department=Milk%2C%20Butter%20%26%20Eggs&viewAll=department&page=,£1.05,£0.35/100ml,Aldi Price Match,,/groceries/en-GB/products/265166259,https://digitalcontent.api.tesco.com/v2/media/ghs/29fe5818-8b2d-489f-af95-c7b9e9624787/5645943d-e1ff-47e6-b8f5-a101d8b8d36b.jpeg?h=225&w=225,
263772662,Tesco Full Fat Creme Fraiche 300Ml,https://www.tesco.com/groceries/en-GB/shop/fresh-food/all?department=Milk%2C%20Butter%20%26%20Eggs&viewAll=department&page=,,,,,/groceries/en-GB/products/263772662,https://digitalcontent.api.tesco.com/v2/media/ghs/6df51d64-90b8-4f73-b6bd-067a9bb6829f/d44f1148-e1a1-40c0-b1e6-a55c1e1f288b.jpeg?h=225&w=225,This product's currently out of stock
253270171,Big & Fresh Mixed Sized Eggs 6 Pack,https://www.tesco.com/groceries/en-GB/shop/fresh-food/all?department=Milk%2C%20Butter%20%26%20Eggs&viewAll=department&page=,£1.45,£0.24/each,,,/groceries/en-GB/products/253270171,https://digitalcontent.api.tesco.com/v2/media/ghs/ef6061af-df4b-4ee5-9acd-bde352259e63/0eb65939-4ae9-46e4-91c7-f5fdfae695ba.jpeg?h=225&w=225,
251314233,Tesco Whole Milk 568Ml/1 Pint,https://www.tesco.com/groceries/en-GB/shop/fresh-food/all?department=Milk%2C%20Butter%20%26%20Eggs&viewAll=department&page=,£0.95,£1.68/litre,Aldi Price Match,,/groceries/en-GB/products/251314233,https://digitalcontent.api.tesco.com/v2/media/ghs/33bb52a5-d4bd-473a-bc0b-393298d1133a/6825cb51-b666-41c5-8a79-88c18edaa7fb.jpeg?h=225&w=225,
300346593,Stockwell & Co. Soft Spread 500G,https://www.tesco.com/groceries/en-GB/shop/fresh-food/all?department=Milk%2C%20Butter%20%26%20Eggs&viewAll=department&page=,£0.99,£1.98/kg,Aldi Price Match,,/groceries/en-GB/products/300346593,https://digitalcontent.api.tesco.com/v2/media/ghs/e34a0cbf-fc80-4e89-8253-ad702c7676df/523d8a68-0074-4d4c-b81e-67b8991e87eb_1438344378.jpeg?h=225&w=225,
312574321,Lurpak Spreadable 750G,https://www.tesco.com/groceries/en-GB/shop/fresh-food/all?department=Milk%2C%20Butter%20%26%20Eggs&viewAll=department&page=,£6.75,£9.00/kg,,,/groceries/en-GB/products/312574321,https://digitalcontent.api.tesco.com/v2/media/ghs/5a0d9524-ce47-4dd3-9772-995e2149714e/db76cc16-a187-4a17-b9f4-3c33c43dd38d.jpeg?h=225&w=225,
255026297,Tesco Semi Skimmed Longlife Milk 6X1l,https://www.tesco.com/groceries/en-GB/shop/fresh-food/all?department=Milk%2C%20Butter%20%26%20Eggs&viewAll=department&page=,£5.75,£0.96/litre,,,/groceries/en-GB/products/255026297,https://digitalcontent.api.tesco.com/v2/media/ghs/9d42900c-a69a-4a1e-9383-e58c66141ebb/ed776ea9-b312-45eb-9c5c-c3f02006165b.jpeg?h=225&w=225,
267438511,Alpro Junior Growing Up Soya Drink 1Ltr,https://www.tesco.com/groceries/en-GB/shop/fresh-food/all?department=Milk%2C%20Butter%20%26%20Eggs&viewAll=department&page=,£1.90,£1.90/litre,,,/groceries/en-GB/products/267438511,https://digitalcontent.api.tesco.com/v2/media/ghs/86e2f59a-1ce3-477a-b0f8-7bd88b4ba3ca/11f906f1-effc-4124-96cd-887fc139fe96_1981659033.jpeg?h=225&w=225,
303260389,Flora Buttery Spread 1Kg,https://www.tesco.com/groceries/en-GB/shop/fresh-food/all?department=Milk%2C%20Butter%20%26%20Eggs&viewAll=department&page=,£4.60,£4.60/kg,,,/groceries/en-GB/products/303260389,https://digitalcontent.api.tesco.com/v2/media/ghs/6532fc0d-7cdc-4d12-8ffa-da1796dc91cc/ae117b93-498c-4b2c-89fd-390c59c69ec2.jpeg?h=225&w=225,
309494477,Clarence Court Brown Medium Free Range Eggs 6 Pack,https://www.tesco.com/groceries/en-GB/shop/fresh-food/all?department=Milk%2C%20Butter%20%26%20Eggs&viewAll=department&page=,£2.95,£0.49/each,,,/groceries/en-GB/products/309494477,https://digitalcontent.api.tesco.com/v2/media/ghs/c80e19cb-6e23-4b60-9eee-99db4b9963fa/e7582c5f-13bd-4797-9418-543201d67b6a.jpeg?h=225&w=225,
280832278,Alpro Long Life Oat Drink 1 Litre,https://www.tesco.com/groceries/en-GB/shop/fresh-food/all?department=Milk%2C%20Butter%20%26%20Eggs&viewAll=department&page=,£1.90,£1.90/litre,,,/groceries/en-GB/products/280832278,https://digitalcontent.api.tesco.com/v2/media/ghs/9f726053-0cb3-4df1-bafb-edb1709fbdc8/5da52b69-7dcc-4a3e-b06e-15cabd7b78b7.jpeg?h=225&w=225,
276761995,Alpro Almond No Sugars Long Life Drink 1 Litre,https://www.tesco.com/groceries/en-GB/shop/fresh-food/all?department=Milk%2C%20Butter%20%26%20Eggs&viewAll=department&page=,£1.95,£1.95/litre,,,/groceries/en-GB/products/276761995,https://digitalcontent.api.tesco.com/v2/media/ghs/a34d51b1-9634-4096-ab1c-899127133e4a/049259df-fc3f-473b-8775-fec26df1c83e.jpeg?h=225&w=225,
305951951,Tesco Organic 12 Mixed Sizes Free Range Eggs,https://www.tesco.com/groceries/en-GB/shop/fresh-food/all?department=Milk%2C%20Butter%20%26%20Eggs&viewAll=department&page=,,,,,/groceries/en-GB/products/305951951,https://digitalcontent.api.tesco.com/v2/media/ghs/49fd0dce-78be-424c-85e8-d289b5aad330/e5c55109-d2e7-4d65-82e6-1e7b8a341c2a.jpeg?h=225&w=225,This product's currently out of stock
295790361,Tesco Longlife Unsweetened Soya Milk Alternative 1L,https://www.tesco.com/groceries/en-GB/shop/fresh-food/all?department=Milk%2C%20Butter%20%26%20Eggs&viewAll=department&page=,£1.15,£1.15/litre,,,/groceries/en-GB/products/295790361,https://digitalcontent.api.tesco.com/v2/media/ghs/6e2e00c6-18e2-4a94-ae8d-7545524d0b26/f31b06ac-105b-4972-a44f-7d050fce3b40_1175693738.jpeg?h=225&w=225,
253002927,Country Life Original Spreadable 500G,https://www.tesco.com/groceries/en-GB/shop/fresh-food/all?department=Milk%2C%20Butter%20%26%20Eggs&viewAll=department&page=,£3.50,£7.00/kg,,,/groceries/en-GB/products/253002927,https://digitalcontent.api.tesco.com/v2/media/ghs/6243b314-4a19-405d-80c2-5b4bb9e0504e/3de04633-28de-415b-ba36-0ee242fa4abb_793043463.jpeg?h=225&w=225,
300661962,Oatly Oat Drink Semi 1 Litre,https://www.tesco.com/groceries/en-GB/shop/fresh-food/all?department=Milk%2C%20Butter%20%26%20Eggs&viewAll=department&page=,£1.90,£1.90/litre,,,/groceries/en-GB/products/300661962,https://digitalcontent.api.tesco.com/v2/media/ghs/7e77695e-d84a-46b5-9040-84d0fb39c1a3/2268204a-4452-49cb-8ebc-531c99047e22.jpeg?h=225&w=225,
259742068,Lactofree Fresh Whole Milk 1L,https://www.tesco.com/groceries/en-GB/shop/fresh-food/all?department=Milk%2C%20Butter%20%26%20Eggs&viewAll=department&page=,,,,,/groceries/en-GB/products/259742068,https://digitalcontent.api.tesco.com/v2/media/ghs/aad4f5af-8c24-4e63-9664-6d3dcdebf7ad/52c621bb-bbd4-4a85-b807-946817a2dd90.jpeg?h=225&w=225,This product's currently out of stock
312367872,Bertolli Original Spread 450G,https://www.tesco.com/groceries/en-GB/shop/fresh-food/all?department=Milk%2C%20Butter%20%26%20Eggs&viewAll=department&page=,£2.85,£6.34/kg,,,/groceries/en-GB/products/312367872,https://digitalcontent.api.tesco.com/v2/media/ghs/605abf20-a5ca-411a-9a58-09b783d345f7/09a84eed-f7e5-4e4b-844d-f9f3351d993d.jpeg?h=225&w=225,
268973255,Jus-Rol Puff Pastry Ready Rolled Sheet 320G,https://www.tesco.com/groceries/en-GB/shop/fresh-food/all?department=Milk%2C%20Butter%20%26%20Eggs&viewAll=department&page=,£1.75,£5.47/kg,,,/groceries/en-GB/products/268973255,https://digitalcontent.api.tesco.com/v2/media/ghs/d8490c9a-07ed-48e4-9c6c-622533366d4c/035c2ea0-02a9-476c-aa06-89d163c677b9.jpeg?h=225&w=225,
253250771,Vitalite Dairy Free Spread 500G,https://www.tesco.com/groceries/en-GB/shop/fresh-food/all?department=Milk%2C%20Butter%20%26%20Eggs&viewAll=department&page=,£2.25,£4.50/kg,,,/groceries/en-GB/products/253250771,https://digitalcontent.api.tesco.com/v2/media/ghs/1aba49df-087e-4913-8fc5-adea0aeca1a0/cffb7e81-6dca-423d-b52b-0f299f1ec277.jpeg?h=225&w=225,
301810088,Purely Organic Eggs Mixed Weight 10 Pack,https://www.tesco.com/groceries/en-GB/shop/fresh-food/all?department=Milk%2C%20Butter%20%26%20Eggs&viewAll=department&page=,£3.30,£0.33/each,,,/groceries/en-GB/products/301810088,,
266567296,Alpro Soya No Sugars Chilled Drink 1 Litre,https://www.tesco.com/groceries/en-GB/shop/fresh-food/all?department=Milk%2C%20Butter%20%26%20Eggs&viewAll=department&page=,£1.80,£1.80/litre,£1.35 Clubcard Price,,/groceries/en-GB/products/266567296,,
253528288,Alpro Soya Chilled Drink 1 Litre,https://www.tesco.com/groceries/en-GB/shop/fresh-food/all?department=Milk%2C%20Butter%20%26%20Eggs&viewAll=department&page=,£1.80,£1.80/litre,£1.35 Clubcard Price,,/groceries/en-GB/products/253528288,,
312561365,Flora Vegan All Natural Spread 450G,https://www.tesco.com/groceries/en-GB/shop/fresh-food/all?department=Milk%2C%20Butter%20%26%20Eggs&viewAll=department&page=,£2.50,£5.56/kg,£1.75 Clubcard Price,,/groceries/en-GB/products/312561365,https://digitalcontent.api.tesco.com/v2/media/ghs/9d0b9df4-3a2a-4f31-b188-9fd2e8ab3470/29d546d6-17c7-4c91-8ac0-21dd74fec6f2_2068383427.jpeg?h=225&w=225,
312563000,Flora Vegan Lighter Spread 450G,https://www.tesco.com/groceries/en-GB/shop/fresh-food/all?department=Milk%2C%20Butter%20%26%20Eggs&viewAll=department&page=,£2.50,£5.56/kg,£1.75 Clubcard Price,,/groceries/en-GB/products/312563000,https://digitalcontent.api.tesco.com/v2/media/ghs/a0b16f70-bab9-4dc9-a2a4-382224db90e8/56fdaafd-4176-47e2-8a72-4c1bac8ee694_1627947297.jpeg?h=225&w=225,
308822161,Elmlea Single Alternative To Cream 270Ml,https://www.tesco.com/groceries/en-GB/shop/fresh-food/all?department=Milk%2C%20Butter%20%26%20Eggs&viewAll=department&page=,£1.35,£0.50/100ml,,,/groceries/en-GB/products/308822161,https://digitalcontent.api.tesco.com/v2/media/ghs/7a671bfa-5859-4360-9cf0-f3d71ed46c5a/1be8ee70-0f73-4cb8-a971-0e4031144d97_814071791.jpeg?h=225&w=225,
273701571,Almond Breeze Unsweetened Fresh Drink 1 Litre,https://www.tesco.com/groceries/en-GB/shop/fresh-food/all?department=Milk%2C%20Butter%20%26%20Eggs&viewAll=department&page=,£1.60,£0.16/100ml,,,/groceries/en-GB/products/273701571,https://digitalcontent.api.tesco.com/v2/media/ghs/f98f827a-1269-47c7-8af9-420a53cb0919/fa011711-7679-485c-be0b-5ab9cf52cbac.jpeg?h=225&w=225,
262479245,Tesco Fresh Single Cream 300Ml,https://www.tesco.com/groceries/en-GB/shop/fresh-food/all?department=Milk%2C%20Butter%20%26%20Eggs&viewAll=department&page=,£1.10,£0.37/100ml,,,/groceries/en-GB/products/262479245,https://digitalcontent.api.tesco.com/v2/media/ghs/9497e02c-cb89-493f-b7bc-d772a9a2204f/c0dcbbc3-2254-4bba-859d-1b6cc7a76623.jpeg?h=225&w=225,
285897711,Tesco 30% Less Fat Dairy Spray Cream 250G,https://www.tesco.com/groceries/en-GB/shop/fresh-food/all?department=Milk%2C%20Butter%20%26%20Eggs&viewAll=department&page=,£1.45,£0.58/100g,,,/groceries/en-GB/products/285897711,https://digitalcontent.api.tesco.com/v2/media/ghs/40c2c23f-ad2f-4a9e-9785-2f984c402b31/be50c1df-69de-42c6-b12c-d26b066c3c18.jpeg?h=225&w=225,
267662383,Tesco Ready Rolled Shortcrust Pastry 375G,https://www.tesco.com/groceries/en-GB/shop/fresh-food/all?department=Milk%2C%20Butter%20%26%20Eggs&viewAll=department&page=,£1.25,£3.34/kg,,,/groceries/en-GB/products/267662383,https://digitalcontent.api.tesco.com/v2/media/ghs/d9d16624-7fba-40db-86f3-ab8c73aa9764/04ceef15-a208-4f5d-a0c8-f345191393cc.jpeg?h=225&w=225,
262478586,Tesco Fresh Single Cream 150Ml,https://www.tesco.com/groceries/en-GB/shop/fresh-food/all?department=Milk%2C%20Butter%20%26%20Eggs&viewAll=department&page=,£0.80,£0.53/100ml,,,/groceries/en-GB/products/262478586,https://digitalcontent.api.tesco.com/v2/media/ghs/fed95636-2c76-4143-befb-5431405a1c15/538984fd-5623-42fd-8864-cb44dccf8139.jpeg?h=225&w=225,
310670792,I Can't Believe It's Not Butter Light Spread 450G,https://www.tesco.com/groceries/en-GB/shop/fresh-food/all?department=Milk%2C%20Butter%20%26%20Eggs&viewAll=department&page=,£1.25,£2.78/kg,,,/groceries/en-GB/products/310670792,https://digitalcontent.api.tesco.com/v2/media/ghs/fdfd1cf0-2ee7-45bb-83b9-90b641ba602d/b02342cf-64d7-4484-a7b8-37f6f2036b6f_1723671263.jpeg?h=225&w=225,
251314095,Tesco Skimmed Milk 568Ml/1 Pint,https://www.tesco.com/groceries/en-GB/shop/fresh-food/all?department=Milk%2C%20Butter%20%26%20Eggs&viewAll=department&page=,£0.89,£1.57/litre,,,/groceries/en-GB/products/251314095,https://digitalcontent.api.tesco.com/v2/media/ghs/2aaffe74-c605-44f9-9e07-3b96969f0f86/6947dae8-a25d-4d2f-b172-0ef32f371d1e.jpeg?h=225&w=225,
257258670,Tesco Olive Spread 500G,https://www.tesco.com/groceries/en-GB/shop/fresh-food/all?department=Milk%2C%20Butter%20%26%20Eggs&viewAll=department&page=,£1.35,£2.70/kg,,,/groceries/en-GB/products/257258670,https://digitalcontent.api.tesco.com/v2/media/ghs/275f06a7-4003-4210-b04b-d6354921fef5/0767bbef-2785-4e45-a7ab-1ea9f9e24ad4.jpeg?h=225&w=225,
251063638,Tesco Buttery Spread 500G,https://www.tesco.com/groceries/en-GB/shop/fresh-food/all?department=Milk%2C%20Butter%20%26%20Eggs&viewAll=department&page=,£1.10,£2.20/kg,,,/groceries/en-GB/products/251063638,https://digitalcontent.api.tesco.com/v2/media/ghs/61d86bfe-a69f-4f5c-82d7-8ae04c4d4812/aede037c-b42b-4107-b80f-d113744468f5.jpeg?h=225&w=225,
300346570,Stockwell & Co. Lard 250G,https://www.tesco.com/groceries/en-GB/shop/fresh-food/all?department=Milk%2C%20Butter%20%26%20Eggs&viewAll=department&page=,£0.42,£1.68/kg,,,/groceries/en-GB/products/300346570,https://digitalcontent.api.tesco.com/v2/media/ghs/0156a9a0-7cd1-4fcc-bb81-0fe18b352117/f17ef4e2-80a0-4e86-9532-1f45d31c8717.jpeg?h=225&w=225,
303260366,Flora Light Spread 1Kg,https://www.tesco.com/groceries/en-GB/shop/fresh-food/all?department=Milk%2C%20Butter%20%26%20Eggs&viewAll=department&page=,£4.60,£4.60/kg,,,/groceries/en-GB/products/303260366,https://digitalcontent.api.tesco.com/v2/media/ghs/b44deaad-3bf3-4780-8376-cf871243d17a/e7f6ba63-828f-453f-9f78-00f718889a43_1561425942.jpeg?h=225&w=225,
306659305,Baileys Extra Thick Salted Caramel Cream 250Ml,https://www.tesco.com/groceries/en-GB/shop/fresh-food/all?department=Milk%2C%20Butter%20%26%20Eggs&viewAll=department&page=,£2.75,£1.10/100ml,,New,/groceries/en-GB/products/306659305,https://digitalcontent.api.tesco.com/v2/media/ghs/8db17af2-a81a-4fe5-b96c-92b5adf7b0db/ba731576-556a-4479-aa56-87e6a0dae324_848374355.jpeg?h=225&w=225,
267149536,Baileys Pouring Cream 250 Ml,https://www.tesco.com/groceries/en-GB/shop/fresh-food/all?department=Milk%2C%20Butter%20%26%20Eggs&viewAll=department&page=,£2.75,£1.10/100ml,,New,/groceries/en-GB/products/267149536,https://digitalcontent.api.tesco.com/v2/media/ghs/4d3efe3b-e105-45ca-af6d-c315da165323/82601e29-5ac6-4470-997b-07a1d4f1181a_2083478084.jpeg?h=225&w=225,
290351660,Bailey's Extra Thick Cream 250Ml,https://www.tesco.com/groceries/en-GB/shop/fresh-food/all?department=Milk%2C%20Butter%20%26%20Eggs&viewAll=department&page=,£2.75,£1.10/100ml,,New,/groceries/en-GB/products/290351660,https://digitalcontent.api.tesco.com/v2/media/ghs/8b2a1eff-58be-40ef-9a1d-92cf4413e0a1/2927ba87-2fde-4253-9461-218dc8abfcf7_1283604292.jpeg?h=225&w=225,
305963643,Anchor Spreadable Big Pack 750G,https://www.tesco.com/groceries/en-GB/shop/fresh-food/all?department=Milk%2C%20Butter%20%26%20Eggs&viewAll=department&page=,£6.50,£8.67/kg,£5.25 Clubcard Price,,/groceries/en-GB/products/305963643,https://digitalcontent.api.tesco.com/v2/media/ghs/62c544f9-1139-4a47-8a79-0b52b167d16d/33d518fa-aaeb-4641-b623-5447f0e88991_204834953.jpeg?h=225&w=225,
251523947,Alpro Original Longlife Soya Drink Alternative 1L,https://www.tesco.com/groceries/en-GB/shop/fresh-food/all?department=Milk%2C%20Butter%20%26%20Eggs&viewAll=department&page=,£1.90,£1.90/litre,,,/groceries/en-GB/products/251523947,https://digitalcontent.api.tesco.com/v2/media/ghs/b6e29c3f-82cb-4ebd-adf2-64963fbf6010/4507c610-b0c5-4a8e-aa82-1e5637be4ea0.jpeg?h=225&w=225,
260569996,Lactofree Semi Skimmed Longlife 1L,https://www.tesco.com/groceries/en-GB/shop/fresh-food/all?department=Milk%2C%20Butter%20%26%20Eggs&viewAll=department&page=,£1.90,£1.90/litre,,,/groceries/en-GB/products/260569996,https://digitalcontent.api.tesco.com/v2/media/ghs/bccd373b-e491-4484-ba6e-b2cd0d7453e5/38d19691-d4d4-4fdf-b69d-e71751d3c48b.jpeg?h=225&w=225,
253178655,Alpro Soya No Sugars Long Life Drink 1L,https://www.tesco.com/groceries/en-GB/shop/fresh-food/all?department=Milk%2C%20Butter%20%26%20Eggs&viewAll=department&page=,£1.90,£1.90/litre,,,/groceries/en-GB/products/253178655,https://digitalcontent.api.tesco.com/v2/media/ghs/ac1efa24-ce46-4fd9-aaa6-245876a886da/0a84089d-09c7-4c0e-a65d-d8ea1785ee3d.jpeg?h=225&w=225,
251607518,Anchor Lighter Spreadable 500G,https://www.tesco.com/groceries/en-GB/shop/fresh-food/all?department=Milk%2C%20Butter%20%26%20Eggs&viewAll=department&page=,£4.50,£9.00/kg,,,/groceries/en-GB/products/251607518,https://digitalcontent.api.tesco.com/v2/media/ghs/1e02519a-3a47-42e5-ac51-29240d8470c6/5152bb78-0409-4f1a-9ab9-02ae7792be43.jpeg?h=225&w=225,
254400495,Stork Original Baking Spread 1Kg,https://www.tesco.com/groceries/en-GB/shop/fresh-food/all?department=Milk%2C%20Butter%20%26%20Eggs&viewAll=department&page=,£3.85,£3.85/kg,,,/groceries/en-GB/products/254400495,https://digitalcontent.api.tesco.com/v2/media/ghs/43873b93-fac5-4883-b929-1702217ebb2a/c14a1360-cf65-4daf-993b-2affe885e221_1065102238.jpeg?h=225&w=225,
304788437,Alpro Barista Oat Long Life Drink 1 Litre,https://www.tesco.com/groceries/en-GB/shop/fresh-food/all?department=Milk%2C%20Butter%20%26%20Eggs&viewAll=department&page=,£2.00,£2.00/litre,£1.50 Clubcard Price,,/groceries/en-GB/products/304788437,https://digitalcontent.api.tesco.com/v2/media/ghs/3e5a6b9b-454d-41a6-8bc3-a1b45786fc9a/09e0b40e-d822-4b50-b65a-6427452c9172.jpeg?h=225&w=225,
255878060,Lurpak Unsalted Block Butter 250G,https://www.tesco.com/groceries/en-GB/shop/fresh-food/all?department=Milk%2C%20Butter%20%26%20Eggs&viewAll=department&page=,£2.50,£10.00/kg,,,/groceries/en-GB/products/255878060,https://digitalcontent.api.tesco.com/v2/media/ghs/11c2f7dc-e1c1-439b-b6ee-7caeaf716865/d2013a6f-6ab7-4bce-b31b-6a2cef9c6b87.jpeg?h=225&w=225,
251499900,Tesco Organic Whole Milk 1.136L/2 Pints,https://www.tesco.com/groceries/en-GB/shop/fresh-food/all?department=Milk%2C%20Butter%20%26%20Eggs&viewAll=department&page=,£1.65,£1.46/litre,,,/groceries/en-GB/products/251499900,https://digitalcontent.api.tesco.com/v2/media/ghs/b1dfd358-5dd4-4c32-82b4-b0a2bac5f19c/5189e2e3-d0cd-472e-8fc5-a9b61e1252d0.jpeg?h=225&w=225,
254263443,Stork Original Baking Block 250G,https://www.tesco.com/groceries/en-GB/shop/fresh-food/all?department=Milk%2C%20Butter%20%26%20Eggs&viewAll=department&page=,£1.50,£6.00/kg,,,/groceries/en-GB/products/254263443,https://digitalcontent.api.tesco.com/v2/media/ghs/784c3d95-6623-42e9-aad2-419645988b9d/361d0642-7069-411c-8282-07bd7a01d4ee_695827020.jpeg?h=225&w=225,
311939727,Mighty Milk Shake Salted Caramel Dairy Free Drink 330Ml,https://www.tesco.com/groceries/en-GB/shop/fresh-food/all?department=Milk%2C%20Butter%20%26%20Eggs&viewAll=department&page=,£1.60,£4.85/litre,,New,/groceries/en-GB/products/311939727,https://digitalcontent.api.tesco.com/v2/media/ghs/abf0c4e4-2ab4-4e3a-9199-2b940d142a27/db77d5eb-a091-4b39-a0a1-4dc978ffb379_897671413.jpeg?h=225&w=225,
305971345,Pure Dairy Free Buttery Spread 500G,https://www.tesco.com/groceries/en-GB/shop/fresh-food/all?department=Milk%2C%20Butter%20%26%20Eggs&viewAll=department&page=,£2.15,£4.30/kg,£1.50 Clubcard Price,,/groceries/en-GB/products/305971345,https://digitalcontent.api.tesco.com/v2/media/ghs/0cec4da4-43f9-42d2-ac34-3bceb165b1ef/5c6a6f30-1c36-4c24-ba66-c72b2c3cc7af_2081206467.jpeg?h=225&w=225,
276606921,Cravendale Whole Milk 1 Litre,https://www.tesco.com/groceries/en-GB/shop/fresh-food/all?department=Milk%2C%20Butter%20%26%20Eggs&viewAll=department&page=,,,,,/groceries/en-GB/products/276606921,https://digitalcontent.api.tesco.com/v2/media/ghs/89880343-1f45-48e2-9962-e75dc62ade2d/b13aa8a5-b94d-4d1c-adc4-4f1ef613fd4a.jpeg?h=225&w=225,This product's currently out of stock
256521688,Tesco Baking Block 250G,https://www.tesco.com/groceries/en-GB/shop/fresh-food/all?department=Milk%2C%20Butter%20%26%20Eggs&viewAll=department&page=,£0.95,£3.80/kg,,,/groceries/en-GB/products/256521688,https://digitalcontent.api.tesco.com/v2/media/ghs/9a96dce3-4ce4-4263-8c7e-e5aa785f9ddf/787618e8-5ef9-4652-9203-cc00aeb51f47.jpeg?h=225&w=225,
262480058,Tesco Fresh Extra Thick Double Cream 300Ml,https://www.tesco.com/groceries/en-GB/shop/fresh-food/all?department=Milk%2C%20Butter%20%26%20Eggs&viewAll=department&page=,£1.30,£0.43/100ml,,,/groceries/en-GB/products/262480058,https://digitalcontent.api.tesco.com/v2/media/ghs/a84e67c2-1f8c-4d5c-be43-c2bee2f24f5f/77c5a02e-24a1-4531-969b-296de8499f4c.jpeg?h=225&w=225,
290369696,Yazoo Chilled Chocolate Flavoured Milkshake 400Ml,https://www.tesco.com/groceries/en-GB/shop/fresh-food/all?department=Milk%2C%20Butter%20%26%20Eggs&viewAll=department&page=,£1.20,£0.30/100ml,75p Clubcard Price,,/groceries/en-GB/products/290369696,https://digitalcontent.api.tesco.com/v2/media/ghs/0ac24eb6-edca-4a2b-bc77-fe58c69b2695/58feb4b6-1dbe-4d7f-a5eb-3f330d3efce9_531402899.jpeg?h=225&w=225,
305976207,Tesco Finest West Country Butter & Sea Salt 250G,https://www.tesco.com/groceries/en-GB/shop/fresh-food/all?department=Milk%2C%20Butter%20%26%20Eggs&viewAll=department&page=,£2.35,£9.40/kg,,,/groceries/en-GB/products/305976207,https://digitalcontent.api.tesco.com/v2/media/ghs/d1d5dda8-2697-40f4-aa10-f34765f59957/05d50349-51c0-4de0-8ef0-06775a67cad5_1691122132.jpeg?h=225&w=225,
254263535,Stork Original Baking Spread 500G,https://www.tesco.com/groceries/en-GB/shop/fresh-food/all?department=Milk%2C%20Butter%20%26%20Eggs&viewAll=department&page=,£2.30,£4.60/kg,,,/groceries/en-GB/products/254263535,https://digitalcontent.api.tesco.com/v2/media/ghs/aec604e6-8de2-490f-be20-64ff8ceda0b2/7c623335-f75f-4376-a8b8-8f038ad784d4.jpeg?h=225&w=225,
253732988,Tesco Filtered Whole Milk 2 Litre,https://www.tesco.com/groceries/en-GB/shop/fresh-food/all?department=Milk%2C%20Butter%20%26%20Eggs&viewAll=department&page=,£1.90,£0.95/litre,,,/groceries/en-GB/products/253732988,https://digitalcontent.api.tesco.com/v2/media/ghs/32ba9cb8-38ec-4fe3-a179-a31edecd99ae/80b945c3-cb41-45e1-ac1d-c97c6f0a633b.jpeg?h=225&w=225,
303116901,Creamfields Single Cream 300Ml,https://www.tesco.com/groceries/en-GB/shop/fresh-food/all?department=Milk%2C%20Butter%20%26%20Eggs&viewAll=department&page=,£0.99,£0.33/100ml,Aldi Price Match,,/groceries/en-GB/products/303116901,https://digitalcontent.api.tesco.com/v2/media/ghs/8e320006-5a56-484d-a5fc-471cc8c2119e/a0f62c09-6f53-4198-8dd2-583c79b2426d.jpeg?h=225&w=225,
253695365,Tesco Buttery Spread 1Kg,https://www.tesco.com/groceries/en-GB/shop/fresh-food/all?department=Milk%2C%20Butter%20%26%20Eggs&viewAll=department&page=,£1.90,£1.90/kg,,,/groceries/en-GB/products/253695365,https://digitalcontent.api.tesco.com/v2/media/ghs/2df6776f-bbfa-4bf1-a091-deb7d8e89b1c/820137f0-9533-4fb5-bf30-e24645979ad8.jpeg?h=225&w=225,
310152607,Tesco Chocolate Flavoured Milk 1L,https://www.tesco.com/groceries/en-GB/shop/fresh-food/all?department=Milk%2C%20Butter%20%26%20Eggs&viewAll=department&page=,£1.20,£0.12/100ml,,,/groceries/en-GB/products/310152607,https://digitalcontent.api.tesco.com/v2/media/ghs/8aa5b814-a98f-44ca-818f-85db62b50d23/d59dd12e-25ea-4b8a-a6b3-20978fcb82c4.jpeg?h=225&w=225,
254278011,T.Skimmed Longlife Milk 6X1l,https://www.tesco.com/groceries/en-GB/shop/fresh-food/all?department=Milk%2C%20Butter%20%26%20Eggs&viewAll=department&page=,£5.75,£0.96/litre,,,/groceries/en-GB/products/254278011,https://digitalcontent.api.tesco.com/v2/media/ghs/7244fc4c-01c8-49fa-862e-cdf238d8de77/829c0489-c068-417b-b872-a815ac823b99.jpeg?h=225&w=225,
253114455,Tesco Organic Butter 250G,https://www.tesco.com/groceries/en-GB/shop/fresh-food/all?department=Milk%2C%20Butter%20%26%20Eggs&viewAll=department&page=,£2.75,£11.00/kg,,,/groceries/en-GB/products/253114455,https://digitalcontent.api.tesco.com/v2/media/ghs/73a88932-db8e-40e5-9f2e-95026d30b4c2/a97a461a-b3ff-4df1-90dd-5e6f516ac329.jpeg?h=225&w=225,
261819963,Tesco Organic Unsalted Butter 250G,https://www.tesco.com/groceries/en-GB/shop/fresh-food/all?department=Milk%2C%20Butter%20%26%20Eggs&viewAll=department&page=,£2.75,£11.00/kg,,,/groceries/en-GB/products/261819963,https://digitalcontent.api.tesco.com/v2/media/ghs/05abf652-9ef9-4a52-ab34-8607e9238bb4/71a25317-c6c7-462a-9e42-14fc994f7a9e.jpeg?h=225&w=225,
273676409,Country Life Original Spreadable 750G,https://www.tesco.com/groceries/en-GB/shop/fresh-food/all?department=Milk%2C%20Butter%20%26%20Eggs&viewAll=department&page=,£5.00,£6.67/kg,,,/groceries/en-GB/products/273676409,https://digitalcontent.api.tesco.com/v2/media/ghs/c638c226-943c-4160-818a-49584c4f4b37/65866d0c-ad1b-40fb-bb40-07d5a2759791.jpeg?h=225&w=225,
304792587,Alpro Oat No Sugars Long Life Drink 1L,https://www.tesco.com/groceries/en-GB/shop/fresh-food/all?department=Milk%2C%20Butter%20%26%20Eggs&viewAll=department&page=,£1.90,£1.90/litre,,,/groceries/en-GB/products/304792587,https://digitalcontent.api.tesco.com/v2/media/ghs/62192fdc-5eb1-48fb-9c7a-cede0fc31ec7/a5de91e1-e623-4250-bad9-94a4e10314ae.jpeg?h=225&w=225,
304406643,Califia Farms Oat Barista Blend 1Ltr,https://www.tesco.com/groceries/en-GB/shop/fresh-food/all?department=Milk%2C%20Butter%20%26%20Eggs&viewAll=department&page=,£2.10,£2.10/litre,,,/groceries/en-GB/products/304406643,https://digitalcontent.api.tesco.com/v2/media/ghs/bd2e146c-798a-4594-bff3-c37f7a883433/2b9ac912-3cb1-4a11-a1df-215dbbb1b205.jpeg?h=225&w=225,
257159666,Tesco Organic Longlife Soya Drink Unsweetened 1Ltr,https://www.tesco.com/groceries/en-GB/shop/fresh-food/all?department=Milk%2C%20Butter%20%26%20Eggs&viewAll=department&page=,£1.30,£1.30/litre,,,/groceries/en-GB/products/257159666,https://digitalcontent.api.tesco.com/v2/media/ghs/ca77ab79-5202-4ae1-ad50-40a06c8d59bf/be4b1321-9803-49fc-9f4a-89ae6b88c2cb.jpeg?h=225&w=225,
252098146,Rice Dream Original With Added Calcium Drink Alternative 1 Litre,https://www.tesco.com/groceries/en-GB/shop/fresh-food/all?department=Milk%2C%20Butter%20%26%20Eggs&viewAll=department&page=,£1.60,£1.60/litre,,,/groceries/en-GB/products/252098146,https://digitalcontent.api.tesco.com/v2/media/ghs/42553051-4413-4dcb-924f-51cc67b87f98/affd5711-cf02-40e5-9e73-fe2a2e704ee6_1259327281.jpeg?h=225&w=225,
260439056,Benecol Buttery Spread 500G,https://www.tesco.com/groceries/en-GB/shop/fresh-food/all?department=Milk%2C%20Butter%20%26%20Eggs&viewAll=department&page=,£4.50,£9.00/kg,,,/groceries/en-GB/products/260439056,,
309185561,Jord Organic Oat Drink 1 Litre,https://www.tesco.com/groceries/en-GB/shop/fresh-food/all?department=Milk%2C%20Butter%20%26%20Eggs&viewAll=department&page=,£1.90,£1.90/litre,,,/groceries/en-GB/products/309185561,https://digitalcontent.api.tesco.com/v2/media/ghs/5ba72e2a-d1f7-4d6f-b132-8e1f797c025f/270672af-fe2f-48ba-ab02-f13a0c03e310.jpeg?h=225&w=225,
260454237,St Helen's Fresh Whole Goats Milk 1L,https://www.tesco.com/groceries/en-GB/shop/fresh-food/all?department=Milk%2C%20Butter%20%26%20Eggs&viewAll=department&page=,£2.10,£2.10/litre,,,/groceries/en-GB/products/260454237,https://digitalcontent.api.tesco.com/v2/media/ghs/a457535e-6553-4a23-b16d-04534041e057/8bf482bc-91c4-491b-a510-3ca224e07a78.jpeg?h=225&w=225,
251499687,Tesco Organic Skimmed Milk 1.136L/2 Pints,https://www.tesco.com/groceries/en-GB/shop/fresh-food/all?department=Milk%2C%20Butter%20%26%20Eggs&viewAll=department&page=,£1.65,£1.46/litre,,,/groceries/en-GB/products/251499687,https://digitalcontent.api.tesco.com/v2/media/ghs/2585a8a3-a6f3-4453-a1b0-c36a6a0f02d1/019a9820-b4df-4e2e-8539-aecd4acb5601.jpeg?h=225&w=225,
260454295,St Helen's Semi Skimmed Goats Milk 1L,https://www.tesco.com/groceries/en-GB/shop/fresh-food/all?department=Milk%2C%20Butter%20%26%20Eggs&viewAll=department&page=,£2.10,£2.10/litre,,,/groceries/en-GB/products/260454295,https://digitalcontent.api.tesco.com/v2/media/ghs/0d72ff9a-1aa4-48a8-8fb7-166df693f392/36d0918c-3c9b-4db3-bbf5-7ed736166cb5.jpeg?h=225&w=225,
312086743,Bertolli Light 450G,https://www.tesco.com/groceries/en-GB/shop/fresh-food/all?department=Milk%2C%20Butter%20%26%20Eggs&viewAll=department&page=,£2.85,£6.34/kg,,,/groceries/en-GB/products/312086743,https://digitalcontent.api.tesco.com/v2/media/ghs/5803d1ff-5d92-4377-819f-6d7fb1e2badb/8ef05f56-36a0-4a52-be7c-454d65e49912_396993920.jpeg?h=225&w=225,
251496638,Oatly Organic Longlife Drink Alternative 1L,https://www.tesco.com/groceries/en-GB/shop/fresh-food/all?department=Milk%2C%20Butter%20%26%20Eggs&viewAll=department&page=,£1.80,£1.80/litre,£1.30 Clubcard Price,,/groceries/en-GB/products/251496638,https://digitalcontent.api.tesco.com/v2/media/ghs/3d52065c-3f1d-446c-9b40-d5e77be93866/fcd50862-6bd3-4e2a-bc76-29255ac24d70.jpeg?h=225&w=225,
297794371,Frijj Chocolate Milkshake 400Ml,https://www.tesco.com/groceries/en-GB/shop/fresh-food/all?department=Milk%2C%20Butter%20%26%20Eggs&viewAll=department&page=,£1.25,£0.31/100ml,,,/groceries/en-GB/products/297794371,https://digitalcontent.api.tesco.com/v2/media/ghs/968618cb-4016-432e-8cb8-eb44cf9fe726/9bc8a9b3-45f0-4c34-bdcc-353389603c75_500121510.jpeg?h=225&w=225,
309198389,Coffee & Milk Latte Caramel Macchiato Iced Coffee 250Ml,https://www.tesco.com/groceries/en-GB/shop/fresh-food/all?department=Milk%2C%20Butter%20%26%20Eggs&viewAll=department&page=,£0.85,£0.34/100ml,,,/groceries/en-GB/products/309198389,https://digitalcontent.api.tesco.com/v2/media/ghs/338cef8d-d535-46ec-ab45-78be622f2bf1/6fcca10f-13da-46ec-97b9-bd3f49ab2872_2123530620.jpeg?h=225&w=225,
250760137,President Unsalted Butter 250G,https://www.tesco.com/groceries/en-GB/shop/fresh-food/all?department=Milk%2C%20Butter%20%26%20Eggs&viewAll=department&page=,£2.40,£9.60/kg,,,/groceries/en-GB/products/250760137,https://digitalcontent.api.tesco.com/v2/media/ghs/195ed733-139a-46f6-bcac-bf818d882289/8185486d-4a77-4a0b-b6d0-628d5486e970.jpeg?h=225&w=225,
312355454,Flora Pro Activ Buttery Taste Spread 450G,https://www.tesco.com/groceries/en-GB/shop/fresh-food/all?department=Milk%2C%20Butter%20%26%20Eggs&viewAll=department&page=,£4.60,£10.23/kg,£3.50 Clubcard Price,,/groceries/en-GB/products/312355454,https://digitalcontent.api.tesco.com/v2/media/ghs/6b31b3fd-01f8-4dc5-b175-c6d7464fe438/43588cc0-7ca1-4cea-a559-e2e5cfd1bd59_2088323985.jpeg?h=225&w=225,
309175170,Coffee & Milk Latte Cappuccino Iced Coffee 250Ml,https://www.tesco.com/groceries/en-GB/shop/fresh-food/all?department=Milk%2C%20Butter%20%26%20Eggs&viewAll=department&page=,£0.85,£0.34/100ml,,,/groceries/en-GB/products/309175170,https://digitalcontent.api.tesco.com/v2/media/ghs/099bce9f-29a0-4e6c-b23a-c8faf6d6248a/6497e4c6-b60d-4a5f-b6c5-31192e09685f_1552295497.jpeg?h=225&w=225,
252645749,Rodda's Clotted Cream 227G,https://www.tesco.com/groceries/en-GB/shop/fresh-food/all?department=Milk%2C%20Butter%20%26%20Eggs&viewAll=department&page=,£2.60,£1.15/100g,,,/groceries/en-GB/products/252645749,https://digitalcontent.api.tesco.com/v2/media/ghs/6be37b65-63da-46b6-9a3d-2f32f676010d/5987f475-9bb0-46ff-9a44-cbbc847ce7f1.jpeg?h=225&w=225,
254068922,Willow Original Spread 250G,https://www.tesco.com/groceries/en-GB/shop/fresh-food/all?department=Milk%2C%20Butter%20%26%20Eggs&viewAll=department&page=,£1.50,£6.00/kg,,,/groceries/en-GB/products/254068922,https://digitalcontent.api.tesco.com/v2/media/ghs/c073590d-d4e3-4c8e-a2cf-0d6905330951/5693626e-50a6-4508-a942-444acff2fd0e.jpeg?h=225&w=225,
282572363,Happy Monkey Chocolate Milkshake 3X200ml,https://www.tesco.com/groceries/en-GB/shop/fresh-food/all?department=Milk%2C%20Butter%20%26%20Eggs&viewAll=department&page=,£1.20,£0.20/100ml,,,/groceries/en-GB/products/282572363,https://digitalcontent.api.tesco.com/v2/media/ghs/865bfb76-019e-4977-8815-808bd01745be/261319a3-5bd8-4072-b1ec-0efebdecc949.jpeg?h=225&w=225,
297794470,Frijj Fudge Brownie 400Ml,https://www.tesco.com/groceries/en-GB/shop/fresh-food/all?department=Milk%2C%20Butter%20%26%20Eggs&viewAll=department&page=,£1.25,£0.31/100ml,,,/groceries/en-GB/products/297794470,https://digitalcontent.api.tesco.com/v2/media/ghs/8a109001-dccd-4d8c-bf68-cb659eaacfae/7b029c2d-b0e0-4f8b-aec8-d3bebec1bb67_1466197852.jpeg?h=225&w=225,
287971983,Arla Big Milk 2Ltr,https://www.tesco.com/groceries/en-GB/shop/fresh-food/all?department=Milk%2C%20Butter%20%26%20Eggs&viewAll=department&page=,£2.35,£1.18/litre,Any 2 for £4 Clubcard Price - Selected Dairy Products 2 Litre,,/groceries/en-GB/products/287971983,https://digitalcontent.api.tesco.com/v2/media/ghs/f6c1ed3e-9469-4fde-9413-552b0f4a9396/b2e24920-639f-4f9b-a157-b0c8dc571f4a.jpeg?h=225&w=225,
260977655,Tesco Buttery Spread 30% Less Fat 500G,https://www.tesco.com/groceries/en-GB/shop/fresh-food/all?department=Milk%2C%20Butter%20%26%20Eggs&viewAll=department&page=,£1.10,£2.20/kg,,,/groceries/en-GB/products/260977655,https://digitalcontent.api.tesco.com/v2/media/ghs/dd82d765-383b-4cae-b5fe-02ab0db75cdc/e4189517-6b36-471b-a860-cd3a17e5ba4d.jpeg?h=225&w=225,
290369713,Yazoo Chilled Strawberry Flavoured Milkshake 400Ml,https://www.tesco.com/groceries/en-GB/shop/fresh-food/all?department=Milk%2C%20Butter%20%26%20Eggs&viewAll=department&page=,£1.20,£0.30/100ml,75p Clubcard Price,,/groceries/en-GB/products/290369713,https://digitalcontent.api.tesco.com/v2/media/ghs/600c3c50-ea04-4fbc-b34f-7039512e3a41/c78abbc9-2369-47ae-8785-f4f0b3de0aab.jpeg?h=225&w=225,
266552250,Two Chicks Free Range Liquid Egg White 500Ml,https://www.tesco.com/groceries/en-GB/shop/fresh-food/all?department=Milk%2C%20Butter%20%26%20Eggs&viewAll=department&page=,£3.00,£6.00/litre,£2.50 Clubcard Price,,/groceries/en-GB/products/266552250,https://digitalcontent.api.tesco.com/v2/media/ghs/b9a60973-fdf5-4b83-9b89-c97d19ed3b75/555717b0-24d9-4d8c-92cb-0e9091dd2fe8.jpeg?h=225&w=225,
306504230,Ufit High Protein Milkshake Drink Strawberry 330Ml,https://www.tesco.com/groceries/en-GB/shop/fresh-food/all?department=Milk%2C%20Butter%20%26%20Eggs&viewAll=department&page=,£2.00,£0.61/100ml,,,/groceries/en-GB/products/306504230,https://digitalcontent.api.tesco.com/v2/media/ghs/fd61e11f-c348-45d8-bdd8-6aa26a2eef4a/31260563-6e8f-418b-8584-e22e88b64c17_295954728.jpeg?h=225&w=225,
261631216,Lurpak Unsalted Spreadable 500G,https://www.tesco.com/groceries/en-GB/shop/fresh-food/all?department=Milk%2C%20Butter%20%26%20Eggs&viewAll=department&page=,£4.49,£8.98/kg,£3.75 Clubcard Price,,/groceries/en-GB/products/261631216,https://digitalcontent.api.tesco.com/v2/media/ghs/94f17903-5481-4698-ac90-b52cfb9f1128/fbe78625-ab2f-44c5-8620-9da901a5b885.jpeg?h=225&w=225,
262586694,Yeo Valley Organic Whole Milk 2 Litre,https://www.tesco.com/groceries/en-GB/shop/fresh-food/all?department=Milk%2C%20Butter%20%26%20Eggs&viewAll=department&page=,£2.70,£1.35/litre,,,/groceries/en-GB/products/262586694,https://digitalcontent.api.tesco.com/v2/media/ghs/6a33ecb1-62f9-4d60-99d7-7456832c2dc5/86866c9c-cfad-4de9-9c9a-37f6f6628883.jpeg?h=225&w=225,
273798639,Jus-Rol Pains Au Chocolat Dough 6 Pack 275G,https://www.tesco.com/groceries/en-GB/shop/fresh-food/all?department=Milk%2C%20Butter%20%26%20Eggs&viewAll=department&page=,£2.30,£0.84/100g,,,/groceries/en-GB/products/273798639,https://digitalcontent.api.tesco.com/v2/media/ghs/b824a041-aef5-4cea-8bdf-c32128544e52/a94f70bd-8d61-4a05-aa3a-576decc0e491.jpeg?h=225&w=225,
309175515,Califia Farms Oat Barista Drink 1L,https://www.tesco.com/groceries/en-GB/shop/fresh-food/all?department=Milk%2C%20Butter%20%26%20Eggs&viewAll=department&page=,£2.10,£0.21/100ml,,,/groceries/en-GB/products/309175515,https://digitalcontent.api.tesco.com/v2/media/ghs/3b5148af-d1cb-4737-b5ea-9963669c8446/793b54f5-7fc8-4515-81d2-1316a050c68d_1673176412.jpeg?h=225&w=225,
252552749,Benecol Light Spread 500G,https://www.tesco.com/groceries/en-GB/shop/fresh-food/all?department=Milk%2C%20Butter%20%26%20Eggs&viewAll=department&page=,£4.50,£9.00/kg,,,/groceries/en-GB/products/252552749,https://digitalcontent.api.tesco.com/v2/media/ghs/be551b3b-aa77-4072-81ad-993201f333ae/08890734-d6fa-41a8-95d1-2d30e4e97244_272854566.jpeg?h=225&w=225,
297673324,Koko Dairy Free Unsweetened Alternative Longlife Drink 1L,https://www.tesco.com/groceries/en-GB/shop/fresh-food/all?department=Milk%2C%20Butter%20%26%20Eggs&viewAll=department&page=,£1.60,£1.60/litre,,,/groceries/en-GB/products/297673324,https://digitalcontent.api.tesco.com/v2/media/ghs/bea5a51f-e10e-43c2-894b-9cdc6f3b21ae/cda0e071-a34d-40a8-bf5b-fcfb99badc33.jpeg?h=225&w=225,
262479625,Tesco Fresh Single Cream 600Ml,https://www.tesco.com/groceries/en-GB/shop/fresh-food/all?department=Milk%2C%20Butter%20%26%20Eggs&viewAll=department&page=,£1.95,£0.32/100ml,,,/groceries/en-GB/products/262479625,https://digitalcontent.api.tesco.com/v2/media/ghs/c30f0541-95cf-4424-b582-1bbda35b5b12/131dd5e0-a1e3-46de-8720-6b226dee26e1.jpeg?h=225&w=225,
258882358,Yeo Valley Organic Semi Skimmed Milk 2 Litre,https://www.tesco.com/groceries/en-GB/shop/fresh-food/all?department=Milk%2C%20Butter%20%26%20Eggs&viewAll=department&page=,£2.70,£1.35/litre,,,/groceries/en-GB/products/258882358,https://digitalcontent.api.tesco.com/v2/media/ghs/f4525eff-c918-404a-a4d9-e0956ad040bb/1c8063a4-0e0d-4417-a3eb-124abaefd223.jpeg?h=225&w=225,
311262317,Minor Figures Organic Barista Oat Drink 1L,https://www.tesco.com/groceries/en-GB/shop/fresh-food/all?department=Milk%2C%20Butter%20%26%20Eggs&viewAll=department&page=,£1.90,£1.90/litre,£1.50 Clubcard Price,,/groceries/en-GB/products/311262317,https://digitalcontent.api.tesco.com/v2/media/ghs/cca03340-ffce-4899-8a07-6353f54a369f/af06cc0c-740c-4a28-9174-d51d174746d2.jpeg?h=225&w=225,
306944307,Flora Plant Butter Salted 250G,https://www.tesco.com/groceries/en-GB/shop/fresh-food/all?department=Milk%2C%20Butter%20%26%20Eggs&viewAll=department&page=,£2.00,£8.00/kg,,,/groceries/en-GB/products/306944307,https://digitalcontent.api.tesco.com/v2/media/ghs/9b4c7e58-3f0e-4344-8f5b-7a3681ede04f/258fc8d4-bb2e-4120-a854-3a6711355889_1016094490.jpeg?h=225&w=225,
312346649,Flora Pro Activ Light Spread 450G,https://www.tesco.com/groceries/en-GB/shop/fresh-food/all?department=Milk%2C%20Butter%20%26%20Eggs&viewAll=department&page=,£4.60,£10.23/kg,£3.50 Clubcard Price,,/groceries/en-GB/products/312346649,https://digitalcontent.api.tesco.com/v2/media/ghs/32a3fe71-6677-4fc9-b001-3212618ac6e4/886c110b-affd-4843-af6e-4bf9c23aa2ad_7924088.jpeg?h=225&w=225,
262480260,Tesco Fresh British Extra Thick Double Cream 600Ml,https://www.tesco.com/groceries/en-GB/shop/fresh-food/all?department=Milk%2C%20Butter%20%26%20Eggs&viewAll=department&page=,£2.10,£0.35/100ml,,,/groceries/en-GB/products/262480260,https://digitalcontent.api.tesco.com/v2/media/ghs/64b1be91-b208-49fd-b986-60d2d9d212f6/00b88e07-4fd2-4616-b46c-0dfe08b62c4a.jpeg?h=225&w=225,
280988358,Jus-Rol Cinnamon Swirls Dough 6 Pack 270G,https://www.tesco.com/groceries/en-GB/shop/fresh-food/all?department=Milk%2C%20Butter%20%26%20Eggs&viewAll=department&page=,£2.30,£8.52/kg,,,/groceries/en-GB/products/280988358,https://digitalcontent.api.tesco.com/v2/media/ghs/801e35de-705e-403b-8409-dc3a501a0174/c8daefed-bbb6-401c-a5e4-ae855063d987.jpeg?h=225&w=225,
254263587,Pure Sunflower 500G,https://www.tesco.com/groceries/en-GB/shop/fresh-food/all?department=Milk%2C%20Butter%20%26%20Eggs&viewAll=department&page=,£2.15,£4.30/kg,,,/groceries/en-GB/products/254263587,https://digitalcontent.api.tesco.com/v2/media/ghs/f7e59490-35a7-4963-8ce8-641af6789268/ae805406-1156-4a21-9e10-7c9b01a5ffdf.jpeg?h=225&w=225,
265869171,Tesco Pizza Base Mix 145G,https://www.tesco.com/groceries/en-GB/shop/fresh-food/all?department=Milk%2C%20Butter%20%26%20Eggs&viewAll=department&page=,£0.90,£6.21/kg,,,/groceries/en-GB/products/265869171,https://digitalcontent.api.tesco.com/v2/media/ghs/c7309e6f-51df-4d51-950d-7291d689f5bd/193c88e2-c6d0-4197-87d1-adbd7925774a_491478736.jpeg?h=225&w=225,
250829305,Theos Filo Pastry Ready Rolled 250G,https://www.tesco.com/groceries/en-GB/shop/fresh-food/all?department=Milk%2C%20Butter%20%26%20Eggs&viewAll=department&page=,£1.70,£6.80/kg,,,/groceries/en-GB/products/250829305,https://digitalcontent.api.tesco.com/v2/media/ghs/30b6b25d-7b63-4a68-9efd-2b870d3938bc/7208a728-4977-4d21-b43a-e968fd5d100e.jpeg?h=225&w=225,
254945593,Tesco Soft Baking Spread 2Kg,https://www.tesco.com/groceries/en-GB/shop/fresh-food/all?department=Milk%2C%20Butter%20%26%20Eggs&viewAll=department&page=,£3.40,£1.70/kg,,,/groceries/en-GB/products/254945593,https://digitalcontent.api.tesco.com/v2/media/ghs/8dfcaa39-b508-4b82-b4ff-a0119e049031/742f77d5-f874-448a-898f-0248796c2629.jpeg?h=225&w=225,
259728007,Jus-Rol Puff Pastry Block 500G,https://www.tesco.com/groceries/en-GB/shop/fresh-food/all?department=Milk%2C%20Butter%20%26%20Eggs&viewAll=department&page=,£1.45,£2.90/kg,,,/groceries/en-GB/products/259728007,https://digitalcontent.api.tesco.com/v2/media/ghs/e8f17f10-87b5-4c2a-96fe-cc84f0d41793/0d5b83d4-80b4-4312-8238-6fad7a95117e.jpeg?h=225&w=225,
262478920,Tesco Fresh Whipping Cream 300Ml,https://www.tesco.com/groceries/en-GB/shop/fresh-food/all?department=Milk%2C%20Butter%20%26%20Eggs&viewAll=department&page=,£1.25,£0.42/100ml,,,/groceries/en-GB/products/262478920,https://digitalcontent.api.tesco.com/v2/media/ghs/17497dab-806b-42c2-8ff3-b3742237e245/89d4955e-ed7b-4e47-9448-fbc49bd8c22d.jpeg?h=225&w=225,
257524758,Yazoo Chocolate Milkshake 1 Litre Bottle,https://www.tesco.com/groceries/en-GB/shop/fresh-food/all?department=Milk%2C%20Butter%20%26%20Eggs&viewAll=department&page=,£1.65,£0.16/100ml,,,/groceries/en-GB/products/257524758,https://digitalcontent.api.tesco.com/v2/media/ghs/d72b48b8-7a93-4389-bdb8-170542130b58/da772f6d-38c9-4b81-995b-344c68beacfa_150386729.jpeg?h=225&w=225,
294083301,Alpro Oat Drink Alternative 1 Litre,https://www.tesco.com/groceries/en-GB/shop/fresh-food/all?department=Milk%2C%20Butter%20%26%20Eggs&viewAll=department&page=,£1.90,£1.90/litre,£1.35 Clubcard Price,,/groceries/en-GB/products/294083301,https://digitalcontent.api.tesco.com/v2/media/ghs/8c6cbafa-ab78-4e43-bc24-7f47e44ceff3/c8e2b6de-b2b7-42e1-99a9-3cf285819a38.jpeg?h=225&w=225,
300118034,Tesco Unsweetened Soya Milk Alternative 1L,https://www.tesco.com/groceries/en-GB/shop/fresh-food/all?department=Milk%2C%20Butter%20%26%20Eggs&viewAll=department&page=,£1.15,£1.15/litre,,,/groceries/en-GB/products/300118034,https://digitalcontent.api.tesco.com/v2/media/ghs/eb0fa8c6-e87c-41a5-94a4-97db649fb94e/bc8135be-523b-4e26-a9f9-693015bbc1a0.jpeg?h=225&w=225,
293836605,Oatly Creamy Oat 250Ml,https://www.tesco.com/groceries/en-GB/shop/fresh-food/all?department=Milk%2C%20Butter%20%26%20Eggs&viewAll=department&page=,£1.20,£0.48/100ml,,,/groceries/en-GB/products/293836605,https://digitalcontent.api.tesco.com/v2/media/ghs/7aab6a4d-43b1-4279-b328-aed375cfd4aa/e079469e-e216-4088-b181-669b116dff88_914470490.jpeg?h=225&w=225,
258836704,Yazoo Strawberry Milkshake 1 Litre Bottle,https://www.tesco.com/groceries/en-GB/shop/fresh-food/all?department=Milk%2C%20Butter%20%26%20Eggs&viewAll=department&page=,£1.65,£0.16/100ml,,,/groceries/en-GB/products/258836704,https://digitalcontent.api.tesco.com/v2/media/ghs/b431c21e-6b3a-4765-80b4-aeed13203c88/890c23b7-8112-4ddb-8fd8-11a744d25737_955672155.jpeg?h=225&w=225,
305955405,Tesco Ready Rolled Large Pack Puff Pastry 550G,https://www.tesco.com/groceries/en-GB/shop/fresh-food/all?department=Milk%2C%20Butter%20%26%20Eggs&viewAll=department&page=,£1.75,£3.19/kg,,,/groceries/en-GB/products/305955405,https://digitalcontent.api.tesco.com/v2/media/ghs/59c548fd-3465-4d08-b9b8-c49daf73303a/841c2db1-dc8c-443e-8274-1a8ad5d5e9a7.jpeg?h=225&w=225,
261747006,Oatly Chocolate Longlife Drink Alternative 1L,https://www.tesco.com/groceries/en-GB/shop/fresh-food/all?department=Milk%2C%20Butter%20%26%20Eggs&viewAll=department&page=,£1.70,£1.70/litre,£1.30 Clubcard Price,,/groceries/en-GB/products/261747006,https://digitalcontent.api.tesco.com/v2/media/ghs/3c9f2853-8514-49a6-9083-83370fc602f7/d98d7478-c019-4795-8f7d-f0a6abe4bf3c.jpeg?h=225&w=225,
307759312,Tesco Coconut Drink 1 Litre,https://www.tesco.com/groceries/en-GB/shop/fresh-food/all?department=Milk%2C%20Butter%20%26%20Eggs&viewAll=department&page=,£1.15,£1.15/litre,,,/groceries/en-GB/products/307759312,https://digitalcontent.api.tesco.com/v2/media/ghs/4ac59b3f-3627-4791-b0b9-443ea431ae67/a427be5d-2e5c-4fb5-855d-d75b7e25d618.jpeg?h=225&w=225,
262611446,Lurpak Garlic Butter 125G,https://www.tesco.com/groceries/en-GB/shop/fresh-food/all?department=Milk%2C%20Butter%20%26%20Eggs&viewAll=department&page=,£2.00,£16.00/kg,,,/groceries/en-GB/products/262611446,https://digitalcontent.api.tesco.com/v2/media/ghs/0c0c147f-5074-424c-95ad-18e686155a6a/0ef2a183-4c85-4198-ad3b-6586ee96abb8.jpeg?h=225&w=225,
272103255,Alpro Almond Chilled Drink 1 Litre,https://www.tesco.com/groceries/en-GB/shop/fresh-food/all?department=Milk%2C%20Butter%20%26%20Eggs&viewAll=department&page=,£1.95,£1.95/litre,£1.35 Clubcard Price,,/groceries/en-GB/products/272103255,https://digitalcontent.api.tesco.com/v2/media/ghs/c9dfe19b-1444-4a64-84f2-431dccd235f5/9e976e2e-0c58-4514-9ade-6eaf95363b16.jpeg?h=225&w=225,
255764252,Alpro Single Soya Uht Soya Alternative To Cream 250Ml,https://www.tesco.com/groceries/en-GB/shop/fresh-food/all?department=Milk%2C%20Butter%20%26%20Eggs&viewAll=department&page=,£1.00,£0.40/100ml,,,/groceries/en-GB/products/255764252,https://digitalcontent.api.tesco.com/v2/media/ghs/9bf71978-e5e8-4681-82e4-3c0973aff90e/3b754c48-99ea-47a6-b108-65f90e5df86d.jpeg?h=225&w=225,
277201603,Tesco Shortcrust Pastry 500G,https://www.tesco.com/groceries/en-GB/shop/fresh-food/all?department=Milk%2C%20Butter%20%26%20Eggs&viewAll=department&page=,£1.30,£2.60/kg,,,/groceries/en-GB/products/277201603,https://digitalcontent.api.tesco.com/v2/media/ghs/e78e81d2-1930-4a31-8732-312f2f4d21b6/75d46e61-d8d1-472a-825e-609215ce8651.jpeg?h=225&w=225,
288354065,Britannia Beef Dripping 250G,https://www.tesco.com/groceries/en-GB/shop/fresh-food/all?department=Milk%2C%20Butter%20%26%20Eggs&viewAll=department&page=,£1.25,£5.00/kg,,,/groceries/en-GB/products/288354065,https://digitalcontent.api.tesco.com/v2/media/ghs/b9209aaa-71ef-4c84-9610-0fb0c1cac8f2/dff66b73-868f-40ae-9304-9ed39e75faa4.jpeg?h=225&w=225,
302301545,Alpro Vanilla Soya Custard 525G,https://www.tesco.com/groceries/en-GB/shop/fresh-food/all?department=Milk%2C%20Butter%20%26%20Eggs&viewAll=department&page=,£1.10,£0.21/100g,,,/groceries/en-GB/products/302301545,https://digitalcontent.api.tesco.com/v2/media/ghs/d560e133-0874-41ca-932d-ca0da85c8947/c3f26459-41d9-4ad9-a55f-975d6479718d_2142016495.jpeg?h=225&w=225,
310176058,Tesco Strawberry Flavoured Milk 1L,https://www.tesco.com/groceries/en-GB/shop/fresh-food/all?department=Milk%2C%20Butter%20%26%20Eggs&viewAll=department&page=,£1.20,£0.12/100ml,,,/groceries/en-GB/products/310176058,https://digitalcontent.api.tesco.com/v2/media/ghs/08bdfca8-4d49-404b-abeb-0bd2a2990ebd/59a698ae-a5a2-47cc-a65a-c99bc7599fc2.jpeg?h=225&w=225,
310145337,Tesco Banana Flavoured Milk 1L,https://www.tesco.com/groceries/en-GB/shop/fresh-food/all?department=Milk%2C%20Butter%20%26%20Eggs&viewAll=department&page=,£1.20,£0.12/100ml,,,/groceries/en-GB/products/310145337,https://digitalcontent.api.tesco.com/v2/media/ghs/2fb73fa0-0eaa-4fbd-82ad-a06d031181ed/426b6df8-30ff-47c3-83d1-a574a755b610_2099129575.jpeg?h=225&w=225,
250583289,Tesco Light Olive Spread 500G,https://www.tesco.com/groceries/en-GB/shop/fresh-food/all?department=Milk%2C%20Butter%20%26%20Eggs&viewAll=department&page=,£1.35,£2.70/kg,,,/groceries/en-GB/products/250583289,https://digitalcontent.api.tesco.com/v2/media/ghs/aba57265-3657-4b0c-b288-aded522f341f/9d286a71-3c8e-4da1-9573-a23f352895fe.jpeg?h=225&w=225,
254262853,St Ivel Buttermilk 284Ml,https://www.tesco.com/groceries/en-GB/shop/fresh-food/all?department=Milk%2C%20Butter%20%26%20Eggs&viewAll=department&page=,£0.90,£3.17/litre,,,/groceries/en-GB/products/254262853,https://digitalcontent.api.tesco.com/v2/media/ghs/c93fc40b-693f-4b74-a2d5-793556072c36/07151a50-1e9c-465c-ae0b-398eb7239655.jpeg?h=225&w=225,
251614235,Yeo Valley Half Fat Organic Creme Fraiche 200G,https://www.tesco.com/groceries/en-GB/shop/fresh-food/all?department=Milk%2C%20Butter%20%26%20Eggs&viewAll=department&page=,£1.30,£0.65/100g,95p Clubcard Price,,/groceries/en-GB/products/251614235,https://digitalcontent.api.tesco.com/v2/media/ghs/6ac55596-9b71-42ac-afb9-64b357bfc7c9/d8c511b7-1ef2-4206-9090-fffeda9e673f.jpeg?h=225&w=225,
296747441,Tesco Baking Spread 500G,https://www.tesco.com/groceries/en-GB/shop/fresh-food/all?department=Milk%2C%20Butter%20%26%20Eggs&viewAll=department&page=,£1.35,£2.70/kg,,,/groceries/en-GB/products/296747441,https://digitalcontent.api.tesco.com/v2/media/ghs/1df97ba7-a928-4f4b-8aea-f73b8caf9623/36c5701b-e88a-490e-8716-dfb89fa91a36_374258587.jpeg?h=225&w=225,
310662597,Alpro Growing Up Oat Drink 1 Litre,https://www.tesco.com/groceries/en-GB/shop/fresh-food/all?department=Milk%2C%20Butter%20%26%20Eggs&viewAll=department&page=,£1.95,£1.95/litre,,,/groceries/en-GB/products/310662597,https://digitalcontent.api.tesco.com/v2/media/ghs/3e98c9d7-decb-4da4-8573-34a4d50a1fe8/48b5706c-aaf0-48f7-9a50-71769b882735.jpeg?h=225&w=225,
272012512,Alpro Almond Long Life Drink 1 Litre,https://www.tesco.com/groceries/en-GB/shop/fresh-food/all?department=Milk%2C%20Butter%20%26%20Eggs&viewAll=department&page=,£1.95,£1.95/litre,,,/groceries/en-GB/products/272012512,https://digitalcontent.api.tesco.com/v2/media/ghs/3221b86f-fc15-472f-baac-5d7e6d7689ed/420605fe-757a-4a79-809e-07405026ec39.jpeg?h=225&w=225,
310689782,Plenish Organic & Unsweetened Oat Milk 1L,https://www.tesco.com/groceries/en-GB/shop/fresh-food/all?department=Milk%2C%20Butter%20%26%20Eggs&viewAll=department&page=,£2.00,£2.00/litre,,,/groceries/en-GB/products/310689782,https://digitalcontent.api.tesco.com/v2/media/ghs/75d6c0ad-1100-45ba-b597-17ea0926df77/0a01f9ad-7892-46ad-83c5-c14463e7bdd6.jpeg?h=225&w=225,
309456097,Flora Plant Butter Spreadable 450G,https://www.tesco.com/groceries/en-GB/shop/fresh-food/all?department=Milk%2C%20Butter%20%26%20Eggs&viewAll=department&page=,£3.60,£8.00/kg,,,/groceries/en-GB/products/309456097,https://digitalcontent.api.tesco.com/v2/media/ghs/eb9ae757-5c46-4870-8198-cd7a977bc9a7/0909d139-719b-42ec-bfc3-567717e03fbd_62455787.jpeg?h=225&w=225,
254035783,Tesco Pouring Cream Brandy 250Ml,https://www.tesco.com/groceries/en-GB/shop/fresh-food/all?department=Milk%2C%20Butter%20%26%20Eggs&viewAll=department&page=,£2.00,£0.80/100ml,,New,/groceries/en-GB/products/254035783,https://digitalcontent.api.tesco.com/v2/media/ghs/1721794e-a685-44af-8e49-9dc5db0850f7/7e609c28-9a84-4568-beb9-7ef3556b6a57_2038526721.jpeg?h=225&w=225,
267238068,Tesco Brandy Extra Thick Cream 250Ml,https://www.tesco.com/groceries/en-GB/shop/fresh-food/all?department=Milk%2C%20Butter%20%26%20Eggs&viewAll=department&page=,£2.00,£0.80/100ml,,New,/groceries/en-GB/products/267238068,https://digitalcontent.api.tesco.com/v2/media/ghs/a3a852db-e1bb-4c77-a55d-3e83ba870e0b/9ff94641-647f-49e2-b1e5-1930e6ebae5f_2015322285.jpeg?h=225&w=225,
305946232,Arctic Coffee Cafe Latte 1 Litre,https://www.tesco.com/groceries/en-GB/shop/fresh-food/all?department=Milk%2C%20Butter%20%26%20Eggs&viewAll=department&page=,£2.00,£0.20/100ml,,,/groceries/en-GB/products/305946232,https://digitalcontent.api.tesco.com/v2/media/ghs/098ba83c-f1a3-41fc-885e-a8c3e3301a53/69278f6f-3dbd-40cd-8398-952efa1c5ad1_1730975734.jpeg?h=225&w=225,
268973059,Jus-Rol Shortcrust Pastry Ready Rolled Sheet 320G,https://www.tesco.com/groceries/en-GB/shop/fresh-food/all?department=Milk%2C%20Butter%20%26%20Eggs&viewAll=department&page=,£1.75,£5.47/kg,,,/groceries/en-GB/products/268973059,https://digitalcontent.api.tesco.com/v2/media/ghs/1381c770-96f5-4503-a90d-9aadc18e2df1/22f0ec56-d7c5-438b-a375-c3b43db623fb.jpeg?h=225&w=225,
250126054,Alpro Soya Longlife Chocolate Shakes 3X250ml,https://www.tesco.com/groceries/en-GB/shop/fresh-food/all?department=Milk%2C%20Butter%20%26%20Eggs&viewAll=department&page=,£1.70,£2.27/litre,,,/groceries/en-GB/products/250126054,https://digitalcontent.api.tesco.com/v2/media/ghs/bd4dcd7a-6c48-41c1-a7b6-6efef6f1aa57/8c9b8289-40a2-47ba-876f-4891130870e4_1194466144.jpeg?h=225&w=225,
277734139,President Slightly Salted Spreadable 250G,https://www.tesco.com/groceries/en-GB/shop/fresh-food/all?department=Milk%2C%20Butter%20%26%20Eggs&viewAll=department&page=,£2.50,£10.00/kg,,,/groceries/en-GB/products/277734139,https://digitalcontent.api.tesco.com/v2/media/ghs/3962afc5-5e91-4ff2-b3a6-8ae72ad4ff97/016535f3-1fc9-4a78-bb5f-d25022519e17_1680460286.jpeg?h=225&w=225,
306932137,Flora Plant Butter Unsalted 250G,https://www.tesco.com/groceries/en-GB/shop/fresh-food/all?department=Milk%2C%20Butter%20%26%20Eggs&viewAll=department&page=,£2.00,£8.00/kg,,,/groceries/en-GB/products/306932137,https://digitalcontent.api.tesco.com/v2/media/ghs/3fbd14df-8278-404e-aefb-80df2b1f4dbb/7095fd96-1d51-4dc8-a518-ad62c2aeb917_104533602.jpeg?h=225&w=225,
304799856,Alpro Plant Protein Original Soya Drink 1L,https://www.tesco.com/groceries/en-GB/shop/fresh-food/all?department=Milk%2C%20Butter%20%26%20Eggs&viewAll=department&page=,£2.00,£2.00/litre,£1.50 Clubcard Price,,/groceries/en-GB/products/304799856,https://digitalcontent.api.tesco.com/v2/media/ghs/b2aa8d51-462a-4ebb-b6d8-f925994a9c5f/8a1be81d-e8a0-45bf-b1b8-a9cd1566bd04.jpeg?h=225&w=225,
307741868,Alpro Barista Coconut Drink 1L,https://www.tesco.com/groceries/en-GB/shop/fresh-food/all?department=Milk%2C%20Butter%20%26%20Eggs&viewAll=department&page=,£2.00,£2.00/litre,£1.50 Clubcard Price,,/groceries/en-GB/products/307741868,https://digitalcontent.api.tesco.com/v2/media/ghs/34fcfebf-b6eb-4d00-a431-9e9bb3b84939/74ab1c54-4753-4f6c-867a-aeb740cd7ec5.jpeg?h=225&w=225,
304797893,Alpro Plant Protein Chocolate Flavoured Soya Drink 1L,https://www.tesco.com/groceries/en-GB/shop/fresh-food/all?department=Milk%2C%20Butter%20%26%20Eggs&viewAll=department&page=,£2.00,£2.00/litre,£1.50 Clubcard Price,,/groceries/en-GB/products/304797893,https://digitalcontent.api.tesco.com/v2/media/ghs/8859858d-958f-4268-95ee-7887b4a7a789/55b4b970-430d-4387-9119-ce1048bf253a.jpeg?h=225&w=225,
294128716,Jus-Rol Gluten Free Puff Pastry Ready Rolled 280G,https://www.tesco.com/groceries/en-GB/shop/fresh-food/all?department=Milk%2C%20Butter%20%26%20Eggs&viewAll=department&page=,£2.25,£0.80/100g,,,/groceries/en-GB/products/294128716,https://digitalcontent.api.tesco.com/v2/media/ghs/8b4d8ffb-48de-447e-8e02-057f7eaa201b/9c0b6e91-a824-4c01-a6d4-072e3d7e0bea.jpeg?h=225&w=225,
307760281,Tesco Oat Drink 1L,https://www.tesco.com/groceries/en-GB/shop/fresh-food/all?department=Milk%2C%20Butter%20%26%20Eggs&viewAll=department&page=,£1.30,£1.30/litre,,,/groceries/en-GB/products/307760281,https://digitalcontent.api.tesco.com/v2/media/ghs/6511f148-d678-4059-bb3e-a90608b67cff/07c95c57-4dfa-44c9-85ba-d7f4a944268c.jpeg?h=225&w=225,
272260505,Lactofree Spreadable 250G,https://www.tesco.com/groceries/en-GB/shop/fresh-food/all?department=Milk%2C%20Butter%20%26%20Eggs&viewAll=department&page=,£2.25,£9.00/kg,,,/groceries/en-GB/products/272260505,https://digitalcontent.api.tesco.com/v2/media/ghs/f2e7172f-0010-4bd7-b6ae-e009af11d259/b90382ad-aa4e-43b0-a7ba-f34e6965da3a.jpeg?h=225&w=225,
297673042,Koko Dairy Free Unsweetened Alternative Drink 1 Litre,https://www.tesco.com/groceries/en-GB/shop/fresh-food/all?department=Milk%2C%20Butter%20%26%20Eggs&viewAll=department&page=,£1.70,£1.70/litre,£1.25 Clubcard Price,,/groceries/en-GB/products/297673042,https://digitalcontent.api.tesco.com/v2/media/ghs/b4a62824-5322-48ae-be64-7de07d91acfa/13a9798d-7c67-4104-83fe-b055b739f8c8_1017194306.jpeg?h=225&w=225,
302296694,Food Heaven Whipped Spray Cream Vegan 200Ml,https://www.tesco.com/groceries/en-GB/shop/fresh-food/all?department=Milk%2C%20Butter%20%26%20Eggs&viewAll=department&page=,£2.00,£1.00/100ml,,,/groceries/en-GB/products/302296694,https://digitalcontent.api.tesco.com/v2/media/ghs/cb89a54d-8b51-49a5-8462-6843392c019f/a268292e-1044-447a-a5c6-948d4ee46064_1449234183.jpeg?h=225&w=225,
310119012,Tesco Gingerbread Dough 350G,https://www.tesco.com/groceries/en-GB/shop/fresh-food/all?department=Milk%2C%20Butter%20%26%20Eggs&viewAll=department&page=,£1.70,£0.49/100g,,New,/groceries/en-GB/products/310119012,https://digitalcontent.api.tesco.com/v2/media/ghs/42f81b7c-914b-4899-9026-a8940414959c/5785103b-ba11-4444-a421-f9915f937606_972920669.jpeg?h=225&w=225,
257364555,Tesco Brandy Sauce 500G,https://www.tesco.com/groceries/en-GB/shop/fresh-food/all?department=Milk%2C%20Butter%20%26%20Eggs&viewAll=department&page=,£2.00,£0.40/100g,,New,/groceries/en-GB/products/257364555,https://digitalcontent.api.tesco.com/v2/media/ghs/36fef99e-2873-4caf-93f9-384b174deb13/04a322f5-83bf-48db-a957-14dab18baaa9_534161827.jpeg?h=225&w=225,
287531842,Tesco Longlife Almond Drink Sweetened 1Ltr,https://www.tesco.com/groceries/en-GB/shop/fresh-food/all?department=Milk%2C%20Butter%20%26%20Eggs&viewAll=department&page=,£1.15,£1.15/litre,,,/groceries/en-GB/products/287531842,https://digitalcontent.api.tesco.com/v2/media/ghs/c7f212ef-1481-42cb-9729-fd350843248e/a58e360f-76a7-4d91-8f8b-5e1e9f6746a7.jpeg?h=225&w=225,
258126721,Delamere Dairy Sterilised Longlife Whole Milk 1L,https://www.tesco.com/groceries/en-GB/shop/fresh-food/all?department=Milk%2C%20Butter%20%26%20Eggs&viewAll=department&page=,£1.45,£1.45/litre,,,/groceries/en-GB/products/258126721,https://digitalcontent.api.tesco.com/v2/media/ghs/b84897df-51c9-4ace-a6d0-ade6c02e8148/64f114de-00f7-4cd9-8585-851ae4d4818e.jpeg?h=225&w=225,
311944035,Tesco Ready Rolled Reduced Fat Puff Pastry 375G,https://www.tesco.com/groceries/en-GB/shop/fresh-food/all?department=Milk%2C%20Butter%20%26%20Eggs&viewAll=department&page=,£1.25,£3.34/kg,,,/groceries/en-GB/products/311944035,https://digitalcontent.api.tesco.com/v2/media/ghs/7572bb22-844c-4d74-acb3-3b9a8b68ac50/92c70cb0-9342-4ea2-9ff1-7a9988a974e0.jpeg?h=225&w=225,
272153454,Lactofree Cream 250Ml,https://www.tesco.com/groceries/en-GB/shop/fresh-food/all?department=Milk%2C%20Butter%20%26%20Eggs&viewAll=department&page=,£1.60,£0.64/100ml,,,/groceries/en-GB/products/272153454,https://digitalcontent.api.tesco.com/v2/media/ghs/1df0c497-6cf3-4926-9b5d-b21cefc3caac/dee529a3-6715-482a-8bb9-8e8d5b4df3db.jpeg?h=225&w=225,
279845143,For Goodness Shakes Recovery Milk Chocolate 475Ml,https://www.tesco.com/groceries/en-GB/shop/fresh-food/all?department=Milk%2C%20Butter%20%26%20Eggs&viewAll=department&page=,£2.00,£0.42/100ml,,,/groceries/en-GB/products/279845143,https://digitalcontent.api.tesco.com/v2/media/ghs/ac6e3c4f-865b-4a5d-a3cd-a4ee37de3109/893302a9-4b58-4102-8683-b9895401e503_68272834.jpeg?h=225&w=225,
310101608,Tesco Fudge Brownie Flavoured Milk 1L,https://www.tesco.com/groceries/en-GB/shop/fresh-food/all?department=Milk%2C%20Butter%20%26%20Eggs&viewAll=department&page=,£1.20,£0.12/100ml,,,/groceries/en-GB/products/310101608,https://digitalcontent.api.tesco.com/v2/media/ghs/d568080a-21ff-4f7b-976a-de6aa709493a/00e90b07-fa6b-4283-afaa-8d8ab731fb1e.jpeg?h=225&w=225,
310104337,Tesco Chocolate & Orange Cookie Dough 300G,https://www.tesco.com/groceries/en-GB/shop/fresh-food/all?department=Milk%2C%20Butter%20%26%20Eggs&viewAll=department&page=,£1.80,£0.60/100g,,New,/groceries/en-GB/products/310104337,https://digitalcontent.api.tesco.com/v2/media/ghs/b75a509d-4eb2-4274-8e33-568ba50d9ac2/0bd6f200-9da1-4fc2-92ad-a41e58b615f9_494358693.jpeg?h=225&w=225,
290369673,Yazoo Chilled Banana Flavour Milkshake 400Ml,https://www.tesco.com/groceries/en-GB/shop/fresh-food/all?department=Milk%2C%20Butter%20%26%20Eggs&viewAll=department&page=,£1.20,£0.30/100ml,75p Clubcard Price,,/groceries/en-GB/products/290369673,https://digitalcontent.api.tesco.com/v2/media/ghs/323f5701-2d29-4678-a227-c36b7b20bd67/46db6c25-9426-4c27-9fe5-b88744d79560.jpeg?h=225&w=225,
312584476,Lurpak Spreadable Lighter 750G,https://www.tesco.com/groceries/en-GB/shop/fresh-food/all?department=Milk%2C%20Butter%20%26%20Eggs&viewAll=department&page=,£6.75,£9.00/kg,,,/groceries/en-GB/products/312584476,https://digitalcontent.api.tesco.com/v2/media/ghs/407a28fc-473c-40cf-8739-9ec6017f90be/14936e4e-b3c1-4c9f-a7e8-cc29bd449aa3_1558339702.jpeg?h=225&w=225,
277569409,Starbucks Skinny Latte 220Ml,https://www.tesco.com/groceries/en-GB/shop/fresh-food/all?department=Milk%2C%20Butter%20%26%20Eggs&viewAll=department&page=,£2.10,£0.96/100ml,£1.50 Clubcard Price,,/groceries/en-GB/products/277569409,https://digitalcontent.api.tesco.com/v2/media/ghs/f00b69b7-361c-470b-8433-49f3eb74f34c/1431f37e-761d-4e3c-958b-fd3b7ee0d20b.jpeg?h=225&w=225,
257854718,Yeo Valley Organic Block Butter 250G,https://www.tesco.com/groceries/en-GB/shop/fresh-food/all?department=Milk%2C%20Butter%20%26%20Eggs&viewAll=department&page=,£3.00,£12.00/kg,,,/groceries/en-GB/products/257854718,https://digitalcontent.api.tesco.com/v2/media/ghs/d3e37a89-006b-472e-9d74-87fb3f9e8986/363c1126-14ba-4156-8be1-057ecc5b6fa2.jpeg?h=225&w=225,
283788193,Bertolli With Butter 400G,https://www.tesco.com/groceries/en-GB/shop/fresh-food/all?department=Milk%2C%20Butter%20%26%20Eggs&viewAll=department&page=,£3.50,£8.75/kg,,,/groceries/en-GB/products/283788193,https://digitalcontent.api.tesco.com/v2/media/ghs/678a5b08-646f-4fac-819f-55d10bca572d/c44eb809-a709-4aa9-a10a-a0ce029765c2_26579455.jpeg?h=225&w=225,
260333496,Tesco Whole Longlife Milk 6X1l,https://www.tesco.com/groceries/en-GB/shop/fresh-food/all?department=Milk%2C%20Butter%20%26%20Eggs&viewAll=department&page=,£5.75,£0.96/litre,,,/groceries/en-GB/products/260333496,https://digitalcontent.api.tesco.com/v2/media/ghs/91c9629c-912f-4806-998d-648385b05804/82933db2-22cf-4a53-b18a-cb5c0aa6d2b7.jpeg?h=225&w=225,
251599085,St Helens Farm Goats Butter 250G,https://www.tesco.com/groceries/en-GB/shop/fresh-food/all?department=Milk%2C%20Butter%20%26%20Eggs&viewAll=department&page=,£3.15,£12.60/kg,,,/groceries/en-GB/products/251599085,https://digitalcontent.api.tesco.com/v2/media/ghs/d763282a-1534-4c62-b15f-4ccdd88ec054/1f1c49ba-4a6d-4a25-9dab-94bc672ce7d7.jpeg?h=225&w=225,
252098117,Organic Rice Dream Longlife Drink Alternative 1L,https://www.tesco.com/groceries/en-GB/shop/fresh-food/all?department=Milk%2C%20Butter%20%26%20Eggs&viewAll=department&page=,£1.60,£1.60/litre,,,/groceries/en-GB/products/252098117,https://digitalcontent.api.tesco.com/v2/media/ghs/f01210a2-2c55-4143-9a73-4b6a7b898eb4/01f98a13-5fdd-4650-ab7d-577c1882a675.jpeg?h=225&w=225,
300661887,Arctic Coffee Cafe Latte 330Ml,https://www.tesco.com/groceries/en-GB/shop/fresh-food/all?department=Milk%2C%20Butter%20%26%20Eggs&viewAll=department&page=,£1.10,£0.33/100ml,,,/groceries/en-GB/products/300661887,https://digitalcontent.api.tesco.com/v2/media/ghs/814fd6be-e2d9-42fe-ba6d-6c3998f56ed3/edf7cdab-2009-4825-a5b3-f5e5423e2adb_1212134957.jpeg?h=225&w=225,
290338693,Jus-Rol Croissants Dough 6 Pack 350G,https://www.tesco.com/groceries/en-GB/shop/fresh-food/all?department=Milk%2C%20Butter%20%26%20Eggs&viewAll=department&page=,£2.30,£6.58/kg,,,/groceries/en-GB/products/290338693,https://digitalcontent.api.tesco.com/v2/media/ghs/cdb9de50-5c69-4979-9174-4e77874d43e5/1d1bf50a-cb43-4b64-87ef-123305c3656e.jpeg?h=225&w=225,
276993835,Koko Dairy Free Original Plus Calcium Longlife 1Litre,https://www.tesco.com/groceries/en-GB/shop/fresh-food/all?department=Milk%2C%20Butter%20%26%20Eggs&viewAll=department&page=,£1.60,£1.60/litre,,,/groceries/en-GB/products/276993835,https://digitalcontent.api.tesco.com/v2/media/ghs/108fec32-e37b-4a74-9d87-3fffee5c41c9/51d8671e-e066-4062-aea9-81da68fc5b29.jpeg?h=225&w=225,
276760184,Alpro Soya Vanilla Drink 1 Litre,https://www.tesco.com/groceries/en-GB/shop/fresh-food/all?department=Milk%2C%20Butter%20%26%20Eggs&viewAll=department&page=,£1.75,£1.75/litre,,,/groceries/en-GB/products/276760184,https://digitalcontent.api.tesco.com/v2/media/ghs/82156cbc-2947-4bf1-84e5-4aae1ad20061/a5799aa9-7ab7-418a-9ee3-29d896043856.jpeg?h=225&w=225,
311437434,Plenish Organic Almond Milk Alternative 1L,https://www.tesco.com/groceries/en-GB/shop/fresh-food/all?department=Milk%2C%20Butter%20%26%20Eggs&viewAll=department&page=,£2.25,£2.25/litre,,,/groceries/en-GB/products/311437434,https://digitalcontent.api.tesco.com/v2/media/ghs/0a831e2d-da71-4190-b8b2-c11a7d75e3ea/14b09b12-5302-4bc7-8b0b-6170114858da.jpeg?h=225&w=225,
308115508,Ufit High Protein Milkshake White Chocolate Flavoured 330Ml,https://www.tesco.com/groceries/en-GB/shop/fresh-food/all?department=Milk%2C%20Butter%20%26%20Eggs&viewAll=department&page=,£2.00,£0.61/100ml,,,/groceries/en-GB/products/308115508,https://digitalcontent.api.tesco.com/v2/media/ghs/c0778454-5ef3-46b0-b73f-d7ce536606d0/517148a9-1435-41ca-9c87-80ba13744ddb_1347172515.jpeg?h=225&w=225,
284904542,Alpro Coconut Uht 1 Litre,https://www.tesco.com/groceries/en-GB/shop/fresh-food/all?department=Milk%2C%20Butter%20%26%20Eggs&viewAll=department&page=,£1.95,£1.95/litre,,,/groceries/en-GB/products/284904542,https://digitalcontent.api.tesco.com/v2/media/ghs/a8ae53bb-9cf8-4718-b8d7-7b62c56ab759/29941408-a25b-4b8c-9377-a689c75fbe04.jpeg?h=225&w=225,
305520119,Oatly Skinny Oat Drink 1L,https://www.tesco.com/groceries/en-GB/shop/fresh-food/all?department=Milk%2C%20Butter%20%26%20Eggs&viewAll=department&page=,£1.90,£1.90/litre,,,/groceries/en-GB/products/305520119,https://digitalcontent.api.tesco.com/v2/media/ghs/ee7e7a09-cf28-4b33-b67c-302bcaade05e/3e9b97c8-3818-4edd-a995-949d49be4e74_523284905.jpeg?h=225&w=225,
276745807,Alpro Soya Chocolate Drink 1 Litre,https://www.tesco.com/groceries/en-GB/shop/fresh-food/all?department=Milk%2C%20Butter%20%26%20Eggs&viewAll=department&page=,£1.80,£1.80/litre,,,/groceries/en-GB/products/276745807,https://digitalcontent.api.tesco.com/v2/media/ghs/7dd479df-1bb4-4bde-93f5-5929dca8821d/1c6f03f5-3e71-4831-943d-9c464b4096f2.jpeg?h=225&w=225,
301868238,Clarence Court Old Cotswold Free Range Eggs 6 Pack,https://www.tesco.com/groceries/en-GB/shop/fresh-food/all?department=Milk%2C%20Butter%20%26%20Eggs&viewAll=department&page=,£3.10,£0.52/each,,,/groceries/en-GB/products/301868238,https://digitalcontent.api.tesco.com/v2/media/ghs/ae130677-6524-4557-a485-f27adee83edb/9cdd0a37-7d0d-45ee-9599-d82ce997ae86.jpeg?h=225&w=225,
304783080,Alpro Barista Almond Long Life Drink 1 Litre,https://www.tesco.com/groceries/en-GB/shop/fresh-food/all?department=Milk%2C%20Butter%20%26%20Eggs&viewAll=department&page=,£2.00,£2.00/litre,£1.50 Clubcard Price,,/groceries/en-GB/products/304783080,https://digitalcontent.api.tesco.com/v2/media/ghs/77697c7e-09e1-4d04-8c55-ef928df12917/74b2e73e-7563-4cd2-b6a2-ba773ffbcbf1.jpeg?h=225&w=225,
288500630,Rude Health Almond Drink 1Ltr,https://www.tesco.com/groceries/en-GB/shop/fresh-food/all?department=Milk%2C%20Butter%20%26%20Eggs&viewAll=department&page=,£2.20,£2.20/litre,£1.80 Clubcard Price,,/groceries/en-GB/products/288500630,https://digitalcontent.api.tesco.com/v2/media/ghs/cd3bc5fe-3c42-4421-839f-cfc623350312/359dd72c-6df6-46c6-aa85-1129231c6a0f.jpeg?h=225&w=225,
288354192,Crisp 'N' Dry Solid Cooking Oil 250G,https://www.tesco.com/groceries/en-GB/shop/fresh-food/all?department=Milk%2C%20Butter%20%26%20Eggs&viewAll=department&page=,£1.60,£6.40/kg,,,/groceries/en-GB/products/288354192,https://digitalcontent.api.tesco.com/v2/media/ghs/25de937f-c04e-444b-9185-2f9317aaac42/86f04d23-ca31-421e-b02b-81e4d5959556.jpeg?h=225&w=225,
306493016,Arctic Coffee Caramel Latte 1L,https://www.tesco.com/groceries/en-GB/shop/fresh-food/all?department=Milk%2C%20Butter%20%26%20Eggs&viewAll=department&page=,£2.00,£0.20/100ml,,,/groceries/en-GB/products/306493016,https://digitalcontent.api.tesco.com/v2/media/ghs/05b1bc8e-a962-4cca-9171-77fec2aa20bd/ebe7f39c-94db-45c4-a1ef-bf1436b28cd7_2033503404.jpeg?h=225&w=225,
304400252,Costa Coffee Late 250Ml,https://www.tesco.com/groceries/en-GB/shop/fresh-food/all?department=Milk%2C%20Butter%20%26%20Eggs&viewAll=department&page=,£1.80,£0.72/100ml,£1.00 Clubcard Price,,/groceries/en-GB/products/304400252,https://digitalcontent.api.tesco.com/v2/media/ghs/85bca949-6fe1-4ac4-993e-cf75e92765a6/2a67388d-5fb7-40af-91c1-66d03eae42af_1801251317.jpeg?h=225&w=225,
262783116,Flora Pro Activ Skimmed Milk 1L,https://www.tesco.com/groceries/en-GB/shop/fresh-food/all?department=Milk%2C%20Butter%20%26%20Eggs&viewAll=department&page=,£1.55,£1.55/litre,,,/groceries/en-GB/products/262783116,https://digitalcontent.api.tesco.com/v2/media/ghs/34d29746-3787-4656-ad3d-d5a3b61e8d90/1e42d6da-9a92-4f05-83a5-73dba167772e.jpeg?h=225&w=225,
251328672,Yazoo Banana Milkshake 1 Litre Bottle,https://www.tesco.com/groceries/en-GB/shop/fresh-food/all?department=Milk%2C%20Butter%20%26%20Eggs&viewAll=department&page=,£1.65,£0.16/100ml,,,/groceries/en-GB/products/251328672,https://digitalcontent.api.tesco.com/v2/media/ghs/1e3025d0-a5b6-487f-ad0f-39b8b4d998c3/e6fe4a13-3e88-4bfd-9492-f6c6ff8710be_1380517812.jpeg?h=225&w=225,
250139200,Flora Pro Activ Light Spread 250G,https://www.tesco.com/groceries/en-GB/shop/fresh-food/all?department=Milk%2C%20Butter%20%26%20Eggs&viewAll=department&page=,£2.50,£10.00/kg,,,/groceries/en-GB/products/250139200,https://digitalcontent.api.tesco.com/v2/media/ghs/3b2c1d3f-ecf5-437c-8277-493d80455771/4e20e499-190c-42b5-a315-0b63ae03229e_369580435.jpeg?h=225&w=225,
306663547,Oatly Organic Oat Drink 1 Litre,https://www.tesco.com/groceries/en-GB/shop/fresh-food/all?department=Milk%2C%20Butter%20%26%20Eggs&viewAll=department&page=,£2.00,£2.00/litre,,,/groceries/en-GB/products/306663547,https://digitalcontent.api.tesco.com/v2/media/ghs/8e9c3520-9a7a-4b90-b762-fbf56abed33f/29ccd4a1-1aa2-45ec-9dcc-8b4cdc56e172_64687980.jpeg?h=225&w=225,
254263190,Country Life Original Block Butter 250G,https://www.tesco.com/groceries/en-GB/shop/fresh-food/all?department=Milk%2C%20Butter%20%26%20Eggs&viewAll=department&page=,£2.50,£10.00/kg,,,/groceries/en-GB/products/254263190,https://digitalcontent.api.tesco.com/v2/media/ghs/890e3dc9-3a48-4042-a15a-385a33a3ea7e/2ee155c8-220e-429c-a9ba-3d69cc053247.jpeg?h=225&w=225,
282925010,Alpro Coconut Chilled Drink 1 Litre,https://www.tesco.com/groceries/en-GB/shop/fresh-food/all?department=Milk%2C%20Butter%20%26%20Eggs&viewAll=department&page=,£1.90,£1.90/litre,£1.35 Clubcard Price,,/groceries/en-GB/products/282925010,https://digitalcontent.api.tesco.com/v2/media/ghs/45faff29-51f8-42b6-8227-1e66317ccf81/f4d59497-cd39-462c-8c85-93fa345b9292.jpeg?h=225&w=225,
282572461,Happy Monkey Milkshake Strawberry 3X200ml,https://www.tesco.com/groceries/en-GB/shop/fresh-food/all?department=Milk%2C%20Butter%20%26%20Eggs&viewAll=department&page=,£1.20,£0.20/100ml,,,/groceries/en-GB/products/282572461,https://digitalcontent.api.tesco.com/v2/media/ghs/f40eb1b2-ef3b-4cc9-a107-68e39f8d2855/8221192f-8eac-4ac7-b3ca-56985bb79597.jpeg?h=225&w=225,
277200593,Tesco Puff Pastry 500G,https://www.tesco.com/groceries/en-GB/shop/fresh-food/all?department=Milk%2C%20Butter%20%26%20Eggs&viewAll=department&page=,£1.30,£2.60/kg,,,/groceries/en-GB/products/277200593,https://digitalcontent.api.tesco.com/v2/media/ghs/92f81b99-3e0b-4d25-a039-88e16de20e81/e782a315-e5e6-43fc-b767-63e634191751.jpeg?h=225&w=225,
253978518,Emmi Caffe Latte Cappuccino 230Ml,https://www.tesco.com/groceries/en-GB/shop/fresh-food/all?department=Milk%2C%20Butter%20%26%20Eggs&viewAll=department&page=,£1.60,£0.70/100ml,,,/groceries/en-GB/products/253978518,https://digitalcontent.api.tesco.com/v2/media/ghs/64ef3c22-f782-459e-a952-b23c9dff0450/fad76dfd-c6d8-40e2-9c83-a0d258cfd50c.jpeg?h=225&w=225,
310136792,Tesco White Chocolate Flavoured Milk 1L,https://www.tesco.com/groceries/en-GB/shop/fresh-food/all?department=Milk%2C%20Butter%20%26%20Eggs&viewAll=department&page=,£1.20,£0.12/100ml,,,/groceries/en-GB/products/310136792,https://digitalcontent.api.tesco.com/v2/media/ghs/12178734-3007-4960-a456-880662807be9/b272ff05-516c-4d6b-959a-eaff7094ed29.jpeg?h=225&w=225,
267309503,Lactofree Milk Longlife Portions 5X20ml,https://www.tesco.com/groceries/en-GB/shop/fresh-food/all?department=Milk%2C%20Butter%20%26%20Eggs&viewAll=department&page=,£0.75,£7.50/litre,,,/groceries/en-GB/products/267309503,https://digitalcontent.api.tesco.com/v2/media/ghs/b10abccc-c9bb-47fb-8fe5-86f0f6c7368c/d85adfc1-e451-42ff-aca1-78d94e0fba71.jpeg?h=225&w=225,
293836640,Oatly Vanilla Custard 250Ml,https://www.tesco.com/groceries/en-GB/shop/fresh-food/all?department=Milk%2C%20Butter%20%26%20Eggs&viewAll=department&page=,£1.20,£0.48/100ml,,,/groceries/en-GB/products/293836640,https://digitalcontent.api.tesco.com/v2/media/ghs/5abb56ab-e612-4612-83f3-2b2202179bd3/c63457a4-6f7e-4e54-abcf-85cb0994e350_2127485981.jpeg?h=225&w=225,
262478806,Tesco Fresh Double Cream 150Ml,https://www.tesco.com/groceries/en-GB/shop/fresh-food/all?department=Milk%2C%20Butter%20%26%20Eggs&viewAll=department&page=,£0.90,£0.60/100ml,,,/groceries/en-GB/products/262478806,https://digitalcontent.api.tesco.com/v2/media/ghs/101a9fda-efb0-4f62-8b47-279c1ae21898/c9ee11d7-392d-4e2c-b0fb-141d74cf280e.jpeg?h=225&w=225,
285421181,Yeo Valley 0% Creme Fraiche 200G,https://www.tesco.com/groceries/en-GB/shop/fresh-food/all?department=Milk%2C%20Butter%20%26%20Eggs&viewAll=department&page=,£1.30,£0.65/100g,95p Clubcard Price,,/groceries/en-GB/products/285421181,https://digitalcontent.api.tesco.com/v2/media/ghs/ebb2b04b-a68a-46bc-9b3e-bc8b7a70abe5/d5afdaec-f6ca-48bc-bcf7-ef16d5e10a4a.jpeg?h=225&w=225,
309474668,Huel Ready To Drink Chocolate 500Ml,https://www.tesco.com/groceries/en-GB/shop/fresh-food/all?department=Milk%2C%20Butter%20%26%20Eggs&viewAll=department&page=,£3.50,£0.70/100ml,,,/groceries/en-GB/products/309474668,https://digitalcontent.api.tesco.com/v2/media/ghs/7c368b81-beec-40cc-8bb2-d5c018eb41ff/b4fe9da2-0de0-424a-9bb0-08877abe3126_1254610910.jpeg?h=225&w=225,
283924539,Emmi Caffe Latte Cappuccino Mr Big 370Ml,https://www.tesco.com/groceries/en-GB/shop/fresh-food/all?department=Milk%2C%20Butter%20%26%20Eggs&viewAll=department&page=,£2.65,£0.72/100ml,£2.00 Clubcard Price,,/groceries/en-GB/products/283924539,https://digitalcontent.api.tesco.com/v2/media/ghs/0410d223-0ee8-436e-b364-82a330a79e32/8dcab844-fb24-4005-aa56-c0c12abbb67c.jpeg?h=225&w=225,
266891815,Starbucks Caramel Macchiato 220Ml,https://www.tesco.com/groceries/en-GB/shop/fresh-food/all?department=Milk%2C%20Butter%20%26%20Eggs&viewAll=department&page=,£2.10,£0.96/100ml,£1.50 Clubcard Price,,/groceries/en-GB/products/266891815,https://digitalcontent.api.tesco.com/v2/media/ghs/6ab11285-c3bc-4f47-9b66-ee617398abd5/1d666598-112a-4d4c-8604-9bfda4f397df.jpeg?h=225&w=225,
297829781,Alpro Long Life Cashew Original Drink 1 Litre,https://www.tesco.com/groceries/en-GB/shop/fresh-food/all?department=Milk%2C%20Butter%20%26%20Eggs&viewAll=department&page=,£2.00,£2.00/litre,,,/groceries/en-GB/products/297829781,https://digitalcontent.api.tesco.com/v2/media/ghs/5963ee96-be2a-498e-a50f-a596af496b32/53d18687-866f-4fa3-bcc6-cefd61706434.jpeg?h=225&w=225,
254196107,Alpro Organic Soya Longlife Drink Alternative 1L,https://www.tesco.com/groceries/en-GB/shop/fresh-food/all?department=Milk%2C%20Butter%20%26%20Eggs&viewAll=department&page=,£1.95,£1.95/litre,,,/groceries/en-GB/products/254196107,https://digitalcontent.api.tesco.com/v2/media/ghs/1c9297f4-72d1-4bfe-b48d-9fec2bdc9c57/d1fa0a65-2023-4270-af97-080823c56069.jpeg?h=225&w=225,
272012817,Alpro Hazelnut Longlife Drink Alternative 1L,https://www.tesco.com/groceries/en-GB/shop/fresh-food/all?department=Milk%2C%20Butter%20%26%20Eggs&viewAll=department&page=,£2.00,£2.00/litre,,,/groceries/en-GB/products/272012817,https://digitalcontent.api.tesco.com/v2/media/ghs/62ed481b-2f25-489b-94d7-d8f6c3e9ff9f/c57a5242-287c-4c1f-8bc1-fba83f5763fc.jpeg?h=225&w=225,
261603066,Yeo Valley Organic Salted Spreadable 500G,https://www.tesco.com/groceries/en-GB/shop/fresh-food/all?department=Milk%2C%20Butter%20%26%20Eggs&viewAll=department&page=,£4.50,£9.00/kg,,,/groceries/en-GB/products/261603066,https://digitalcontent.api.tesco.com/v2/media/ghs/b6623998-8df3-4ad8-a3f2-3dd71e2af650/cb427c92-a9e9-459b-8f81-176f68ebb4bd.jpeg?h=225&w=225,
271754096,Gressingham Duck Fat 250G,https://www.tesco.com/groceries/en-GB/shop/fresh-food/all?department=Milk%2C%20Butter%20%26%20Eggs&viewAll=department&page=,£3.00,£12.00/kg,,,/groceries/en-GB/products/271754096,https://digitalcontent.api.tesco.com/v2/media/ghs/82ffdd74-1ea4-47cf-9897-fb74bc73a0ad/4c27d801-c196-457b-8960-d50722e4e790_672753737.jpeg?h=225&w=225,
303917339,Alpro Coconut No Sugars Long Life Drink 1 Litre,https://www.tesco.com/groceries/en-GB/shop/fresh-food/all?department=Milk%2C%20Butter%20%26%20Eggs&viewAll=department&page=,£1.95,£1.95/litre,,,/groceries/en-GB/products/303917339,https://digitalcontent.api.tesco.com/v2/media/ghs/439e6922-88d5-44a7-ac23-0d695852ffe0/30067e38-8617-4fce-a585-b5363f7263bd.jpeg?h=225&w=225,
293754713,Mars Chocolate Flavoured Milk Drink No Added Sugar 400Ml,https://www.tesco.com/groceries/en-GB/shop/fresh-food/all?department=Milk%2C%20Butter%20%26%20Eggs&viewAll=department&page=,£1.50,£0.38/100ml,,,/groceries/en-GB/products/293754713,https://digitalcontent.api.tesco.com/v2/media/ghs/f987848e-debb-4d8d-b8d8-15661ef69a7d/74a41cdf-8c33-4114-a47f-055aeaa655fe_2012688319.jpeg?h=225&w=225,
310656320,Alpro This Is Not M*Lk Whole Oat Drink 1 Litre,https://www.tesco.com/groceries/en-GB/shop/fresh-food/all?department=Milk%2C%20Butter%20%26%20Eggs&viewAll=department&page=,£1.90,£1.90/litre,,,/groceries/en-GB/products/310656320,https://digitalcontent.api.tesco.com/v2/media/ghs/f6933d25-f758-460b-a56f-5ff3618f0f77/21e2649e-b358-4c61-8062-eacc0e83c5b7.jpeg?h=225&w=225,
312834671,Hazelmere Goose Fat Blend With Beef Drippin220g,https://www.tesco.com/groceries/en-GB/shop/fresh-food/all?department=Milk%2C%20Butter%20%26%20Eggs&viewAll=department&page=,£2.10,£9.55/kg,,,/groceries/en-GB/products/312834671,https://digitalcontent.api.tesco.com/v2/media/ghs/101e4396-2ea9-478a-9960-ae8a584fd762/d2eb3210-c3ae-4945-a6de-b0d3a987c75c_993077973.jpeg?h=225&w=225,
256334414,Alpro Strawberry Strawberry Shake 3X250ml,https://www.tesco.com/groceries/en-GB/shop/fresh-food/all?department=Milk%2C%20Butter%20%26%20Eggs&viewAll=department&page=,£1.70,£2.27/litre,,,/groceries/en-GB/products/256334414,https://digitalcontent.api.tesco.com/v2/media/ghs/e1085833-47a3-42bd-8742-de5ebbb9794a/5582b4a2-7365-457e-a140-d8c3e63019af_2021041348.jpeg?h=225&w=225,
305529640,Oatly Oat Drink Chocolate Deluxe I Litre,https://www.tesco.com/groceries/en-GB/shop/fresh-food/all?department=Milk%2C%20Butter%20%26%20Eggs&viewAll=department&page=,£2.00,£2.00/litre,,,/groceries/en-GB/products/305529640,https://digitalcontent.api.tesco.com/v2/media/ghs/4c9f1fc7-0bf1-4b39-a9d5-c6cddfe417fb/dcaa32ec-f47a-45eb-be0a-c7dd1b81d330_1799870790.jpeg?h=225&w=225,
285490967,Rude Health Oat Drink Organic 1 Litre,https://www.tesco.com/groceries/en-GB/shop/fresh-food/all?department=Milk%2C%20Butter%20%26%20Eggs&viewAll=department&page=,£2.20,£2.20/litre,£1.70 Clubcard Price,,/groceries/en-GB/products/285490967,https://digitalcontent.api.tesco.com/v2/media/ghs/2ad61eda-8667-43d2-834a-e8fc92fe84f8/98c6809e-77f4-4b44-8ffd-b3cc8d89d276.jpeg?h=225&w=225,
303731823,Jus-Rol Sourdough Pizza Base 400G,https://www.tesco.com/groceries/en-GB/shop/fresh-food/all?department=Milk%2C%20Butter%20%26%20Eggs&viewAll=department&page=,£2.20,£0.55/100g,,,/groceries/en-GB/products/303731823,https://digitalcontent.api.tesco.com/v2/media/ghs/501eeb5a-7f38-415b-911a-61ff2a9ebdd2/a9b62368-a865-4ac2-ab62-9b518c6dac59.jpeg?h=225&w=225,
309171709,Oatly Oat Drink Vanilla 1L,https://www.tesco.com/groceries/en-GB/shop/fresh-food/all?department=Milk%2C%20Butter%20%26%20Eggs&viewAll=department&page=,£1.60,£1.60/litre,£1.30 Clubcard Price,,/groceries/en-GB/products/309171709,https://digitalcontent.api.tesco.com/v2/media/ghs/e79950bb-e834-4643-92fe-499a83521578/c1b0b953-8370-4f5a-b1bf-fba9b5b306ae.jpeg?h=225&w=225,
259727861,Jus Rol Shortcrust Pastry Block 500G,https://www.tesco.com/groceries/en-GB/shop/fresh-food/all?department=Milk%2C%20Butter%20%26%20Eggs&viewAll=department&page=,£1.45,£2.90/kg,,,/groceries/en-GB/products/259727861,https://digitalcontent.api.tesco.com/v2/media/ghs/c5bd392d-2776-4d4b-bf28-43dba108f5cb/6d0dc7af-82fd-49af-b3ee-49d06d9f5550.jpeg?h=225&w=225,
258104839,Delamere Dairy Sterilised Longlife Semi Skimmed Milk 1L,https://www.tesco.com/groceries/en-GB/shop/fresh-food/all?department=Milk%2C%20Butter%20%26%20Eggs&viewAll=department&page=,£1.45,£1.45/litre,,,/groceries/en-GB/products/258104839,https://digitalcontent.api.tesco.com/v2/media/ghs/c502e76d-bd42-4328-ba39-ee17dfc6cc9c/34a37497-5e47-4cfb-ab1f-07ce3b04e860.jpeg?h=225&w=225,
300118092,Tesco Soya Drink Sweetened 1Ltr,https://www.tesco.com/groceries/en-GB/shop/fresh-food/all?department=Milk%2C%20Butter%20%26%20Eggs&viewAll=department&page=,£1.15,£1.15/litre,,,/groceries/en-GB/products/300118092,https://digitalcontent.api.tesco.com/v2/media/ghs/60fa75fd-5292-4c3c-af45-eb67ec36db5a/feb4eb2e-1321-4856-8ceb-5711e1a00629.jpeg?h=225&w=225,
296457330,Emmi Caffe Latte Mr Big Skinny 370Ml,https://www.tesco.com/groceries/en-GB/shop/fresh-food/all?department=Milk%2C%20Butter%20%26%20Eggs&viewAll=department&page=,£2.65,£0.72/100ml,"£3.40 Meal Deal Clubcard Price £3.90 Meal Deal Regular Price - Selected Drink, Snack, Wrap, Sandwich, Roll, Pasty Or Salad",,/groceries/en-GB/products/296457330,https://digitalcontent.api.tesco.com/v2/media/ghs/bef68a66-f15c-4ceb-85f4-5e851fbdd817/6810b4e9-b2c2-4a54-8451-430118b6a989.jpeg?h=225&w=225,
276993737,Koko Dairy Free Original Plus Calcium 1 Litre,https://www.tesco.com/groceries/en-GB/shop/fresh-food/all?department=Milk%2C%20Butter%20%26%20Eggs&viewAll=department&page=,£1.70,£1.70/litre,£1.25 Clubcard Price,,/groceries/en-GB/products/276993737,https://digitalcontent.api.tesco.com/v2/media/ghs/b50bdcb4-fb93-4fd2-a5cb-4523c2ccec31/3ea2064c-c825-4227-ae11-087ee9edd76f.jpeg?h=225&w=225,
309474949,Lurpak Lighter Butter 250G,https://www.tesco.com/groceries/en-GB/shop/fresh-food/all?department=Milk%2C%20Butter%20%26%20Eggs&viewAll=department&page=,£2.50,£10.00/kg,,,/groceries/en-GB/products/309474949,https://digitalcontent.api.tesco.com/v2/media/ghs/69a74566-6b11-424e-aaa0-2eaf6d0f9ac2/a7318f64-dbaf-4e1b-9574-03e86be5a31a_327564344.jpeg?h=225&w=225,
307744208,Alpro My Cuppa Soya Drink 750Ml,https://www.tesco.com/groceries/en-GB/shop/fresh-food/all?department=Milk%2C%20Butter%20%26%20Eggs&viewAll=department&page=,£1.80,£2.40/litre,£1.35 Clubcard Price,,/groceries/en-GB/products/307744208,https://digitalcontent.api.tesco.com/v2/media/ghs/2500ed01-4b42-4c02-bf8a-8b6e16938434/f48b4089-1af5-4cac-a458-e0a2920129a1.jpeg?h=225&w=225,
310150238,Alpro This Is Not M*Lk Semi Oat Drink 1 Litre,https://www.tesco.com/groceries/en-GB/shop/fresh-food/all?department=Milk%2C%20Butter%20%26%20Eggs&viewAll=department&page=,£1.90,£1.90/litre,,,/groceries/en-GB/products/310150238,https://digitalcontent.api.tesco.com/v2/media/ghs/2d260eb1-051f-4979-9cbd-7927459caf42/594c0eb7-11d3-402a-87c7-7df68e9c8d1b.jpeg?h=225&w=225,
264016416,St Helen's Fresh Skimmed Goats Milk 1L,https://www.tesco.com/groceries/en-GB/shop/fresh-food/all?department=Milk%2C%20Butter%20%26%20Eggs&viewAll=department&page=,£2.10,£2.10/litre,,,/groceries/en-GB/products/264016416,https://digitalcontent.api.tesco.com/v2/media/ghs/7de0754f-7088-40a4-bf86-a82880ec9e99/259da58f-2cd0-4102-8ff1-00279e783559.jpeg?h=225&w=225,
304407792,Costa Coffee Caramel Latte 250Ml,https://www.tesco.com/groceries/en-GB/shop/fresh-food/all?department=Milk%2C%20Butter%20%26%20Eggs&viewAll=department&page=,£1.75,£0.70/100ml,£1.00 Clubcard Price,,/groceries/en-GB/products/304407792,https://digitalcontent.api.tesco.com/v2/media/ghs/a20e1adc-4c11-44d9-b9d7-7843efdb2bf1/da0d8a3f-fdbd-4b27-8efc-7a76ccd3ef12_1157108718.jpeg?h=225&w=225,
309187115,Alpro Barista Oat Chilled Drink 750Ml,https://www.tesco.com/groceries/en-GB/shop/fresh-food/all?department=Milk%2C%20Butter%20%26%20Eggs&viewAll=department&page=,£2.00,£2.67/litre,£1.35 Clubcard Price,,/groceries/en-GB/products/309187115,https://digitalcontent.api.tesco.com/v2/media/ghs/63c758ff-2977-4652-bf90-2865295bca24/4dd3e47e-a6a9-4f21-a16c-f2afe50199c2.jpeg?h=225&w=225,
257159787,Tesco Organic Longlife Soya Drink Sweetened 1Ltr,https://www.tesco.com/groceries/en-GB/shop/fresh-food/all?department=Milk%2C%20Butter%20%26%20Eggs&viewAll=department&page=,£1.30,£1.30/litre,,,/groceries/en-GB/products/257159787,https://digitalcontent.api.tesco.com/v2/media/ghs/9c88fdeb-2cff-44ea-97b1-c7be80ab9c34/438ee9aa-60fa-429f-b7da-917d0e40e33f.jpeg?h=225&w=225,
309461999,Arctic Coffee Intenso 330Ml,https://www.tesco.com/groceries/en-GB/shop/fresh-food/all?department=Milk%2C%20Butter%20%26%20Eggs&viewAll=department&page=,£1.10,£0.33/100ml,,,/groceries/en-GB/products/309461999,https://digitalcontent.api.tesco.com/v2/media/ghs/5c127b26-6185-4318-a071-62aa005176ff/28fa93bd-93e7-4f07-a732-6da8f4f9128f_1110443760.jpeg?h=225&w=225,
289767548,Yazoo Vanilla Milk 400Ml,https://www.tesco.com/groceries/en-GB/shop/fresh-food/all?department=Milk%2C%20Butter%20%26%20Eggs&viewAll=department&page=,£1.20,£0.30/100ml,75p Clubcard Price,,/groceries/en-GB/products/289767548,https://digitalcontent.api.tesco.com/v2/media/ghs/d91540a5-1c08-4b22-a816-818fb44b7218/393b4285-4f31-4b45-a52d-939f1d5b138f.jpeg?h=225&w=225,
259160159,Alpro Soya Single Chilled Soya Alternative To Cream 250Ml,https://www.tesco.com/groceries/en-GB/shop/fresh-food/all?department=Milk%2C%20Butter%20%26%20Eggs&viewAll=department&page=,£1.15,£0.46/100ml,,,/groceries/en-GB/products/259160159,https://digitalcontent.api.tesco.com/v2/media/ghs/8ab166cd-de5f-47c0-9c6c-a147330a2d42/f2ac56a4-ebab-43e8-9c03-5cc41bf8d704.jpeg?h=225&w=225,
303836423,Alpro Coconut No Sugars Chilled Drink 1 Litre,https://www.tesco.com/groceries/en-GB/shop/fresh-food/all?department=Milk%2C%20Butter%20%26%20Eggs&viewAll=department&page=,£1.90,£1.90/litre,£1.35 Clubcard Price,,/groceries/en-GB/products/303836423,https://digitalcontent.api.tesco.com/v2/media/ghs/01365a39-da0f-47a5-aace-6003d86c7e72/b00c3118-03f0-4102-8183-f52066d50686.jpeg?h=225&w=225,
272103606,Alpro Hazelnut Chilled Drink 1Litre,https://www.tesco.com/groceries/en-GB/shop/fresh-food/all?department=Milk%2C%20Butter%20%26%20Eggs&viewAll=department&page=,£1.80,£1.80/litre,£1.35 Clubcard Price,,/groceries/en-GB/products/272103606,https://digitalcontent.api.tesco.com/v2/media/ghs/09edd0f5-99c6-4ad7-9918-cfa86fba4769/10d4b9bb-7471-4a05-bc35-c547431eb475.jpeg?h=225&w=225,
256659600,Delamere Skimmed Sterilised Milk 1L,https://www.tesco.com/groceries/en-GB/shop/fresh-food/all?department=Milk%2C%20Butter%20%26%20Eggs&viewAll=department&page=,£1.45,£1.45/litre,,,/groceries/en-GB/products/256659600,https://digitalcontent.api.tesco.com/v2/media/ghs/ce377de6-a4d2-4310-aae3-458efb1d8348/7dd23070-d722-461f-a799-c52a90cedc60.jpeg?h=225&w=225,
300118119,Tesco Sweetened Coconut Milk Alternative 1L,https://www.tesco.com/groceries/en-GB/shop/fresh-food/all?department=Milk%2C%20Butter%20%26%20Eggs&viewAll=department&page=,£1.15,£1.15/litre,,,/groceries/en-GB/products/300118119,https://digitalcontent.api.tesco.com/v2/media/ghs/741a8a64-ff2e-4761-8e10-b359b8a13c36/22a3d6e8-6120-43d3-9847-a94c9a9e0085.jpeg?h=225&w=225,
300118132,Tesco Unsweetened Almond Milk Alternative 1L,https://www.tesco.com/groceries/en-GB/shop/fresh-food/all?department=Milk%2C%20Butter%20%26%20Eggs&viewAll=department&page=,£1.15,£1.15/litre,,,/groceries/en-GB/products/300118132,https://digitalcontent.api.tesco.com/v2/media/ghs/ddf2ea45-d40d-4bf9-84a8-6c20fc7515a0/04712bd1-0aff-4f64-a1c7-22039cf8cee7.jpeg?h=225&w=225,
255769120,Alpro Soya Chocolate Chilled Drink 1 Litre,https://www.tesco.com/groceries/en-GB/shop/fresh-food/all?department=Milk%2C%20Butter%20%26%20Eggs&viewAll=department&page=,£1.95,£1.95/litre,£1.35 Clubcard Price,,/groceries/en-GB/products/255769120,https://digitalcontent.api.tesco.com/v2/media/ghs/d1a4a377-fb17-4308-865a-5f9702cc23c8/4ebcd994-1216-4327-85c9-d103ea0f6c10.jpeg?h=225&w=225,
300661927,Tesco Sweetened Almond Milk Alternative 1L,https://www.tesco.com/groceries/en-GB/shop/fresh-food/all?department=Milk%2C%20Butter%20%26%20Eggs&viewAll=department&page=,£1.15,£1.15/litre,,,/groceries/en-GB/products/300661927,https://digitalcontent.api.tesco.com/v2/media/ghs/2c895860-1a88-4443-a181-3c68e6257b66/2ac72d6f-0c61-4e24-8424-daead1aec3d8.jpeg?h=225&w=225,
283690780,Ufit Pro50 Protein Drink Chocolate 500Ml,https://www.tesco.com/groceries/en-GB/shop/fresh-food/all?department=Milk%2C%20Butter%20%26%20Eggs&viewAll=department&page=,£3.00,£0.60/100ml,£2.50 Clubcard Price,,/groceries/en-GB/products/283690780,https://digitalcontent.api.tesco.com/v2/media/ghs/31273d7b-c160-48a7-bee1-0d76df979a10/42942256-5e64-4ae0-91a2-3015e698e7f7.jpeg?h=225&w=225,
311444765,Minor Figures Barista Oat Drink 1L,https://www.tesco.com/groceries/en-GB/shop/fresh-food/all?department=Milk%2C%20Butter%20%26%20Eggs&viewAll=department&page=,£2.00,£2.00/litre,,,/groceries/en-GB/products/311444765,https://digitalcontent.api.tesco.com/v2/media/ghs/52363144-0cf5-4b6f-95ec-4539a2ce3015/5befe0dc-eb32-4917-bac6-fd39f2efe980.jpeg?h=225&w=225,
309758349,Huel Ready To Drink Vanilla 500Ml,https://www.tesco.com/groceries/en-GB/shop/fresh-food/all?department=Milk%2C%20Butter%20%26%20Eggs&viewAll=department&page=,£3.50,£0.70/100ml,,,/groceries/en-GB/products/309758349,https://digitalcontent.api.tesco.com/v2/media/ghs/d61360af-4fb7-4835-a577-f70368f8b8a5/877a9f72-46b3-4ade-b9ab-996dc1d936fe_1637098412.jpeg?h=225&w=225,
279846240,For Goodness Shakes Protein Chocolate 475Ml,https://www.tesco.com/groceries/en-GB/shop/fresh-food/all?department=Milk%2C%20Butter%20%26%20Eggs&viewAll=department&page=,£2.30,£0.48/100ml,,,/groceries/en-GB/products/279846240,https://digitalcontent.api.tesco.com/v2/media/ghs/a6d0c27f-765a-42ca-9afb-ec4c912a100c/40b115d9-fd90-4001-b1b3-9246c596c6b4_1857118271.jpeg?h=225&w=225,
309460713,Shaken Udder Vanillalicious Milkshake 750Ml,https://www.tesco.com/groceries/en-GB/shop/fresh-food/all?department=Milk%2C%20Butter%20%26%20Eggs&viewAll=department&page=,£2.45,£0.33/100ml,,,/groceries/en-GB/products/309460713,https://digitalcontent.api.tesco.com/v2/media/ghs/62cdc160-c4fe-4ec7-aae0-3179288ac3a5/9d17e72c-dd34-4ed7-9995-32295f59ab64.jpeg?h=225&w=225,
309193983,Pizza Express Pizza Dough 400G,https://www.tesco.com/groceries/en-GB/shop/fresh-food/all?department=Milk%2C%20Butter%20%26%20Eggs&viewAll=department&page=,£2.35,£0.59/100g,,,/groceries/en-GB/products/309193983,https://digitalcontent.api.tesco.com/v2/media/ghs/cf22a68f-06bb-4d7f-8d2a-e31905141d00/8db611d4-941a-4ddd-bfec-c152a1a9addf.jpeg?h=225&w=225,
304395556,Califia Farms Xx Espresso Cold Brew Dairy Free Coffee 750Ml,https://www.tesco.com/groceries/en-GB/shop/fresh-food/all?department=Milk%2C%20Butter%20%26%20Eggs&viewAll=department&page=,£2.75,£0.37/100ml,,,/groceries/en-GB/products/304395556,https://digitalcontent.api.tesco.com/v2/media/ghs/6aab6d35-6c74-4f22-a8a0-5d9e431b475a/951304e2-7b2b-4c40-9a88-3471f499d751_1899268616.jpeg?h=225&w=225,
304370983,Califia Farms Mocha Cold Coffee With Almond 750Ml,https://www.tesco.com/groceries/en-GB/shop/fresh-food/all?department=Milk%2C%20Butter%20%26%20Eggs&viewAll=department&page=,£2.75,£0.37/100ml,,,/groceries/en-GB/products/304370983,https://digitalcontent.api.tesco.com/v2/media/ghs/44183081-98c0-4f00-8d96-91b5927044c0/3f4744c7-33b0-4ba7-ab39-17e5ca2d9919_1393425783.jpeg?h=225&w=225,
310663858,Blue Diamond Almond Breeze Barista 1 Litre,https://www.tesco.com/groceries/en-GB/shop/fresh-food/all?department=Milk%2C%20Butter%20%26%20Eggs&viewAll=department&page=,£1.90,£1.90/litre,£1.25 Clubcard Price,,/groceries/en-GB/products/310663858,https://digitalcontent.api.tesco.com/v2/media/ghs/0993d331-b9d8-4283-a770-70d7a979f7b0/33e6e9d6-74de-46e8-bc05-a7e2dc0647ce.jpeg?h=225&w=225,
310159079,Plenish Organic & Unsweetened Coconut Milk 1L,https://www.tesco.com/groceries/en-GB/shop/fresh-food/all?department=Milk%2C%20Butter%20%26%20Eggs&viewAll=department&page=,£2.00,£2.00/litre,,,/groceries/en-GB/products/310159079,https://digitalcontent.api.tesco.com/v2/media/ghs/eea635a1-d282-49d3-9904-afa1a05b90b7/c2be4390-2a8a-4df0-bc62-6e3947ce9a67.jpeg?h=225&w=225,
309753880,Plenish Organic Oat Milk Dairy Alternative 1Ltr,https://www.tesco.com/groceries/en-GB/shop/fresh-food/all?department=Milk%2C%20Butter%20%26%20Eggs&viewAll=department&page=,£2.00,£2.00/litre,£1.75 Clubcard Price,,/groceries/en-GB/products/309753880,https://digitalcontent.api.tesco.com/v2/media/ghs/45614613-f135-47b4-a1f2-1adbbd76a6a1/e385585f-f006-459e-8efa-2770c8e6cb3e_2006644354.jpeg?h=225&w=225,
305205390,Plenish Organic Almond 1Ltr,https://www.tesco.com/groceries/en-GB/shop/fresh-food/all?department=Milk%2C%20Butter%20%26%20Eggs&viewAll=department&page=,£2.00,£2.00/litre,£1.75 Clubcard Price,,/groceries/en-GB/products/305205390,https://digitalcontent.api.tesco.com/v2/media/ghs/f43ff0b3-ef68-4dd4-8a96-f307cc8a72c7/a57c00e2-f3ab-4cab-863c-b735128763ad_1680747568.jpeg?h=225&w=225,
311439426,Minor Figures Barista Light Oat Drink 1L,https://www.tesco.com/groceries/en-GB/shop/fresh-food/all?department=Milk%2C%20Butter%20%26%20Eggs&viewAll=department&page=,£1.90,£1.90/litre,£1.50 Clubcard Price,,/groceries/en-GB/products/311439426,https://digitalcontent.api.tesco.com/v2/media/ghs/1f2ade22-82ff-466b-9008-70c36e54e4ba/84afc6a2-d75e-4d3d-95b2-5dc88fc0cf6a.jpeg?h=225&w=225,
283668387,Ufit Pro50 Protein Drink Strawberry 500Ml,https://www.tesco.com/groceries/en-GB/shop/fresh-food/all?department=Milk%2C%20Butter%20%26%20Eggs&viewAll=department&page=,£3.00,£0.60/100ml,£2.50 Clubcard Price,,/groceries/en-GB/products/283668387,https://digitalcontent.api.tesco.com/v2/media/ghs/c8cdc06b-e31a-41fc-be7f-18002da48d4d/e167a8a0-fca2-4ae9-94ca-e8ee4ef3f411.jpeg?h=225&w=225,
309449935,Emmi Caffe Latte Vanilla 230Ml,https://www.tesco.com/groceries/en-GB/shop/fresh-food/all?department=Milk%2C%20Butter%20%26%20Eggs&viewAll=department&page=,£1.60,£0.70/100ml,,,/groceries/en-GB/products/309449935,https://digitalcontent.api.tesco.com/v2/media/ghs/d035523d-e803-48c4-8ade-d90018116e3f/7d43bf29-94ae-4ce5-bf5c-3767786205ba.jpeg?h=225&w=225,
302300689,Shaken Udder Chocolush Milk Shake 750Ml,https://www.tesco.com/groceries/en-GB/shop/fresh-food/all?department=Milk%2C%20Butter%20%26%20Eggs&viewAll=department&page=,£2.45,£0.33/100ml,,,/groceries/en-GB/products/302300689,https://digitalcontent.api.tesco.com/v2/media/ghs/3661a2b9-7831-4994-9af2-23a95d26c968/8068d3f4-40cd-4f00-997e-13003ad9a61e.jpeg?h=225&w=225,
310108707,Blue Diamond Almond Breeze Almond & Oat Drink 1 Litre,https://www.tesco.com/groceries/en-GB/shop/fresh-food/all?department=Milk%2C%20Butter%20%26%20Eggs&viewAll=department&page=,£1.60,£1.60/litre,£1.25 Clubcard Price,,/groceries/en-GB/products/310108707,https://digitalcontent.api.tesco.com/v2/media/ghs/9484caa1-9c2d-44b4-8ca2-0e3e1bb0c130/ebbbf10c-fbfa-4b49-bcb8-9ae97a56adf7.jpeg?h=225&w=225,
311674999,President Uht Spray Cream 250G,https://www.tesco.com/groceries/en-GB/shop/fresh-food/all?department=Milk%2C%20Butter%20%26%20Eggs&viewAll=department&page=,£2.10,£0.84/100g,,,/groceries/en-GB/products/311674999,https://digitalcontent.api.tesco.com/v2/media/ghs/54f39357-ea5f-42d8-8d5c-136c9e1e5697/27acd9c5-032d-44f9-9f0e-61500c463a5e_2070314377.jpeg?h=225&w=225,
306929453,Chocomel Chocolate Flavoured Milk Drink 250Ml,https://www.tesco.com/groceries/en-GB/shop/fresh-food/all?department=Milk%2C%20Butter%20%26%20Eggs&viewAll=department&page=,£1.50,£6.00/litre,,,/groceries/en-GB/products/306929453,https://digitalcontent.api.tesco.com/v2/media/ghs/b82a85cd-f6f7-4005-86ee-39c5d0c68d36/b35a1642-0ff3-4bf7-9b92-3ff1d89401cc_2032519129.jpeg?h=225&w=225,
311673067,Yazoo Chocolate & Caramel Flavoured Milk Drink 1 Litre,https://www.tesco.com/groceries/en-GB/shop/fresh-food/all?department=Milk%2C%20Butter%20%26%20Eggs&viewAll=department&page=,£1.65,£0.16/100ml,,,/groceries/en-GB/products/311673067,https://digitalcontent.api.tesco.com/v2/media/ghs/321bbc37-ec3e-46fe-ac28-b0f840401cbe/b530520c-67d8-4303-915d-7cba32190c93_1594010045.jpeg?h=225&w=225,
268890865,Shaken Udder Vanilla-Licious Milkshake 330Ml,https://www.tesco.com/groceries/en-GB/shop/fresh-food/all?department=Milk%2C%20Butter%20%26%20Eggs&viewAll=department&page=,£1.60,£0.48/100ml,£1.35 Clubcard Price,,/groceries/en-GB/products/268890865,https://digitalcontent.api.tesco.com/v2/media/ghs/bd0bfd4a-18fa-41be-b27d-2e14277a7e2d/242822df-64a0-4ba9-9aeb-656c3715e3e2.jpeg?h=225&w=225,
268891449,Shaken Udder Chocolush Milkshake 330Ml,https://www.tesco.com/groceries/en-GB/shop/fresh-food/all?department=Milk%2C%20Butter%20%26%20Eggs&viewAll=department&page=,£1.60,£0.48/100ml,£1.35 Clubcard Price,,/groceries/en-GB/products/268891449,https://digitalcontent.api.tesco.com/v2/media/ghs/96fc6b3f-7d21-4cb5-a589-c13bf2f71a05/1dbeccb3-d09c-43cf-b56f-415657db7a29.jpeg?h=225&w=225,
304401389,Good Hemp Creamy Seed Drink 1 Litre,https://www.tesco.com/groceries/en-GB/shop/fresh-food/all?department=Milk%2C%20Butter%20%26%20Eggs&viewAll=department&page=,£1.65,£1.65/litre,,,/groceries/en-GB/products/304401389,https://digitalcontent.api.tesco.com/v2/media/ghs/3d3ad39f-3bfb-44e8-8728-43f74e4a5145/42f87d4a-17df-45dc-9378-0fc1b07c6ab4.jpeg?h=225&w=225,
303215277,Innocent Coconut Drink Dairy Free 750Ml,https://www.tesco.com/groceries/en-GB/shop/fresh-food/all?department=Milk%2C%20Butter%20%26%20Eggs&viewAll=department&page=,£1.75,£2.34/litre,,,/groceries/en-GB/products/303215277,https://digitalcontent.api.tesco.com/v2/media/ghs/d7b892ac-4a19-43a8-bc6c-0238dfbb53c2/cbd65b87-cfda-4a22-983e-026d5b6da36d.jpeg?h=225&w=225,
306815616,Starbucks Oat Based Vanilla Macchiato 220Ml,https://www.tesco.com/groceries/en-GB/shop/fresh-food/all?department=Milk%2C%20Butter%20%26%20Eggs&viewAll=department&page=,£2.10,£0.96/100ml,£1.50 Clubcard Price,,/groceries/en-GB/products/306815616,https://digitalcontent.api.tesco.com/v2/media/ghs/60d75717-dd2d-4761-a13b-d5808ea5af52/065ece88-f5ec-4cca-8234-93dd39a2ab5e_33815938.jpeg?h=225&w=225,
308105313,Mighty Pea M.Lk Unsweetened Milk Alternative 1 Litre,https://www.tesco.com/groceries/en-GB/shop/fresh-food/all?department=Milk%2C%20Butter%20%26%20Eggs&viewAll=department&page=,£2.00,£2.00/litre,,,/groceries/en-GB/products/308105313,https://digitalcontent.api.tesco.com/v2/media/ghs/479ea33a-6231-432c-a0af-3aecbebe03db/f0f9490a-74e0-47d4-9a62-ba9fb70888e9.jpeg?h=225&w=225,
309183429,Wunda Original Plant Based Alternative Milk 950Ml,https://www.tesco.com/groceries/en-GB/shop/fresh-food/all?department=Milk%2C%20Butter%20%26%20Eggs&viewAll=department&page=,£1.90,£2.00/litre,£1.50 Clubcard Price,,/groceries/en-GB/products/309183429,https://digitalcontent.api.tesco.com/v2/media/ghs/35b9ff50-4cbb-468d-9858-6b51f51f4df4/1b4ff426-b530-4d6c-b2f2-f08d9ceec0d4.jpeg?h=225&w=225,
308099152,Mighty Pea M.Lk Milk Alternative 1 Litre,https://www.tesco.com/groceries/en-GB/shop/fresh-food/all?department=Milk%2C%20Butter%20%26%20Eggs&viewAll=department&page=,£2.00,£2.00/litre,,,/groceries/en-GB/products/308099152,https://digitalcontent.api.tesco.com/v2/media/ghs/b8531918-b6ba-47a7-b3f2-c4838eeed608/d73e51fe-f2e3-47f8-ac9d-fd2fb0129c03.jpeg?h=225&w=225,
309469715,Arctic White Chocolatte 330Ml,https://www.tesco.com/groceries/en-GB/shop/fresh-food/all?department=Milk%2C%20Butter%20%26%20Eggs&viewAll=department&page=,£1.10,£0.33/100ml,,,/groceries/en-GB/products/309469715,https://digitalcontent.api.tesco.com/v2/media/ghs/aeb060d0-9fcc-446b-bbc6-267499a52bd3/82cc0098-e792-4109-a267-3d58aa797e78.jpeg?h=225&w=225,
264156169,Tesco Mature 10 Cheddar Slices 250G,https://www.tesco.com/groceries/en-GB/shop/fresh-food/all?department=Cheese&viewAll=department&page=,£2.50,£10.00/kg,Any 2 for £4 Clubcard Price - Selected Sliced And Grated Cheese 150g - 250g,,/groceries/en-GB/products/264156169,https://digitalcontent.api.tesco.com/v2/media/ghs/8335a79a-3366-4ad3-9155-10bf83abfaa7/b44bafcc-46f9-4e85-909a-8a7366f2a28e.jpeg?h=225&w=225,
305255462,Tesco Grated Mozzarella & Cheese Mix 200G,https://www.tesco.com/groceries/en-GB/shop/fresh-food/all?department=Cheese&viewAll=department&page=,£2.50,£12.50/kg,Any 2 for £4 Clubcard Price - Selected Sliced And Grated Cheese 150g - 250g,,/groceries/en-GB/products/305255462,https://digitalcontent.api.tesco.com/v2/media/ghs/e5b22925-bd22-4509-abec-24fc39d43fdd/80810612-77ea-4654-b005-decb92447ec3.jpeg?h=225&w=225,
253704097,Tesco British Medium Grated Cheddar 250G,https://www.tesco.com/groceries/en-GB/shop/fresh-food/all?department=Cheese&viewAll=department&page=,£2.50,£10.00/kg,Any 2 for £4 Clubcard Price - Selected Sliced And Grated Cheese 150g - 250g,,/groceries/en-GB/products/253704097,https://digitalcontent.api.tesco.com/v2/media/ghs/3a9a8c66-eeaf-483c-a3f6-0bb6888ed1a7/497e8afa-50f2-4a99-aefe-9299716f55ef.jpeg?h=225&w=225,
294173961,Tesco Finest Mature English Cheddar 350G,https://www.tesco.com/groceries/en-GB/shop/fresh-food/all?department=Cheese&viewAll=department&page=,£3.25,£9.29/kg,,New,/groceries/en-GB/products/294173961,https://digitalcontent.api.tesco.com/v2/media/ghs/8fe37e13-5c43-4eba-bfc1-43275dc2297b/faba0f73-47d6-40fb-aaad-fc24b867cc57_728590688.jpeg?h=225&w=225,
268768873,Cathedral City Mature Cheddar 350G,https://www.tesco.com/groceries/en-GB/shop/fresh-food/all?department=Cheese&viewAll=department&page=,£4.00,£11.43/kg,,,/groceries/en-GB/products/268768873,https://digitalcontent.api.tesco.com/v2/media/ghs/3fd0e398-490f-4b0c-b9ac-aa033f694f68/3cb3b6c0-96e6-41c1-a57e-de7c0b4fee1e.jpeg?h=225&w=225,
305951277,Tesco Medium Cheddar 400G,https://www.tesco.com/groceries/en-GB/shop/fresh-food/all?department=Cheese&viewAll=department&page=,£3.00,£7.50/kg,,,/groceries/en-GB/products/305951277,https://digitalcontent.api.tesco.com/v2/media/ghs/b8fb00c9-b6d1-4e77-b851-a5d7c3129ceb/319ebede-604e-4399-be48-5b2eb2dcc6e1.jpeg?h=225&w=225,
268903247,Pilgrims Choice Extra Mature Cheddar 350G,https://www.tesco.com/groceries/en-GB/shop/fresh-food/all?department=Cheese&viewAll=department&page=,£3.50,£10.00/kg,£3.00 Clubcard Price,,/groceries/en-GB/products/268903247,https://digitalcontent.api.tesco.com/v2/media/ghs/d59b9976-2e0f-4b45-94a4-19866322bc7d/33b32415-a7cf-49cb-b599-c80f8b3bdeee.jpeg?h=225&w=225,
305973280,Tesco British Mild Cheddar Cheese 400G,https://www.tesco.com/groceries/en-GB/shop/fresh-food/all?department=Cheese&viewAll=department&page=,£3.00,£7.50/kg,,,/groceries/en-GB/products/305973280,https://digitalcontent.api.tesco.com/v2/media/ghs/30f702c9-3e00-4e8f-a524-fc78e1e4fbfd/6d328ac2-055d-4e25-8f9f-80a26b1e4dc5.jpeg?h=225&w=225,
311257480,Arla Bob Mature Cheddar 300G,https://www.tesco.com/groceries/en-GB/shop/fresh-food/all?department=Cheese&viewAll=department&page=,£3.25,£10.84/kg,,New,/groceries/en-GB/products/311257480,https://digitalcontent.api.tesco.com/v2/media/ghs/71455b05-e40c-409c-bac6-e5eb288b0256/e32d589e-e775-4194-8b92-fd57e5a7ec93_1112163123.jpeg?h=225&w=225,
295580293,Tesco Halloumi 225G,https://www.tesco.com/groceries/en-GB/shop/fresh-food/all?department=Cheese&viewAll=department&page=,£2.30,£10.23/kg,,,/groceries/en-GB/products/295580293,https://digitalcontent.api.tesco.com/v2/media/ghs/a5b949b2-0fe4-4677-939f-e31e954c643b/2d7c3c94-16bc-4d70-b78a-34ac753bbbc9.jpeg?h=225&w=225,
257480267,Tesco Mozzarella Grated 250G,https://www.tesco.com/groceries/en-GB/shop/fresh-food/all?department=Cheese&viewAll=department&page=,£2.50,£10.00/kg,Any 2 for £4 Clubcard Price - Selected Sliced And Grated Cheese 150g - 250g,,/groceries/en-GB/products/257480267,https://digitalcontent.api.tesco.com/v2/media/ghs/a929ef41-abd1-4adf-9b3f-f0ddec967728/ba48e56d-453d-4b62-be45-7fdc64278d3d.jpeg?h=225&w=225,
308849452,Dairylea Dunkers Jumbo Tubes Cheese Snacks 6 Pack 246G,https://www.tesco.com/groceries/en-GB/shop/fresh-food/all?department=Cheese&viewAll=department&page=,£3.30,£13.42/kg,,,/groceries/en-GB/products/308849452,https://digitalcontent.api.tesco.com/v2/media/ghs/fc4426c6-ba2d-42c6-b3d8-d6f83e8bd52a/25b39033-fc8b-4178-9d51-4a98127fd639_179086581.jpeg?h=225&w=225,
299970194,Tesco 50% Reduced Fat Mature Grated Cheese 250G,https://www.tesco.com/groceries/en-GB/shop/fresh-food/all?department=Cheese&viewAll=department&page=,£2.50,£10.00/kg,Any 2 for £4 Clubcard Price - Selected Sliced And Grated Cheese 150g - 250g,,/groceries/en-GB/products/299970194,https://digitalcontent.api.tesco.com/v2/media/ghs/48f62910-bab7-4430-807d-7d6578294280/9a0ab75c-13f2-4459-aa0a-cc6c81e81850.jpeg?h=225&w=225,
253704206,Tesco Mature Grated Cheddar 250G,https://www.tesco.com/groceries/en-GB/shop/fresh-food/all?department=Cheese&viewAll=department&page=,£2.50,£10.00/kg,Any 2 for £4 Clubcard Price - Selected Sliced And Grated Cheese 150g - 250g,,/groceries/en-GB/products/253704206,https://digitalcontent.api.tesco.com/v2/media/ghs/fef607e9-8779-4ec1-9021-8d8081ea904c/f8b263d4-981b-44bd-9eb0-6a38529a1311.jpeg?h=225&w=225,
256344327,Tesco Extra Mature Grated Cheddar 250G,https://www.tesco.com/groceries/en-GB/shop/fresh-food/all?department=Cheese&viewAll=department&page=,£2.50,£10.00/kg,Any 2 for £4 Clubcard Price - Selected Sliced And Grated Cheese 150g - 250g,,/groceries/en-GB/products/256344327,https://digitalcontent.api.tesco.com/v2/media/ghs/8a767e63-63cb-489d-852d-83eb82bf3910/351222c0-f810-4863-bc8d-6765f27457e5.jpeg?h=225&w=225,
255081368,Tesco Grated Parmigiano Reggiano 100G,https://www.tesco.com/groceries/en-GB/shop/fresh-food/all?department=Cheese&viewAll=department&page=,£2.50,£25.00/kg,,,/groceries/en-GB/products/255081368,https://digitalcontent.api.tesco.com/v2/media/ghs/262e1662-2ce0-4cab-afe3-cc28884cc9c2/ac1a2af4-4039-4bd7-b126-5947ddf338a5.jpeg?h=225&w=225,
277925449,Cathedral City Mature Cheddar 550G,https://www.tesco.com/groceries/en-GB/shop/fresh-food/all?department=Cheese&viewAll=department&page=,£5.25,£9.55/kg,£3.75 Clubcard Price,,/groceries/en-GB/products/277925449,https://digitalcontent.api.tesco.com/v2/media/ghs/ff770d30-aeee-45a8-9c5a-d1f9869f080a/96a2367e-f93e-4cb0-980b-1a4be71dabd4.jpeg?h=225&w=225,
288986209,Cathedral City Extra Mature Cheddar 550G,https://www.tesco.com/groceries/en-GB/shop/fresh-food/all?department=Cheese&viewAll=department&page=,£5.25,£9.55/kg,£3.75 Clubcard Price,,/groceries/en-GB/products/288986209,https://digitalcontent.api.tesco.com/v2/media/ghs/27991a74-265b-4dbb-9f29-44815486d206/2c1c4e70-5f01-49f2-972e-0d2c7f1e9f46_655144773.jpeg?h=225&w=225,
308867509,Dairylea Lunchables Ham & Cheese 74.1G,https://www.tesco.com/groceries/en-GB/shop/fresh-food/all?department=Cheese&viewAll=department&page=,£1.55,£20.92/kg,£1.25 Clubcard Price,,/groceries/en-GB/products/308867509,https://digitalcontent.api.tesco.com/v2/media/ghs/b9209f5c-9d90-4bd2-aba5-724c1fc143bb/a87ac2ab-1edc-4d6f-9e82-252f188098eb_671319818.jpeg?h=225&w=225,
273196994,Cheestrings 8 Pack Cheddar 160G,https://www.tesco.com/groceries/en-GB/shop/fresh-food/all?department=Cheese&viewAll=department&page=,£2.25,£14.07/kg,Aldi Price Match,,/groceries/en-GB/products/273196994,https://digitalcontent.api.tesco.com/v2/media/ghs/5fc976d3-8666-4a01-bbb0-c086060afdc6/6c435a6a-6468-4ac3-8709-0025a03296cd.jpeg?h=225&w=225,
309181127,Corner Deli Cypriot Halloumi 225G,https://www.tesco.com/groceries/en-GB/shop/fresh-food/all?department=Cheese&viewAll=department&page=,£1.99,£8.85/kg,Aldi Price Match,,/groceries/en-GB/products/309181127,https://digitalcontent.api.tesco.com/v2/media/ghs/4a384507-44cf-4c32-8285-eecddfda43ec/0d0f4afc-0331-4196-a57a-253c402bd13a_1774499696.jpeg?h=225&w=225,
308856345,Dairylea Dunkers Jumbo Tubes Snacks 4 Pack 164G,https://www.tesco.com/groceries/en-GB/shop/fresh-food/all?department=Cheese&viewAll=department&page=,£2.25,£13.72/kg,£1.75 Clubcard Price,,/groceries/en-GB/products/308856345,https://digitalcontent.api.tesco.com/v2/media/ghs/11e05e89-1c95-4081-bd87-4b492b660501/4993fe89-b1f0-4608-899d-1c98f1b8caec_1965826466.jpeg?h=225&w=225,
306665741,Tesco Extra Mature Cheddar Cheese 400G,https://www.tesco.com/groceries/en-GB/shop/fresh-food/all?department=Cheese&viewAll=department&page=,£3.00,£7.50/kg,,,/groceries/en-GB/products/306665741,https://digitalcontent.api.tesco.com/v2/media/ghs/90d73545-b49a-412d-8be4-748efc2ee1a5/53050916-745b-46de-b65e-047fe295d1d8.jpeg?h=225&w=225,
303629634,Tesco Soft Cheese Plain Full Fat 200G,https://www.tesco.com/groceries/en-GB/shop/fresh-food/all?department=Cheese&viewAll=department&page=,£1.20,£6.00/kg,,,/groceries/en-GB/products/303629634,https://digitalcontent.api.tesco.com/v2/media/ghs/2197ae12-6517-4908-a9ff-ee6e78ba0351/5572790a-aa24-49de-9f36-d2bf9f8abc9f.jpeg?h=225&w=225,
305977270,Tesco Mature Cheddar 400G,https://www.tesco.com/groceries/en-GB/shop/fresh-food/all?department=Cheese&viewAll=department&page=,£3.00,£7.50/kg,,,/groceries/en-GB/products/305977270,https://digitalcontent.api.tesco.com/v2/media/ghs/c4748410-de96-4a3f-9da5-2f71d2bb1a74/af914df4-df26-487b-a525-a1af8b381c98.jpeg?h=225&w=225,
299914515,Creamfields French Brie 200G,https://www.tesco.com/groceries/en-GB/shop/fresh-food/all?department=Cheese&viewAll=department&page=,£1.49,£7.45/kg,Aldi Price Match,,/groceries/en-GB/products/299914515,https://digitalcontent.api.tesco.com/v2/media/ghs/713657e8-6e6b-4d20-be4d-723fca2be049/7b9aeb58-24be-4135-abb3-62712cd2c24b.jpeg?h=225&w=225,
311678197,Philadelphia Original Soft Cheese 165G,https://www.tesco.com/groceries/en-GB/shop/fresh-food/all?department=Cheese&viewAll=department&page=,£2.20,£13.34/kg,£1.25 Clubcard Price,,/groceries/en-GB/products/311678197,https://digitalcontent.api.tesco.com/v2/media/ghs/95298a04-733f-4f03-a324-0ec323a1639b/2b15a940-9a09-4d69-bb61-7feab7960bde_1689554613.jpeg?h=225&w=225,
312827743,Ilchester Cheddar Cheese With Truffle 180G,https://www.tesco.com/groceries/en-GB/shop/fresh-food/all?department=Cheese&viewAll=department&page=,£2.50,£1.39/100g,Any 3 for £6 Clubcard Price - Selected Cheese And Sliced Cooked Meats 30g - 220g,,/groceries/en-GB/products/312827743,https://digitalcontent.api.tesco.com/v2/media/ghs/fead46ef-3aae-4a0e-9113-231febfe3b9e/a7fbad4e-7c5a-4a44-a36f-b806115ca06b_960644712.jpeg?h=225&w=225,
307353982,Mini Babybel Light Cheese Snacks 10 X 20G 200G,https://www.tesco.com/groceries/en-GB/shop/fresh-food/all?department=Cheese&viewAll=department&page=,£2.09,£10.45/kg,Aldi Price Match,,/groceries/en-GB/products/307353982,https://digitalcontent.api.tesco.com/v2/media/ghs/1fe8ae47-9d98-4dfb-8eb1-b9119cdb2e61/5d0486c3-8e5a-4f6f-978e-ff7e11d2fb29_132975116.jpeg?h=225&w=225,
307346979,Mini Babybel Original Cheese Snacks 10X20g 200G,https://www.tesco.com/groceries/en-GB/shop/fresh-food/all?department=Cheese&viewAll=department&page=,£2.09,£10.45/kg,Aldi Price Match,,/groceries/en-GB/products/307346979,https://digitalcontent.api.tesco.com/v2/media/ghs/7d06e8e6-9343-4f63-8776-c407203b6d2d/13ffab88-d8ea-451e-81bf-a99c313f450b_446722483.jpeg?h=225&w=225,
310681024,Creamfields Grated Cheddar 500G,https://www.tesco.com/groceries/en-GB/shop/fresh-food/all?department=Cheese&viewAll=department&page=,£2.50,£5.00/kg,Aldi Price Match,,/groceries/en-GB/products/310681024,https://digitalcontent.api.tesco.com/v2/media/ghs/9ae3b1ad-793a-4307-87b8-6f538f114036/d7a7c67b-5fe1-452d-8a78-5b5fb065995a_120725966.jpeg?h=225&w=225,
260663698,Tesco Parmigiano Reggiano 200G,https://www.tesco.com/groceries/en-GB/shop/fresh-food/all?department=Cheese&viewAll=department&page=,£3.30,£16.50/kg,,,/groceries/en-GB/products/260663698,https://digitalcontent.api.tesco.com/v2/media/ghs/fa74e965-1522-4333-a595-8ecaa2a196e2/9e0f143c-e715-4ec3-ba9a-48d67ad72477.jpeg?h=225&w=225,
302676629,Creamfields Lighter Mature Cheese 400G,https://www.tesco.com/groceries/en-GB/shop/fresh-food/all?department=Cheese&viewAll=department&page=,£2.65,£6.63/kg,Aldi Price Match,,/groceries/en-GB/products/302676629,https://digitalcontent.api.tesco.com/v2/media/ghs/0c933a8f-82ff-430f-b1f7-a7e62485be73/287d1a41-a5fa-4d1e-8dc1-74c05e5449b4_1093017862.jpeg?h=225&w=225,
302676607,Creamfields Mature White Cheddar 400G,https://www.tesco.com/groceries/en-GB/shop/fresh-food/all?department=Cheese&viewAll=department&page=,£2.65,£6.63/kg,Aldi Price Match,,/groceries/en-GB/products/302676607,https://digitalcontent.api.tesco.com/v2/media/ghs/1151ec7d-0dc6-4074-8999-9421d874231b/afacfac9-67d7-4419-adfb-74c68702793f_1259618943.jpeg?h=225&w=225,
299982577,Creamfields Soft Cheese 200G,https://www.tesco.com/groceries/en-GB/shop/fresh-food/all?department=Cheese&viewAll=department&page=,£0.85,£4.25/kg,Aldi Price Match,,/groceries/en-GB/products/299982577,https://digitalcontent.api.tesco.com/v2/media/ghs/44ead486-3526-46c8-b6e2-d601f931a083/732fe8ce-415b-4a7e-a850-7d654a569a1e_1238427191.jpeg?h=225&w=225,
302676688,Creamfields Red Leicester Cheese 400G,https://www.tesco.com/groceries/en-GB/shop/fresh-food/all?department=Cheese&viewAll=department&page=,£2.65,£6.63/kg,Aldi Price Match,,/groceries/en-GB/products/302676688,https://digitalcontent.api.tesco.com/v2/media/ghs/449ac205-5f2e-412e-af11-d12e043330cb/ef91673b-1a2d-4c2a-9f56-eb8b92555af0_1941144684.jpeg?h=225&w=225,
260671607,Tesco Greek Cheese Feta 200G,https://www.tesco.com/groceries/en-GB/shop/fresh-food/all?department=Cheese&viewAll=department&page=,£1.70,£8.50/kg,,,/groceries/en-GB/products/260671607,https://digitalcontent.api.tesco.com/v2/media/ghs/f7c4e42c-5368-4b20-a0ee-55cf2c9e176d/25efc5c0-540a-4884-841c-a226891294ec.jpeg?h=225&w=225,
308098619,Tesco Mozzarella 240G,https://www.tesco.com/groceries/en-GB/shop/fresh-food/all?department=Cheese&viewAll=department&page=,£0.90,£7.20/kg DR.WT,,,/groceries/en-GB/products/308098619,https://digitalcontent.api.tesco.com/v2/media/ghs/a68b3be8-1232-48bb-af59-e7b128b05b4e/bed32bb3-cdab-47aa-a919-4390ddae8ee1.jpeg?h=225&w=225,
299914475,Creamfields Mozzarella 210G,https://www.tesco.com/groceries/en-GB/shop/fresh-food/all?department=Cheese&viewAll=department&page=,£0.59,£4.72/kg DR.WT,Aldi Price Match,,/groceries/en-GB/products/299914475,https://digitalcontent.api.tesco.com/v2/media/ghs/74db00de-f4f1-4faf-b40d-15265cddfcb8/8e59e45b-c333-4c3c-b882-2912e2db05a1.jpeg?h=225&w=225,
301511281,Creamfields Mature White Cheddar Large,https://www.tesco.com/groceries/en-GB/shop/fresh-food/all?department=Cheese&viewAll=department&page=,£4.19,£4.66/kg,,,/groceries/en-GB/products/301511281,https://digitalcontent.api.tesco.com/v2/media/ghs/0089c2d3-dae0-45f6-8cc3-722942f42ed9/snapshotimagehandler_120627563.jpeg?h=225&w=225,
307760874,Creamfields 15 Cheese Slices 255G,https://www.tesco.com/groceries/en-GB/shop/fresh-food/all?department=Cheese&viewAll=department&page=,£0.70,£2.75/kg,Aldi Price Match,,/groceries/en-GB/products/307760874,https://digitalcontent.api.tesco.com/v2/media/ghs/4ffad837-7082-472d-bafa-bcdbd0e9a221/5b28fc0e-8eea-4e78-afa4-9041f5134dee_47173964.jpeg?h=225&w=225,
267273555,Cathedral City Extra Mature 350G,https://www.tesco.com/groceries/en-GB/shop/fresh-food/all?department=Cheese&viewAll=department&page=,£4.00,£11.43/kg,,,/groceries/en-GB/products/267273555,https://digitalcontent.api.tesco.com/v2/media/ghs/a4d43b7e-5549-4c3e-b0a6-e4a5e1b151f2/39013a37-1b85-4bc4-88c9-169360b53293.jpeg?h=225&w=225,
267308648,Cathedral City Lighter Cheddar 350G,https://www.tesco.com/groceries/en-GB/shop/fresh-food/all?department=Cheese&viewAll=department&page=,£4.00,£11.43/kg,,,/groceries/en-GB/products/267308648,https://digitalcontent.api.tesco.com/v2/media/ghs/143ba67e-8b16-4d5d-8e6e-530bcc8c0916/156dc68b-77fc-4282-a32c-683ec2d2b2e0.jpeg?h=225&w=225,
277969011,Cathedral City Matured Sliced 150G,https://www.tesco.com/groceries/en-GB/shop/fresh-food/all?department=Cheese&viewAll=department&page=,£2.30,£15.34/kg,Any 2 for £4 Clubcard Price - Selected Sliced And Grated Cheese 150g - 250g,,/groceries/en-GB/products/277969011,https://digitalcontent.api.tesco.com/v2/media/ghs/c50f6ada-b5a4-4091-8edd-7084aa382618/695510a2-8ec9-43da-87b4-f783aefe28b4.jpeg?h=225&w=225,
311687892,Philadelphia Original Soft Cheese 280G,https://www.tesco.com/groceries/en-GB/shop/fresh-food/all?department=Cheese&viewAll=department&page=,£3.25,£11.61/kg,,,/groceries/en-GB/products/311687892,https://digitalcontent.api.tesco.com/v2/media/ghs/c6041f54-fc64-4125-ab23-7a12ccf31fff/06096e7c-ff1d-4009-b171-4b62ee12fcc8_1014290229.jpeg?h=225&w=225,
273939900,Leerdammer Light Slices 160G,https://www.tesco.com/groceries/en-GB/shop/fresh-food/all?department=Cheese&viewAll=department&page=,£2.20,£13.75/kg,,,/groceries/en-GB/products/273939900,https://digitalcontent.api.tesco.com/v2/media/ghs/e87ad57d-62fd-44a8-accf-962e8be553f9/4641f3f1-0010-45e1-aaca-efbd400e2aaa.jpeg?h=225&w=225,
264156296,Tesco Mild 10 Cheddar Slices 250G,https://www.tesco.com/groceries/en-GB/shop/fresh-food/all?department=Cheese&viewAll=department&page=,£2.50,£10.00/kg,Any 2 for £4 Clubcard Price - Selected Sliced And Grated Cheese 150g - 250g,,/groceries/en-GB/products/264156296,https://digitalcontent.api.tesco.com/v2/media/ghs/9a912da4-0f49-4a2b-99c8-f868afa0e979/076ed98b-499a-4b31-a915-9388a3ddcaa0.jpeg?h=225&w=225,
283788008,Lactofree Mature Cheddar Cheese 200G,https://www.tesco.com/groceries/en-GB/shop/fresh-food/all?department=Cheese&viewAll=department&page=,£2.50,£12.50/kg,,,/groceries/en-GB/products/283788008,https://digitalcontent.api.tesco.com/v2/media/ghs/fe4c5b7a-3e27-404b-8e08-4173bff66480/a736f4de-4f19-4458-aa3d-43b3025902f8.jpeg?h=225&w=225,
254129592,Appeteasers Mediterranean Magic 100G,https://www.tesco.com/groceries/en-GB/shop/fresh-food/all?department=Cheese&viewAll=department&page=,£1.75,£17.50/kg,,New,/groceries/en-GB/products/254129592,https://digitalcontent.api.tesco.com/v2/media/ghs/d56e042e-cee4-4289-a238-fb4f14596a9a/9ff4201b-66ff-4f1e-abcd-4abd7bdfb7e2_1607035372.jpeg?h=225&w=225,
288456745,Cathedral City Mini Mature Nets 120G,https://www.tesco.com/groceries/en-GB/shop/fresh-food/all?department=Cheese&viewAll=department&page=,£1.90,£15.84/kg,,,/groceries/en-GB/products/288456745,https://digitalcontent.api.tesco.com/v2/media/ghs/3b19c7a6-445d-48ad-9c84-09c03bc00e8e/4bb3df55-259f-449e-9933-85925f4958de.jpeg?h=225&w=225,
305989479,Tesco Red Leicester Cheese 400G,https://www.tesco.com/groceries/en-GB/shop/fresh-food/all?department=Cheese&viewAll=department&page=,£3.00,£7.50/kg,,,/groceries/en-GB/products/305989479,https://digitalcontent.api.tesco.com/v2/media/ghs/f27421c6-e5cd-41ef-8bcb-034ac1760ba8/a8a9865a-10ba-47a3-b266-439257cbdf8f.jpeg?h=225&w=225,
273197112,Cheestrings 8 Pack Twister 160G,https://www.tesco.com/groceries/en-GB/shop/fresh-food/all?department=Cheese&viewAll=department&page=,£2.25,£14.07/kg,Aldi Price Match,,/groceries/en-GB/products/273197112,https://digitalcontent.api.tesco.com/v2/media/ghs/233e4cb6-3994-404e-89b0-872ea311dd86/60a62bef-ca30-4eab-8cf2-c0eb6d64d8b9.jpeg?h=225&w=225,
266499192,Tesco 30% Reduced Fat Mature Cheese Slices 250G,https://www.tesco.com/groceries/en-GB/shop/fresh-food/all?department=Cheese&viewAll=department&page=,£2.50,£10.00/kg,Any 2 for £4 Clubcard Price - Selected Sliced And Grated Cheese 150g - 250g,,/groceries/en-GB/products/266499192,https://digitalcontent.api.tesco.com/v2/media/ghs/a4ba15a6-f27d-4c43-a7ee-9957b401784f/9e108ec1-84cc-406a-be73-83f27bb10f6d.jpeg?h=225&w=225,
311441097,Strings & Things Cheeshapes 4 X 18.75G,https://www.tesco.com/groceries/en-GB/shop/fresh-food/all?department=Cheese&viewAll=department&page=,£1.75,£23.34/kg,,New,/groceries/en-GB/products/311441097,https://digitalcontent.api.tesco.com/v2/media/ghs/3398f01a-1b66-49fc-be1e-de782f92cfda/7b47e8f8-bd1c-4fa5-abc2-900ec2c2d589_1190342271.jpeg?h=225&w=225,
299685318,Tesco Paneer Cheese 200G,https://www.tesco.com/groceries/en-GB/shop/fresh-food/all?department=Cheese&viewAll=department&page=,£1.50,£7.50/kg,,,/groceries/en-GB/products/299685318,https://digitalcontent.api.tesco.com/v2/media/ghs/7525f5d5-b653-4176-ab00-97f67a29bc72/54e94cc0-a57b-41b6-9850-3695395157ac.jpeg?h=225&w=225,
273197498,Cheestrings Cheddar 4 Pack 80G,https://www.tesco.com/groceries/en-GB/shop/fresh-food/all?department=Cheese&viewAll=department&page=,£1.75,£21.88/kg,,,/groceries/en-GB/products/273197498,https://digitalcontent.api.tesco.com/v2/media/ghs/979ff4ee-09be-4b5a-9672-ed6ea482bf3f/9b9d6fb7-86b2-47b4-acdc-b0d0880cc039.jpeg?h=225&w=225,
250692966,Boursin Full Fat Soft Cheese Garlic Herb 150G,https://www.tesco.com/groceries/en-GB/shop/fresh-food/all?department=Cheese&viewAll=department&page=,£2.20,£14.67/kg,,,/groceries/en-GB/products/250692966,https://digitalcontent.api.tesco.com/v2/media/ghs/8f981fda-fbf5-403d-ab92-e72a112bd7e7/7bd64f92-634b-4e54-bb83-c43de8a29303.jpeg?h=225&w=225,
299912575,Tesco Gouda Slices 250G,https://www.tesco.com/groceries/en-GB/shop/fresh-food/all?department=Cheese&viewAll=department&page=,£2.50,£10.00/kg,Any 2 for £4 Clubcard Price - Selected Sliced And Grated Cheese 150g - 250g,,/groceries/en-GB/products/299912575,https://digitalcontent.api.tesco.com/v2/media/ghs/7fa45778-e03b-4b48-8a58-beab4f491d8f/745fbedc-e9b3-45d2-bbe1-d3beacf88e1e.jpeg?h=225&w=225,
285140562,Dairylea Cheese Spread 270G,https://www.tesco.com/groceries/en-GB/shop/fresh-food/all?department=Cheese&viewAll=department&page=,,,,,/groceries/en-GB/products/285140562,https://digitalcontent.api.tesco.com/v2/media/ghs/ffd86fc0-e8f0-4529-a3ad-4f671bd4cb85/1695aa3e-de0b-45dc-8cd8-8968e36daa21.jpeg?h=225&w=225,This product's currently out of stock
305960099,Tesco 30% Reduced Fat Mature Cheese 400G,https://www.tesco.com/groceries/en-GB/shop/fresh-food/all?department=Cheese&viewAll=department&page=,£3.00,£7.50/kg,,,/groceries/en-GB/products/305960099,https://digitalcontent.api.tesco.com/v2/media/ghs/0313e5c6-3c7c-4b56-b424-767217d927d4/a08d8b34-a0cf-455d-8ecf-d176187a4526_1941383552.jpeg?h=225&w=225,
309474478,Yamas Authentic Greek Feta Pdo 150G,https://www.tesco.com/groceries/en-GB/shop/fresh-food/all?department=Cheese&viewAll=department&page=,£1.65,£11.00/kg,,New,/groceries/en-GB/products/309474478,https://digitalcontent.api.tesco.com/v2/media/ghs/916cb80f-d700-456a-a4aa-1dd81640981f/69e84035-905d-4f5e-9440-107f1f07015e.jpeg?h=225&w=225,
305960554,Tesco 30% Reduced Fat Extra Mature Cheese 400G,https://www.tesco.com/groceries/en-GB/shop/fresh-food/all?department=Cheese&viewAll=department&page=,£3.00,£7.50/kg,,,/groceries/en-GB/products/305960554,https://digitalcontent.api.tesco.com/v2/media/ghs/d9d920ed-f8d9-4207-8d2d-0620358a7639/906a91ae-7285-482b-9424-a49030d777db.jpeg?h=225&w=225,
303618048,Tesco 50% Less Fat Soft Cheese 200G,https://www.tesco.com/groceries/en-GB/shop/fresh-food/all?department=Cheese&viewAll=department&page=,£1.20,£6.00/kg,,,/groceries/en-GB/products/303618048,https://digitalcontent.api.tesco.com/v2/media/ghs/5133ff24-25bf-489e-8587-51a0d7929dac/a09909aa-c7c8-476d-a72a-1ab1ddd1252d_623173731.jpeg?h=225&w=225,
303806062,Creamfields Grated Lighter Mature Cheese 250G,https://www.tesco.com/groceries/en-GB/shop/fresh-food/all?department=Cheese&viewAll=department&page=,£1.99,£7.96/kg,Aldi Price Match,,/groceries/en-GB/products/303806062,https://digitalcontent.api.tesco.com/v2/media/ghs/19db7131-fe41-4b24-936f-10887d64e579/bce8eb3b-2965-4349-8cf1-8c23d196d5df_1044360581.jpeg?h=225&w=225,
312580707,Dairylea Cheese Slices 8 Pack 164G,https://www.tesco.com/groceries/en-GB/shop/fresh-food/all?department=Cheese&viewAll=department&page=,£1.45,£8.85/kg,,New,/groceries/en-GB/products/312580707,https://digitalcontent.api.tesco.com/v2/media/ghs/bef70224-7d5b-467a-a370-39ac1adb328f/e59f1ec2-7240-43eb-ad25-07eda0fc466b_807399682.jpeg?h=225&w=225,
311786803,Philadelphia Light Soft Cheese 165G,https://www.tesco.com/groceries/en-GB/shop/fresh-food/all?department=Cheese&viewAll=department&page=,£2.20,£13.34/kg,£1.25 Clubcard Price,,/groceries/en-GB/products/311786803,https://digitalcontent.api.tesco.com/v2/media/ghs/164d2ba8-f1a5-4623-9e22-bd00d1820e02/31d17232-03ce-46af-89fd-57d4fd4064bc.jpeg?h=225&w=225,
261535054,Tesco Blue Stilton 220G,https://www.tesco.com/groceries/en-GB/shop/fresh-food/all?department=Cheese&viewAll=department&page=,£2.40,£10.91/kg,,,/groceries/en-GB/products/261535054,https://digitalcontent.api.tesco.com/v2/media/ghs/5dabb896-1763-4df6-b7d4-3ba1de3025e4/4b369136-ff76-4706-adaa-34f7859a8023_75101955.jpeg?h=225&w=225,
299001985,Dairylea Cheese Spread 145G,https://www.tesco.com/groceries/en-GB/shop/fresh-food/all?department=Cheese&viewAll=department&page=,£1.65,£11.38/kg,,New,/groceries/en-GB/products/299001985,https://digitalcontent.api.tesco.com/v2/media/ghs/d6519beb-f8f2-4088-9fb1-92cd559a3cdf/299c6b75-d9d1-438f-a02c-e307ccc31c65_558003811.jpeg?h=225&w=225,
312101527,Tesco Salad Cheese Garlic & Herb Marinade 100G,https://www.tesco.com/groceries/en-GB/shop/fresh-food/all?department=Cheese&viewAll=department&page=,£1.20,£12.00/kg,60p Clubcard Price,,/groceries/en-GB/products/312101527,https://digitalcontent.api.tesco.com/v2/media/ghs/cf838694-5e64-4101-9455-9edec9ff5d38/5d6b27d7-8c47-4711-ab48-f1895c15ef3b_346259660.jpeg?h=225&w=225,
302676567,Creamfields Mild White Cheddar 400G,https://www.tesco.com/groceries/en-GB/shop/fresh-food/all?department=Cheese&viewAll=department&page=,£2.65,£6.63/kg,Aldi Price Match,,/groceries/en-GB/products/302676567,https://digitalcontent.api.tesco.com/v2/media/ghs/c273cf8d-c8e5-4fdc-897e-d3f5a6455384/1286b78d-4cc5-4756-924e-9224e35600c6.jpeg?h=225&w=225,
254266371,Tesco 10 Mild Cheese Slices 200G,https://www.tesco.com/groceries/en-GB/shop/fresh-food/all?department=Cheese&viewAll=department&page=,£1.25,£6.25/kg,,,/groceries/en-GB/products/254266371,https://digitalcontent.api.tesco.com/v2/media/ghs/22074a86-e504-43f2-aea4-00788dec99be/adb0eb4e-6695-410e-a2e8-05c5141f6ff6_1459266386.jpeg?h=225&w=225,
302676589,Creamfields Medium White Cheddar 400G,https://www.tesco.com/groceries/en-GB/shop/fresh-food/all?department=Cheese&viewAll=department&page=,£2.65,£6.63/kg,Aldi Price Match,,/groceries/en-GB/products/302676589,,
312091932,Tesco Salad Cheese Topper With Chilli Marinade 100G,https://www.tesco.com/groceries/en-GB/shop/fresh-food/all?department=Cheese&viewAll=department&page=,£1.20,£12.00/kg,60p Clubcard Price,,/groceries/en-GB/products/312091932,https://digitalcontent.api.tesco.com/v2/media/ghs/70f410c9-701b-416e-8cdc-2decd569184f/af4e9e98-2671-46b7-bf3e-a1d57e8d085c_1843097172.jpeg?h=225&w=225,
300066653,Creamfields Mild Cheddar 10 Slices 200G,https://www.tesco.com/groceries/en-GB/shop/fresh-food/all?department=Cheese&viewAll=department&page=,£1.19,£5.95/kg,Aldi Price Match,,/groceries/en-GB/products/300066653,https://digitalcontent.api.tesco.com/v2/media/ghs/f4fa1468-3a08-4718-98d7-553ddb2e5458/78c71510-16dc-450c-b626-fa0e67660e37_1366565819.jpeg?h=225&w=225,
303299787,Creamfields Greek Feta 200G,https://www.tesco.com/groceries/en-GB/shop/fresh-food/all?department=Cheese&viewAll=department&page=,£1.39,£6.95/kg,Aldi Price Match,,/groceries/en-GB/products/303299787,https://digitalcontent.api.tesco.com/v2/media/ghs/9d1d6765-6aa6-4b6f-a122-013a38571e83/a7566ded-e7ac-473d-889b-95f64663fdeb_1476823340.jpeg?h=225&w=225,
300935339,Pilgrims Choice Extra Mature Cheddar 550G,https://www.tesco.com/groceries/en-GB/shop/fresh-food/all?department=Cheese&viewAll=department&page=,£4.75,£8.64/kg,,,/groceries/en-GB/products/300935339,https://digitalcontent.api.tesco.com/v2/media/ghs/93036c68-eb3f-4d12-9583-118b1126d85f/cca3c9af-f014-4d48-bfb1-46a85b0545c9_1583810301.jpeg?h=225&w=225,
268900953,Pilgrims Choice Mature Cheddar 350G,https://www.tesco.com/groceries/en-GB/shop/fresh-food/all?department=Cheese&viewAll=department&page=,£3.50,£10.00/kg,£3.00 Clubcard Price,,/groceries/en-GB/products/268900953,https://digitalcontent.api.tesco.com/v2/media/ghs/9cfa12e9-f92f-407f-b547-cb8031580d42/262f00bf-1504-4528-8f17-8fbb17d58034.jpeg?h=225&w=225,
277968663,Cathedral City Mature Grated 180G,https://www.tesco.com/groceries/en-GB/shop/fresh-food/all?department=Cheese&viewAll=department&page=,£2.30,£12.78/kg,Any 2 for £4 Clubcard Price - Selected Sliced And Grated Cheese 150g - 250g,,/groceries/en-GB/products/277968663,https://digitalcontent.api.tesco.com/v2/media/ghs/83895005-e8f1-4142-bb2c-4cd48295d31d/fb914bee-3d44-4194-8e37-32f6ee5b2a55.jpeg?h=225&w=225,
264886952,Tesco British Mild Grated Cheddar 250G,https://www.tesco.com/groceries/en-GB/shop/fresh-food/all?department=Cheese&viewAll=department&page=,£2.50,£10.00/kg,Any 2 for £4 Clubcard Price - Selected Sliced And Grated Cheese 150g - 250g,,/groceries/en-GB/products/264886952,https://digitalcontent.api.tesco.com/v2/media/ghs/0f67d6ff-8ee6-4846-92d4-a92c02d4998e/c79b3525-82e6-4ca4-b446-a76f1ecb70bd.jpeg?h=225&w=225,
273939566,Leerdammer Slices 160G,https://www.tesco.com/groceries/en-GB/shop/fresh-food/all?department=Cheese&viewAll=department&page=,£2.20,£13.75/kg,,,/groceries/en-GB/products/273939566,https://digitalcontent.api.tesco.com/v2/media/ghs/696612cc-a9b7-4919-8d7f-ff6bbc5e9a99/7ec31c0c-d823-4ad2-bc8e-606d7e53dbdf.jpeg?h=225&w=225,
311436216,Philadelphia Light Soft Cheese 280G,https://www.tesco.com/groceries/en-GB/shop/fresh-food/all?department=Cheese&viewAll=department&page=,£3.25,£11.61/kg,,,/groceries/en-GB/products/311436216,https://digitalcontent.api.tesco.com/v2/media/ghs/9e2208bd-332b-46b6-abd2-bd1ce3d3f044/eb6f31a7-0eb1-45c8-8446-8428dad37ef8_1100578718.jpeg?h=225&w=225,
300257410,Tesco British Medium Cheddar Cheese 220G,https://www.tesco.com/groceries/en-GB/shop/fresh-food/all?department=Cheese&viewAll=department&page=,£2.00,£9.10/kg,,,/groceries/en-GB/products/300257410,https://digitalcontent.api.tesco.com/v2/media/ghs/9f2e015f-e8b1-47a6-8a9d-a435d2057c5b/e62d69f8-b0a0-4f0f-805f-525b9e367495.jpeg?h=225&w=225,
273197665,Cheesestring Attack A Snack Ham Wrap 99G,https://www.tesco.com/groceries/en-GB/shop/fresh-food/all?department=Cheese&viewAll=department&page=,£1.50,£15.16/kg,,,/groceries/en-GB/products/273197665,https://digitalcontent.api.tesco.com/v2/media/ghs/4d040e31-6717-4e33-8976-7ace37a06a97/829929b0-aa57-4bc5-94c3-be775fc7968e.jpeg?h=225&w=225,
294770087,Tesco Fat Free Cottage Cheese 300G,https://www.tesco.com/groceries/en-GB/shop/fresh-food/all?department=Cheese&viewAll=department&page=,,,,,/groceries/en-GB/products/294770087,https://digitalcontent.api.tesco.com/v2/media/ghs/c43d4f1c-cdf6-4294-b7da-b07cb5a34d2f/3f66b334-9a7b-4358-9005-cdaf9204c26b.jpeg?h=225&w=225,This product's currently out of stock
259540384,Le Rustique Pasteurised Camembert 250G,https://www.tesco.com/groceries/en-GB/shop/fresh-food/all?department=Cheese&viewAll=department&page=,£2.45,£9.80/kg,,,/groceries/en-GB/products/259540384,https://digitalcontent.api.tesco.com/v2/media/ghs/cd9213f5-86cc-42fc-a225-590e35a5b9ee/5f22765a-a8b8-4460-962a-dbb5384ea509_1610707485.jpeg?h=225&w=225,
312360038,Philadelphia Intense Herbes Provence Soft Cheese 140G,https://www.tesco.com/groceries/en-GB/shop/fresh-food/all?department=Cheese&viewAll=department&page=,£2.25,£16.08/kg,,New,/groceries/en-GB/products/312360038,https://digitalcontent.api.tesco.com/v2/media/ghs/db7d6a51-85a9-4911-a851-fbe2f5bcfddc/d1de4490-03df-43f5-83f4-500a11e15f5a_559143875.jpeg?h=225&w=225,
312564080,Philadelphia Intense Garlic & Herb Soft Cheese 140G,https://www.tesco.com/groceries/en-GB/shop/fresh-food/all?department=Cheese&viewAll=department&page=,£2.25,£16.08/kg,,New,/groceries/en-GB/products/312564080,https://digitalcontent.api.tesco.com/v2/media/ghs/b1197668-5c41-461d-8d11-857ec70b3578/f2eb6558-ea57-4fd6-bda1-0e969f78b071.jpeg?h=225&w=225,
253704327,Tesco Grated Red Leicester Cheese 250G,https://www.tesco.com/groceries/en-GB/shop/fresh-food/all?department=Cheese&viewAll=department&page=,£2.50,£10.00/kg,Any 2 for £4 Clubcard Price - Selected Sliced And Grated Cheese 150g - 250g,,/groceries/en-GB/products/253704327,https://digitalcontent.api.tesco.com/v2/media/ghs/d10b595e-1b7d-4d07-bb7d-2c0cb36613fb/83d337cc-d4fd-497f-ae30-7fcdc446f3c4.jpeg?h=225&w=225,
271646351,Boursin Fig & Nuts 150G,https://www.tesco.com/groceries/en-GB/shop/fresh-food/all?department=Cheese&viewAll=department&page=,£2.20,£14.67/kg,,New,/groceries/en-GB/products/271646351,https://digitalcontent.api.tesco.com/v2/media/ghs/dd87111f-4779-445a-844a-a707b848cb23/37b18124-2db6-40e1-9e9c-cf83a84e9745.jpeg?h=225&w=225,
300257842,Tesco Red Leicester Cheese 220G,https://www.tesco.com/groceries/en-GB/shop/fresh-food/all?department=Cheese&viewAll=department&page=,£2.00,£9.10/kg,,,/groceries/en-GB/products/300257842,https://digitalcontent.api.tesco.com/v2/media/ghs/5b6b09de-f8b2-4fbe-8824-ce712c2f1832/2e8c5724-f84a-465c-8f8f-97720772e658_973468395.jpeg?h=225&w=225,
303870531,Castello Extra Creamy Brie 200G,https://www.tesco.com/groceries/en-GB/shop/fresh-food/all?department=Cheese&viewAll=department&page=,£2.50,£12.50/kg,£2.00 Clubcard Price,,/groceries/en-GB/products/303870531,https://digitalcontent.api.tesco.com/v2/media/ghs/f79c981d-baac-4ed8-ae4b-a4d0cb5a53ed/f5f4fa06-e95d-4d58-83c1-494e48a256b4.jpeg?h=225&w=225,
300257744,Tesco British Mature Cheddar Cheese 220G,https://www.tesco.com/groceries/en-GB/shop/fresh-food/all?department=Cheese&viewAll=department&page=,£2.00,£9.10/kg,,,/groceries/en-GB/products/300257744,https://digitalcontent.api.tesco.com/v2/media/ghs/f316496d-9411-4485-9123-b618269d7056/365fd07a-e11b-4713-bb85-4a245475bc02.jpeg?h=225&w=225,
299769986,Tesco Grated Pecorino Cheese 50G,https://www.tesco.com/groceries/en-GB/shop/fresh-food/all?department=Cheese&viewAll=department&page=,£1.30,£26.00/kg,,,/groceries/en-GB/products/299769986,https://digitalcontent.api.tesco.com/v2/media/ghs/1550854b-b614-48ab-9634-1aac7f84514e/0a12538a-7e41-436f-9389-a2f19db617b1_1238406148.jpeg?h=225&w=225,
310187258,Primula Original Cheese Tube 140G,https://www.tesco.com/groceries/en-GB/shop/fresh-food/all?department=Cheese&viewAll=department&page=,£1.60,£11.43/kg,,,/groceries/en-GB/products/310187258,https://digitalcontent.api.tesco.com/v2/media/ghs/d4bcd329-a430-4057-ae80-557b79ac2fa3/2525aafd-223f-41fb-a3ce-da393786a2c7.jpeg?h=225&w=225,
285140372,Dairylea Regular Triangles 250G,https://www.tesco.com/groceries/en-GB/shop/fresh-food/all?department=Cheese&viewAll=department&page=,£2.50,£10.00/kg,£2.00 Clubcard Price,,/groceries/en-GB/products/285140372,https://digitalcontent.api.tesco.com/v2/media/ghs/6adf547f-2ccc-4982-a977-a6390096d0ad/d3b7b100-f53e-44f4-b833-bd45ebd388e2_1700117227.jpeg?h=225&w=225,
304400809,Creamfields Grated Grana Padano 100G,https://www.tesco.com/groceries/en-GB/shop/fresh-food/all?department=Cheese&viewAll=department&page=,£1.49,£14.90/kg,Aldi Price Match,,/groceries/en-GB/products/304400809,,
312567367,Dairylea Light Cheese Slices 8 Pack 164G,https://www.tesco.com/groceries/en-GB/shop/fresh-food/all?department=Cheese&viewAll=department&page=,£1.45,£8.85/kg,,New,/groceries/en-GB/products/312567367,https://digitalcontent.api.tesco.com/v2/media/ghs/761ed8cb-f778-44d8-b374-7a88db34ff8e/90181481-e194-4f7a-8c18-1833b5c676d0_175783419.jpeg?h=225&w=225,
311679395,Philadelphia Lightest Soft Cheese 165G,https://www.tesco.com/groceries/en-GB/shop/fresh-food/all?department=Cheese&viewAll=department&page=,£2.20,£13.34/kg,£1.25 Clubcard Price,,/groceries/en-GB/products/311679395,https://digitalcontent.api.tesco.com/v2/media/ghs/4fb4199b-c8cd-41cc-a477-c243a9d866d4/188c1e70-e043-4f97-95dd-a3f56952b1ad_1778006146.jpeg?h=225&w=225,
252890607,Saint Agur Blue Cheese 150G,https://www.tesco.com/groceries/en-GB/shop/fresh-food/all?department=Cheese&viewAll=department&page=,£2.70,£18.00/kg,£2.00 Clubcard Price,,/groceries/en-GB/products/252890607,https://digitalcontent.api.tesco.com/v2/media/ghs/19aba5aa-fb28-4f72-8c7a-6d3799df04b6/049fee0d-7a33-4bd1-85a9-4ea8f8f54116.jpeg?h=225&w=225,
299914498,Tesco Emmental Slices 250G,https://www.tesco.com/groceries/en-GB/shop/fresh-food/all?department=Cheese&viewAll=department&page=,£2.50,£10.00/kg,Any 2 for £4 Clubcard Price - Selected Sliced And Grated Cheese 150g - 250g,,/groceries/en-GB/products/299914498,https://digitalcontent.api.tesco.com/v2/media/ghs/09f8bbc4-cf0d-4a55-96f5-a7657c18e01e/6f6614bf-d866-4f39-a92b-e7b8064db231.jpeg?h=225&w=225,
308839556,Philadelphia Light & Tasty Soft Cheese Snack 3 Pack 126G,https://www.tesco.com/groceries/en-GB/shop/fresh-food/all?department=Cheese&viewAll=department&page=,£1.50,£11.91/kg,£1.00 Clubcard Price,,/groceries/en-GB/products/308839556,https://digitalcontent.api.tesco.com/v2/media/ghs/65b25878-a6a5-43f8-8cea-0700edc9a95c/31264720-cbe5-42ed-b201-e4f6e52695b6_1252301865.jpeg?h=225&w=225,
285140426,Dairylea Cheese Triangles 125G,https://www.tesco.com/groceries/en-GB/shop/fresh-food/all?department=Cheese&viewAll=department&page=,£1.50,£12.00/kg,,,/groceries/en-GB/products/285140426,https://digitalcontent.api.tesco.com/v2/media/ghs/a58f1116-2549-4f73-ad07-f6edcdcfc920/e84b0540-1fde-4b79-bcae-29190b33eac4.jpeg?h=225&w=225,
276889389,Tesco Parmigiano Reggiano 100G,https://www.tesco.com/groceries/en-GB/shop/fresh-food/all?department=Cheese&viewAll=department&page=,£2.10,£21.00/kg,,,/groceries/en-GB/products/276889389,https://digitalcontent.api.tesco.com/v2/media/ghs/043e3519-23eb-4b33-972b-d4a96681490e/5cb14178-15a3-4b0c-a465-6be458665671.jpeg?h=225&w=225,
258805200,Seriously Strong Cheddar Cheese Spreadable 125G,https://www.tesco.com/groceries/en-GB/shop/fresh-food/all?department=Cheese&viewAll=department&page=,£1.47,£11.76/kg,Aldi Price Match,,/groceries/en-GB/products/258805200,https://digitalcontent.api.tesco.com/v2/media/ghs/dd53b53e-d847-4b87-9ffe-236b839894aa/2cd533d0-d552-4f47-8e32-dd37e29161c4.jpeg?h=225&w=225,
312833516,Tesco Wensleydale & Sour Cherry 180G,https://www.tesco.com/groceries/en-GB/shop/fresh-food/all?department=Cheese&viewAll=department&page=,£2.60,£1.45/100g,Any 3 for £6 Clubcard Price - Selected Cheese And Sliced Cooked Meats 30g - 220g,,/groceries/en-GB/products/312833516,https://digitalcontent.api.tesco.com/v2/media/ghs/e52cc516-e4fe-4bf2-8f66-df6001dc9e46/f9f35559-41a0-4950-ba94-517d4472d2d7_787873455.jpeg?h=225&w=225,
312828707,Tesco Mature Cheddar Oak Smoked Tomato & Herbs 180G,https://www.tesco.com/groceries/en-GB/shop/fresh-food/all?department=Cheese&viewAll=department&page=,£2.50,£1.39/100g,Any 3 for £6 Clubcard Price - Selected Cheese And Sliced Cooked Meats 30g - 220g,,/groceries/en-GB/products/312828707,https://digitalcontent.api.tesco.com/v2/media/ghs/8c532082-56bc-442a-90b6-56015d97a49b/66baa15e-7908-4af5-8372-2c562972f56d_1612494399.jpeg?h=225&w=225,
254550063,Tesco Reduced Fat Mozzarella 240G,https://www.tesco.com/groceries/en-GB/shop/fresh-food/all?department=Cheese&viewAll=department&page=,£0.90,£7.20/kg DR.WT,,,/groceries/en-GB/products/254550063,https://digitalcontent.api.tesco.com/v2/media/ghs/ba11b1fc-7882-4f54-b78b-cdb49cac864f/9d3d0dd9-e981-4857-b096-1f1756966103.jpeg?h=225&w=225,
301511183,Creamfields Mild White Cheddar Large,https://www.tesco.com/groceries/en-GB/shop/fresh-food/all?department=Cheese&viewAll=department&page=,,,,,/groceries/en-GB/products/301511183,https://digitalcontent.api.tesco.com/v2/media/ghs/2dec7f76-a2f1-49b9-8b59-55de4c187437/5adf0fee-ed85-4758-ac8e-f0fce2882c4d_922898171.jpeg?h=225&w=225,This product's currently out of stock
304390832,Creamfields Grana Padano Wedge 175G,https://www.tesco.com/groceries/en-GB/shop/fresh-food/all?department=Cheese&viewAll=department&page=,£1.79,£10.23/kg,Aldi Price Match,,/groceries/en-GB/products/304390832,https://digitalcontent.api.tesco.com/v2/media/ghs/a2984b3c-29cc-46f5-95ca-cabaede0522b/snapshotimagehandler_746745575.jpeg?h=225&w=225,
297763857,Tesco Finest French Brie With Truffle 135G,https://www.tesco.com/groceries/en-GB/shop/fresh-food/all?department=Cheese&viewAll=department&page=,£2.50,£18.52/kg,,New,/groceries/en-GB/products/297763857,https://digitalcontent.api.tesco.com/v2/media/ghs/8dd62ab9-20c2-416d-a737-cead381b0794/5b481b29-94b4-4cd2-bd11-e49865e6409a.jpeg?h=225&w=225,
258015530,Tesco Mascarpone 250G,https://www.tesco.com/groceries/en-GB/shop/fresh-food/all?department=Cheese&viewAll=department&page=,£1.60,£6.40/kg,,,/groceries/en-GB/products/258015530,https://digitalcontent.api.tesco.com/v2/media/ghs/da5fa451-0c31-4d8e-b335-4e799dfbec67/66c7d118-b127-41c5-abaf-b3764f19b762_1677555940.jpeg?h=225&w=225,
294173984,Tesco Finest Extra Mature English Cheddar 350G,https://www.tesco.com/groceries/en-GB/shop/fresh-food/all?department=Cheese&viewAll=department&page=,£3.25,£9.29/kg,,,/groceries/en-GB/products/294173984,https://digitalcontent.api.tesco.com/v2/media/ghs/8652c398-999a-48d4-bde9-c377adcc7dad/a1e92196-ca62-42bb-9b62-cf9f24f43523.jpeg?h=225&w=225,
264156434,Tesco 10 Extra Mature Cheddar Slices 250G,https://www.tesco.com/groceries/en-GB/shop/fresh-food/all?department=Cheese&viewAll=department&page=,£2.50,£10.00/kg,Any 2 for £4 Clubcard Price - Selected Sliced And Grated Cheese 150g - 250g,,/groceries/en-GB/products/264156434,https://digitalcontent.api.tesco.com/v2/media/ghs/87d04155-357b-441d-8ee0-6717426e0c8e/948c8626-7668-4a99-a68f-c57adecca949_1583810182.jpeg?h=225&w=225,
294174009,Tesco Finest Vintage Cheddar 300G,https://www.tesco.com/groceries/en-GB/shop/fresh-food/all?department=Cheese&viewAll=department&page=,£3.25,£10.84/kg,,,/groceries/en-GB/products/294174009,https://digitalcontent.api.tesco.com/v2/media/ghs/afd43281-1a1a-4e20-986a-7e4230c91859/4a236c6c-0808-4551-97b2-5341e9afcb4b.jpeg?h=225&w=225,
264156267,Tesco 10 Medium Cheddar Slices 250G,https://www.tesco.com/groceries/en-GB/shop/fresh-food/all?department=Cheese&viewAll=department&page=,£2.50,£10.00/kg,Any 2 for £4 Clubcard Price - Selected Sliced And Grated Cheese 150g - 250g,,/groceries/en-GB/products/264156267,https://digitalcontent.api.tesco.com/v2/media/ghs/721a14e0-fb3e-4441-9790-e7d2f3e51aac/5b8d4269-d6b7-49df-be98-ce234abffcb4.jpeg?h=225&w=225,
274436278,Tesco Natural Cottage Cheese Fat 600G,https://www.tesco.com/groceries/en-GB/shop/fresh-food/all?department=Cheese&viewAll=department&page=,£2.50,£4.17/kg,,,/groceries/en-GB/products/274436278,https://digitalcontent.api.tesco.com/v2/media/ghs/d4aa2863-5a64-4597-9c31-dd7dc3d08646/94c1703d-b997-4ba5-9138-428d9b016e25.jpeg?h=225&w=225,
257349263,President 60% Foil Brie 200G,https://www.tesco.com/groceries/en-GB/shop/fresh-food/all?department=Cheese&viewAll=department&page=,£2.55,£12.75/kg,,,/groceries/en-GB/products/257349263,https://digitalcontent.api.tesco.com/v2/media/ghs/9e146b02-b661-4afa-a1f4-14ee51f084d6/10b2e7f6-bff5-4f47-a02f-fe47f47f9085_1716802853.jpeg?h=225&w=225,
309477204,The Laughing Cow Light Cheese Spread Triangles 16Pk 267G,https://www.tesco.com/groceries/en-GB/shop/fresh-food/all?department=Cheese&viewAll=department&page=,£2.50,£9.37/kg,,,/groceries/en-GB/products/309477204,https://digitalcontent.api.tesco.com/v2/media/ghs/af1198b1-0dc8-4602-90e2-de2039d27e9c/4ffd717a-97bd-4c14-8440-14cd5393230f.jpeg?h=225&w=225,
260644617,Chavroux Goat's Cheese Log 150G,https://www.tesco.com/groceries/en-GB/shop/fresh-food/all?department=Cheese&viewAll=department&page=,£2.40,£16.00/kg,,,/groceries/en-GB/products/260644617,https://digitalcontent.api.tesco.com/v2/media/ghs/7a6993ab-273f-4dbd-bfe7-5628007a4b68/3262a5a1-2bab-4fea-aa79-80156cbb71cb.jpeg?h=225&w=225,
260655103,Tesco Finest Reserve Swiss Gruyere 195G,https://www.tesco.com/groceries/en-GB/shop/fresh-food/all?department=Cheese&viewAll=department&page=,£3.50,£17.95/kg,,,/groceries/en-GB/products/260655103,,
302277589,Violife Original Flavour Grated 200G,https://www.tesco.com/groceries/en-GB/shop/fresh-food/all?department=Cheese&viewAll=department&page=,£2.75,£13.75/kg,£2.00 Clubcard Price,,/groceries/en-GB/products/302277589,https://digitalcontent.api.tesco.com/v2/media/ghs/7287feeb-e04b-4491-804d-0db2a09d5da9/4d27c447-762a-4053-8e63-0ca33b7b145f_221646741.jpeg?h=225&w=225,
294770041,Tesco Pineapple 0% Fat Cottage Cheese 300G,https://www.tesco.com/groceries/en-GB/shop/fresh-food/all?department=Cheese&viewAll=department&page=,£1.60,£5.34/kg,,,/groceries/en-GB/products/294770041,https://digitalcontent.api.tesco.com/v2/media/ghs/44a489d3-00ac-4cea-9473-0f62897a6d45/3127dba2-378f-45ec-8393-5d82901e9f11.jpeg?h=225&w=225,
268328438,Galbani Mozzarella Ball 125G,https://www.tesco.com/groceries/en-GB/shop/fresh-food/all?department=Cheese&viewAll=department&page=,£1.80,£14.40/kg DR.WT,,,/groceries/en-GB/products/268328438,https://digitalcontent.api.tesco.com/v2/media/ghs/41a3624b-85e9-4114-8a69-f3d568e4a5f8/ef79189a-5701-4f3a-a70a-0604d9f505c9.jpeg?h=225&w=225,
305990028,Tesco Double Gloucester Cheese 400G,https://www.tesco.com/groceries/en-GB/shop/fresh-food/all?department=Cheese&viewAll=department&page=,£3.00,£7.50/kg,,,/groceries/en-GB/products/305990028,https://digitalcontent.api.tesco.com/v2/media/ghs/a3c25d36-a37b-4cfe-85ad-944b162693eb/0d5e1dfb-f374-4ed0-b640-30934cd785e9.jpeg?h=225&w=225,
262979759,Castello Blue Cheese 150G,https://www.tesco.com/groceries/en-GB/shop/fresh-food/all?department=Cheese&viewAll=department&page=,£2.50,£16.67/kg,,,/groceries/en-GB/products/262979759,https://digitalcontent.api.tesco.com/v2/media/ghs/d3b36647-0fb9-427f-b398-a245d39f8d94/7ef628c0-d7b0-4cda-af1f-830cee0bbb21.jpeg?h=225&w=225,
258061140,British Goats Cheese 125G,https://www.tesco.com/groceries/en-GB/shop/fresh-food/all?department=Cheese&viewAll=department&page=,£2.20,£17.60/kg,,,/groceries/en-GB/products/258061140,https://digitalcontent.api.tesco.com/v2/media/ghs/9a6ef957-1af0-402d-a63e-51870cb5bf92/1f00003d-8895-41e2-b933-9128ff6c915f.jpeg?h=225&w=225,
258771630,Tesco Wensleydale & Cranberries 200G,https://www.tesco.com/groceries/en-GB/shop/fresh-food/all?department=Cheese&viewAll=department&page=,£2.20,£11.00/kg,,,/groceries/en-GB/products/258771630,https://digitalcontent.api.tesco.com/v2/media/ghs/4582537b-406d-446d-afe1-d986555f5cf1/0247d4c8-4253-479e-9845-97cf6d68a117.jpeg?h=225&w=225,
264156405,Tesco 10 Red Leicester Slices 250G,https://www.tesco.com/groceries/en-GB/shop/fresh-food/all?department=Cheese&viewAll=department&page=,£2.50,£10.00/kg,Any 2 for £4 Clubcard Price - Selected Sliced And Grated Cheese 150g - 250g,,/groceries/en-GB/products/264156405,https://digitalcontent.api.tesco.com/v2/media/ghs/859cf8fc-21e5-4782-a5ee-f67df89324d4/7ba45bfc-c29a-44d7-8e48-21633524be60.jpeg?h=225&w=225,
250065690,Galbani Mozzarella Maxi 250G,https://www.tesco.com/groceries/en-GB/shop/fresh-food/all?department=Cheese&viewAll=department&page=,£2.70,£10.80/kg DR.WT,£2.00 Clubcard Price,,/groceries/en-GB/products/250065690,https://digitalcontent.api.tesco.com/v2/media/ghs/315f6075-53ca-4f6a-a5b8-0982eae87fab/0bb5f1e1-47a1-4ad4-b3de-70db866c4616.jpeg?h=225&w=225,
308829319,Dairylea Lunchables Chicken & Cheese 68.3G,https://www.tesco.com/groceries/en-GB/shop/fresh-food/all?department=Cheese&viewAll=department&page=,£1.55,£22.70/kg,£1.25 Clubcard Price,,/groceries/en-GB/products/308829319,https://digitalcontent.api.tesco.com/v2/media/ghs/088f84ae-9f62-43c8-b918-895e199d8d85/d9c77182-1208-4dce-b679-6eb56eeebdb0_581787558.jpeg?h=225&w=225,
309188955,Tesco British Brie 160G,https://www.tesco.com/groceries/en-GB/shop/fresh-food/all?department=Cheese&viewAll=department&page=,£1.90,£11.88/kg,,,/groceries/en-GB/products/309188955,https://digitalcontent.api.tesco.com/v2/media/ghs/9c1e766f-3ee8-43d7-95eb-31198a77f3ef/45a95cf8-f0bb-457f-912c-68ac20e229ba.jpeg?h=225&w=225,
305943022,Tesco 30% Reduced Fat Medium Cheese 400G,https://www.tesco.com/groceries/en-GB/shop/fresh-food/all?department=Cheese&viewAll=department&page=,£3.00,£7.50/kg,,,/groceries/en-GB/products/305943022,https://digitalcontent.api.tesco.com/v2/media/ghs/b68d48bf-798c-45dd-a3f9-186811e022c6/ee421505-6f56-4b84-9343-cfbe6bf06c49.jpeg?h=225&w=225,
303806049,Creamfields Grated Mature Cheddar 250G,https://www.tesco.com/groceries/en-GB/shop/fresh-food/all?department=Cheese&viewAll=department&page=,£1.99,£7.96/kg,Aldi Price Match,,/groceries/en-GB/products/303806049,https://digitalcontent.api.tesco.com/v2/media/ghs/e43c4458-b41f-4bad-87ee-256a7e2582ed/14974913-2c04-406f-84bc-8fd00b3e521c_1777647203.jpeg?h=225&w=225,
264252101,Tesco Lighter Greek Salad Cheese 200G,https://www.tesco.com/groceries/en-GB/shop/fresh-food/all?department=Cheese&viewAll=department&page=,£1.35,£6.75/kg,,,/groceries/en-GB/products/264252101,https://digitalcontent.api.tesco.com/v2/media/ghs/59cabd42-c0bd-42c3-9fbb-56fec896ca16/4e994845-529a-4b85-9359-3bc616ec78f4.jpeg?h=225&w=225,
312849826,Tesco Finest Black Garlic Infused Aged Sheep's Cheese 150G,https://www.tesco.com/groceries/en-GB/shop/fresh-food/all?department=Cheese&viewAll=department&page=,£2.75,£18.34/kg,Any 3 for £6 Clubcard Price - Selected Cheese And Sliced Cooked Meats 30g - 220g,,/groceries/en-GB/products/312849826,https://digitalcontent.api.tesco.com/v2/media/ghs/9c673849-8d8b-47fe-b9e3-316168c1b95c/e58c9be7-8116-4c46-877b-35c1e7ab347a_87422394.jpeg?h=225&w=225,
303618060,Tesco Soft Cheese 50% Less Fat Garlic & Herb 200G,https://www.tesco.com/groceries/en-GB/shop/fresh-food/all?department=Cheese&viewAll=department&page=,£1.20,£6.00/kg,,,/groceries/en-GB/products/303618060,https://digitalcontent.api.tesco.com/v2/media/ghs/4997dd69-3112-4f68-bffb-b72a8ff3cee0/49f1c75f-8ac6-4879-9213-325e128cc18f.jpeg?h=225&w=225,
276877236,Seriously Strong Lighter Cheese Spreadable 125G,https://www.tesco.com/groceries/en-GB/shop/fresh-food/all?department=Cheese&viewAll=department&page=,£1.47,£11.76/kg,Aldi Price Match,,/groceries/en-GB/products/276877236,https://digitalcontent.api.tesco.com/v2/media/ghs/84d2408e-54ec-46d6-b962-39926ee91c9c/02fed824-eae1-4515-8722-b19a71c386bd.jpeg?h=225&w=225,
311794004,Philadelphia Garlic & Herbs Soft Cheese 165G,https://www.tesco.com/groceries/en-GB/shop/fresh-food/all?department=Cheese&viewAll=department&page=,£2.20,£13.34/kg,£1.25 Clubcard Price,,/groceries/en-GB/products/311794004,https://digitalcontent.api.tesco.com/v2/media/ghs/3114c847-2b5e-4637-aef6-b121c1836e87/74b024e5-d09a-45ba-a394-078e687b35e5_781799042.jpeg?h=225&w=225,
258005559,Tesco Smoked Cheese 125G,https://www.tesco.com/groceries/en-GB/shop/fresh-food/all?department=Cheese&viewAll=department&page=,£1.50,£12.00/kg,,,/groceries/en-GB/products/258005559,https://digitalcontent.api.tesco.com/v2/media/ghs/87891076-812d-4d19-be79-42d71752e8dd/b83ba242-c9ae-4a27-98b3-c211e1bad168.jpeg?h=225&w=225,
257596614,Tesco Ricotta 250G,https://www.tesco.com/groceries/en-GB/shop/fresh-food/all?department=Cheese&viewAll=department&page=,£1.30,£5.20/kg,,,/groceries/en-GB/products/257596614,https://digitalcontent.api.tesco.com/v2/media/ghs/c3137d69-9c57-45e8-aae0-26df169ac210/184371cb-f7ff-4a11-8043-53e6cd2fe8b7.jpeg?h=225&w=225,
274219518,Tesco 10 Mature Singles 200G,https://www.tesco.com/groceries/en-GB/shop/fresh-food/all?department=Cheese&viewAll=department&page=,£1.25,£6.25/kg,,,/groceries/en-GB/products/274219518,https://digitalcontent.api.tesco.com/v2/media/ghs/efe5b205-dee6-4687-8e75-f5353489e087/034f652a-d38e-42c9-8158-d029d062d3f7.jpeg?h=225&w=225,
299914861,Creamfields Greek Style Salad Cheese 200G,https://www.tesco.com/groceries/en-GB/shop/fresh-food/all?department=Cheese&viewAll=department&page=,£0.70,£3.50/kg,Aldi Price Match,,/groceries/en-GB/products/299914861,https://digitalcontent.api.tesco.com/v2/media/ghs/b660095f-c455-4639-a475-5264a71d336a/a82d2619-b04d-436b-807c-82dacb9bc6f2_373824515.jpeg?h=225&w=225,
293257410,Pilgrims Choice Mature Cheddar 550G,https://www.tesco.com/groceries/en-GB/shop/fresh-food/all?department=Cheese&viewAll=department&page=,£4.75,£8.64/kg,,,/groceries/en-GB/products/293257410,https://digitalcontent.api.tesco.com/v2/media/ghs/f1155784-77b2-40eb-b083-6e727ef81b47/a9c62d77-6de4-4eeb-93a5-f1282abf5913_1926525789.jpeg?h=225&w=225,
277759790,Davidstow Extra Mature Crackler 320G,https://www.tesco.com/groceries/en-GB/shop/fresh-food/all?department=Cheese&viewAll=department&page=,£4.40,£13.75/kg,£3.50 Clubcard Price,,/groceries/en-GB/products/277759790,https://digitalcontent.api.tesco.com/v2/media/ghs/fdae35cc-7853-4055-ac70-cbbb46f0258d/8ebb1939-848b-4d4d-98c3-e15f6d4e8ba1.jpeg?h=225&w=225,
285363364,Violife Original Sliced 200G,https://www.tesco.com/groceries/en-GB/shop/fresh-food/all?department=Cheese&viewAll=department&page=,£2.75,£13.75/kg,£2.00 Clubcard Price,,/groceries/en-GB/products/285363364,https://digitalcontent.api.tesco.com/v2/media/ghs/7bb04fb2-95cd-4e9c-aa24-ac7ae3da9124/84537faf-05f7-4de7-bf13-975ccfe98045.jpeg?h=225&w=225,
302461458,Cathedral City Nibbles Cheese 5X16g,https://www.tesco.com/groceries/en-GB/shop/fresh-food/all?department=Cheese&viewAll=department&page=,£1.75,£21.88/kg,,,/groceries/en-GB/products/302461458,https://digitalcontent.api.tesco.com/v2/media/ghs/986f53de-b2ee-48ec-898d-926b72338384/1f77814e-ae3f-4b90-b33d-d2450a4096e5_186085994.jpeg?h=225&w=225,
308854318,Dairylea Dunkers Ritz Cheese Snacks 6 Pack 258G,https://www.tesco.com/groceries/en-GB/shop/fresh-food/all?department=Cheese&viewAll=department&page=,£3.30,£12.80/kg,,,/groceries/en-GB/products/308854318,https://digitalcontent.api.tesco.com/v2/media/ghs/2424773e-5c23-445e-a115-e1a6e2fc9756/313f1fb1-1e74-46ab-9ba1-3790ac2a3aa2_1930322424.jpeg?h=225&w=225,
312351579,Cathedral City Dairy Free Grated 150G,https://www.tesco.com/groceries/en-GB/shop/fresh-food/all?department=Cheese&viewAll=department&page=,£2.30,£15.34/kg,Any 2 for £4 Clubcard Price - Selected Sliced And Grated Cheese 150g - 250g,,/groceries/en-GB/products/312351579,https://digitalcontent.api.tesco.com/v2/media/ghs/3c59da44-c47b-4377-ab1e-71fbb088fb88/f50194ca-76b5-4ab0-9098-7d1e27649997_1786411197.jpeg?h=225&w=225,
260794122,Port Salut 185G,https://www.tesco.com/groceries/en-GB/shop/fresh-food/all?department=Cheese&viewAll=department&page=,£2.30,£12.44/kg,,,/groceries/en-GB/products/260794122,https://digitalcontent.api.tesco.com/v2/media/ghs/a1463563-a684-47e8-8a6f-c47df624125c/228d4b1b-3afd-4812-8821-67b73874ec80.jpeg?h=225&w=225,
305972822,Violife Vegan Epic Mature Cheddar Flavoured Block 200G,https://www.tesco.com/groceries/en-GB/shop/fresh-food/all?department=Cheese&viewAll=department&page=,£2.75,£0.00/null,£2.00 Clubcard Price,,/groceries/en-GB/products/305972822,https://digitalcontent.api.tesco.com/v2/media/ghs/b742a9bb-36fa-4bf0-8ea4-e21b3ddf0800/fb207e12-dab1-4b0e-9845-f4917e4be8c3_1605339625.jpeg?h=225&w=225,
273196620,Cheesestring Attack A Snack Chicken Wrap 99G,https://www.tesco.com/groceries/en-GB/shop/fresh-food/all?department=Cheese&viewAll=department&page=,£1.50,£15.16/kg,,,/groceries/en-GB/products/273196620,https://digitalcontent.api.tesco.com/v2/media/ghs/6d9d9233-940d-4e7c-825d-c6a921b5acf2/0413ad43-2412-4c99-b229-c7b3fb6fb04f.jpeg?h=225&w=225,
309167312,Philadelphia Plant-Based Almond & Oat Soft Cheese Alternative 150G,https://www.tesco.com/groceries/en-GB/shop/fresh-food/all?department=Cheese&viewAll=department&page=,£2.75,£18.34/kg,£2.00 Clubcard Price,,/groceries/en-GB/products/309167312,https://digitalcontent.api.tesco.com/v2/media/ghs/528b36fe-4b2d-4f10-9d43-a9338976f45a/2545982f-1b86-4b7f-a682-2ba928e7c351_95769117.jpeg?h=225&w=225,
300257018,Tesco British Mild Cheddar Cheese 220G,https://www.tesco.com/groceries/en-GB/shop/fresh-food/all?department=Cheese&viewAll=department&page=,£2.00,£9.10/kg,,,/groceries/en-GB/products/300257018,https://digitalcontent.api.tesco.com/v2/media/ghs/1c6dd2f3-e598-4f3f-88ab-40585112b8c2/c0d1bbf4-9735-41f0-ad61-bd1076812f98.jpeg?h=225&w=225,
302295862,Cathedral City Mini Mature Lighter Cheese 6 X 20G,https://www.tesco.com/groceries/en-GB/shop/fresh-food/all?department=Cheese&viewAll=department&page=,£1.90,£15.84/kg,,,/groceries/en-GB/products/302295862,https://digitalcontent.api.tesco.com/v2/media/ghs/f9c7fe8e-17ac-43f5-a495-2e7d5c6b652f/c77474e3-e50f-4dfe-83d0-fe6353b7036a_1476658091.jpeg?h=225&w=225,
306504063,Cathedal City Mature Lighter 550G,https://www.tesco.com/groceries/en-GB/shop/fresh-food/all?department=Cheese&viewAll=department&page=,£5.25,£9.55/kg,£3.75 Clubcard Price,,/groceries/en-GB/products/306504063,https://digitalcontent.api.tesco.com/v2/media/ghs/4b4b63ef-5156-4038-8a64-ade3936803e1/0b2c19f3-9846-478d-93e9-4380ebaa5e57_1309025480.jpeg?h=225&w=225,
255721257,Philadelphia Light Mini Tub 140G (4X35g),https://www.tesco.com/groceries/en-GB/shop/fresh-food/all?department=Cheese&viewAll=department&page=,£1.95,£13.93/kg,,,/groceries/en-GB/products/255721257,https://digitalcontent.api.tesco.com/v2/media/ghs/4d553709-aa42-477b-a96d-f9a99dabfe95/c7ebee50-3435-4262-981f-f88e592504fe.jpeg?h=225&w=225,
277248375,Tesco Finest Manchego 175G,https://www.tesco.com/groceries/en-GB/shop/fresh-food/all?department=Cheese&viewAll=department&page=,£3.50,£20.00/kg,,,/groceries/en-GB/products/277248375,https://digitalcontent.api.tesco.com/v2/media/ghs/76238461-8481-4abd-8435-c742a5887424/7bcc1bf1-4b0f-4db9-8a0e-2c0d6221d49e.jpeg?h=225&w=225,
282111218,Laughing Cow Dip And Crunch Original 140G,https://www.tesco.com/groceries/en-GB/shop/fresh-food/all?department=Cheese&viewAll=department&page=,£1.50,£10.72/kg,,,/groceries/en-GB/products/282111218,https://digitalcontent.api.tesco.com/v2/media/ghs/9f528e6b-ac73-479b-8c44-fd3a1254df8a/b5c56084-5972-4997-8bfb-04c5b2f954c3.jpeg?h=225&w=225,
312098470,Tesco Feta Cubes 410G,https://www.tesco.com/groceries/en-GB/shop/fresh-food/all?department=Cheese&viewAll=department&page=,£2.00,£13.34/kg DR.WT,,New,/groceries/en-GB/products/312098470,https://digitalcontent.api.tesco.com/v2/media/ghs/fc43bbf7-9de0-418f-9938-1c1be2b2563d/72a46a1f-89ec-4e55-b0e9-6d6ab54fec71_972703885.jpeg?h=225&w=225,
276772509,Tesco Finest Parmigiano Reggiano Parmesan 170G,https://www.tesco.com/groceries/en-GB/shop/fresh-food/all?department=Cheese&viewAll=department&page=,£3.50,£20.59/kg,,,/groceries/en-GB/products/276772509,https://digitalcontent.api.tesco.com/v2/media/ghs/63ee4ccc-214f-4865-981f-9ddb148b9a41/12b41920-a5e8-42cd-bc2e-8a072ca467d6.jpeg?h=225&w=225,
260650477,Apetina Cubes 200G,https://www.tesco.com/groceries/en-GB/shop/fresh-food/all?department=Cheese&viewAll=department&page=,£2.20,£11.00/kg DR.WT,,,/groceries/en-GB/products/260650477,https://digitalcontent.api.tesco.com/v2/media/ghs/cac68a93-703a-4c50-9a7b-d09de862fe8c/0c21fd9d-aba7-4bc9-98cd-cd4949a7d705.jpeg?h=225&w=225,
310131739,Primula Cheese & Ham Tube 140G,https://www.tesco.com/groceries/en-GB/shop/fresh-food/all?department=Cheese&viewAll=department&page=,£1.60,£11.43/kg,,,/groceries/en-GB/products/310131739,https://digitalcontent.api.tesco.com/v2/media/ghs/55dc9666-a319-4533-9d53-098511707465/979d199b-9972-45dc-b451-91a4cbf6b801_1634438763.jpeg?h=225&w=225,
308833879,Dairylea Dunkers Nacho Cheese Snack 4 Pack 172G,https://www.tesco.com/groceries/en-GB/shop/fresh-food/all?department=Cheese&viewAll=department&page=,£2.25,£13.09/kg,£1.75 Clubcard Price,,/groceries/en-GB/products/308833879,https://digitalcontent.api.tesco.com/v2/media/ghs/2af4968d-aa97-42c7-b901-079c39388f30/01a31acc-cbb8-4e5a-9a86-a1a1a8847f5d_360880100.jpeg?h=225&w=225,
308832362,Dairylea Dunkers Breadsticks Cheese Snack 4 Pack 172G,https://www.tesco.com/groceries/en-GB/shop/fresh-food/all?department=Cheese&viewAll=department&page=,£2.25,£13.09/kg,£1.75 Clubcard Price,,/groceries/en-GB/products/308832362,https://digitalcontent.api.tesco.com/v2/media/ghs/900f5d89-dc67-4705-9f90-6bf9351f1146/3632a2f7-8f36-4bba-b004-a4107d3ccb83_1923820194.jpeg?h=225&w=225,
309183540,Tesco Mozzarella Slices 250G,https://www.tesco.com/groceries/en-GB/shop/fresh-food/all?department=Cheese&viewAll=department&page=,£2.50,£10.00/kg,Any 2 for £4 Clubcard Price - Selected Sliced And Grated Cheese 150g - 250g,,/groceries/en-GB/products/309183540,https://digitalcontent.api.tesco.com/v2/media/ghs/df50f24b-0cc6-4fa1-b32f-410c81d5b481/bad3d315-2882-433f-8e1a-93c3f2ac3c0f.jpeg?h=225&w=225,
300000046,Tesco British Mild Cheddar Snack Sticks 5X20g,https://www.tesco.com/groceries/en-GB/shop/fresh-food/all?department=Cheese&viewAll=department&page=,£1.45,£14.50/kg,,,/groceries/en-GB/products/300000046,https://digitalcontent.api.tesco.com/v2/media/ghs/6a3aa9ba-aada-42c6-9b9e-5bc898f23615/0773dba2-acad-4bad-b115-96fcdbde0033.jpeg?h=225&w=225,
303851911,Seriously Cheese Vintage Cheddar Spreadable 125G,https://www.tesco.com/groceries/en-GB/shop/fresh-food/all?department=Cheese&viewAll=department&page=,£1.47,£11.76/kg,Aldi Price Match,,/groceries/en-GB/products/303851911,https://digitalcontent.api.tesco.com/v2/media/ghs/8faaf693-da85-4636-8dcb-f89095de96b3/35d8d57c-b6dd-4554-a021-8a8edcbbbaaa_699777565.jpeg?h=225&w=225,
254908718,Shagun Paneer Cheese,https://www.tesco.com/groceries/en-GB/shop/fresh-food/all?department=Cheese&viewAll=department&page=,£1.82,£7.90/kg,,,/groceries/en-GB/products/254908718,https://digitalcontent.api.tesco.com/v2/media/ghs/8e1943f7-35aa-492b-9785-2847d722228f/bc709e20-6ad5-4cda-a96c-f5e42b06be4f_508853546.jpeg?h=225&w=225,
305948529,Tesco Organic Mature Cheddar 400G,https://www.tesco.com/groceries/en-GB/shop/fresh-food/all?department=Cheese&viewAll=department&page=,£4.45,£11.13/kg,,,/groceries/en-GB/products/305948529,https://digitalcontent.api.tesco.com/v2/media/ghs/a2c92f8f-dbd8-43f3-8313-bee89901f8bc/c823e742-ee2e-411c-b357-4684bb6e4a88.jpeg?h=225&w=225,
312563271,Cathedral City Dairy Free Block 280G,https://www.tesco.com/groceries/en-GB/shop/fresh-food/all?department=Cheese&viewAll=department&page=,£3.60,£12.86/kg,,,/groceries/en-GB/products/312563271,https://digitalcontent.api.tesco.com/v2/media/ghs/f50cd2c1-e9ae-4dce-8857-cd0d2da321a8/5a578978-417c-431e-868c-c8b0eee326cf_499322874.jpeg?h=225&w=225,
254909625,Shagun Diced Paneer Cheese 500G,https://www.tesco.com/groceries/en-GB/shop/fresh-food/all?department=Cheese&viewAll=department&page=,£3.95,£7.90/kg,,,/groceries/en-GB/products/254909625,https://digitalcontent.api.tesco.com/v2/media/ghs/cd0a658c-c7b3-4db8-bca9-710581a09416/snapshotimagehandler_658521835.jpeg?h=225&w=225,
277759611,Davidstow Mature Cornish Classic Cheddar 350G,https://www.tesco.com/groceries/en-GB/shop/fresh-food/all?department=Cheese&viewAll=department&page=,£4.40,£12.58/kg,£3.50 Clubcard Price,,/groceries/en-GB/products/277759611,https://digitalcontent.api.tesco.com/v2/media/ghs/70b2193f-0609-4820-bc57-919e6e0fd467/037e7e55-fa31-4b54-a548-a5079a33c93e.jpeg?h=225&w=225,
268111124,Pilgrims Choice Lighter Mature Cheddar Cheese 350G,https://www.tesco.com/groceries/en-GB/shop/fresh-food/all?department=Cheese&viewAll=department&page=,£3.50,£10.00/kg,£3.00 Clubcard Price,,/groceries/en-GB/products/268111124,https://digitalcontent.api.tesco.com/v2/media/ghs/4d0fdb0c-18c0-4157-826f-3bed7703e2c5/6829b981-20b9-4721-8bcf-c5ff55b649df.jpeg?h=225&w=225,
266659527,Mexicana Slices 160G,https://www.tesco.com/groceries/en-GB/shop/fresh-food/all?department=Cheese&viewAll=department&page=,£2.50,£15.63/kg,Any 2 for £4 Clubcard Price - Selected Sliced And Grated Cheese 150g - 250g,,/groceries/en-GB/products/266659527,https://digitalcontent.api.tesco.com/v2/media/ghs/912ef9c4-ae2b-47aa-9a2e-6e2872856d66/1bd6583c-9c93-4911-b54d-5586255e30a9.jpeg?h=225&w=225,
266659562,Applewood Slices 160G,https://www.tesco.com/groceries/en-GB/shop/fresh-food/all?department=Cheese&viewAll=department&page=,£2.50,£15.63/kg,Any 2 for £4 Clubcard Price - Selected Sliced And Grated Cheese 150g - 250g,,/groceries/en-GB/products/266659562,https://digitalcontent.api.tesco.com/v2/media/ghs/549a8fe5-7449-4f42-ad36-fef3f9af3dad/9a04d52f-120f-4e16-af55-7c423c89f993_466936568.jpeg?h=225&w=225,
285363243,Violife Original Soft Cheese Dairy Alternative 200G,https://www.tesco.com/groceries/en-GB/shop/fresh-food/all?department=Cheese&viewAll=department&page=,£2.75,£13.75/kg,,,/groceries/en-GB/products/285363243,https://digitalcontent.api.tesco.com/v2/media/ghs/1a0b7a7c-64f9-405e-abff-60ed098d0e45/c5dac983-8967-4414-8ec4-b56bad8709d9.jpeg?h=225&w=225,
302219551,Cathedral City Lactose Free Mature Cheddar 200G,https://www.tesco.com/groceries/en-GB/shop/fresh-food/all?department=Cheese&viewAll=department&page=,£2.65,£13.25/kg,,,/groceries/en-GB/products/302219551,https://digitalcontent.api.tesco.com/v2/media/ghs/776c178e-a123-4925-91aa-32e8effdedc5/7ff2305a-cc80-4de8-9adf-c8ddb8100f56_1158262207.jpeg?h=225&w=225,
297539398,Tesco Finest Aged Blue Stilton 400G,https://www.tesco.com/groceries/en-GB/shop/fresh-food/all?department=Cheese&viewAll=department&page=,£4.00,£10.00/kg,,New,/groceries/en-GB/products/297539398,https://digitalcontent.api.tesco.com/v2/media/ghs/d4d00283-9738-4e1b-a45a-8b2e1a46db00/b8399e88-bfe7-4d26-b92b-15b7f24bd1ff_1449916070.jpeg?h=225&w=225,
311795585,Philadelphia Garlic & Herbs Soft Cheese 280G,https://www.tesco.com/groceries/en-GB/shop/fresh-food/all?department=Cheese&viewAll=department&page=,£3.25,£11.61/kg,,,/groceries/en-GB/products/311795585,https://digitalcontent.api.tesco.com/v2/media/ghs/d675fa8a-0c8b-4455-8985-583a423522d3/bc6530f1-e41f-421d-af65-ee48bed7f7f1_931566998.jpeg?h=225&w=225,
309479352,The Laughing Cow Original Cheese Spread Triangles 16Pk 267G,https://www.tesco.com/groceries/en-GB/shop/fresh-food/all?department=Cheese&viewAll=department&page=,£2.50,£9.37/kg,,,/groceries/en-GB/products/309479352,https://digitalcontent.api.tesco.com/v2/media/ghs/7a1def76-b493-4c99-8b31-65db343bf829/deb6c789-8c79-4b62-8c3c-f8c1dbf08cc6_38205401.jpeg?h=225&w=225,
309769019,Tesco Chilli Cheese Mix 200G,https://www.tesco.com/groceries/en-GB/shop/fresh-food/all?department=Cheese&viewAll=department&page=,£2.50,£12.50/kg,Any 2 for £4 Clubcard Price - Selected Sliced And Grated Cheese 150g - 250g,,/groceries/en-GB/products/309769019,https://digitalcontent.api.tesco.com/v2/media/ghs/7ffc3d0e-d2c7-4076-8132-75196e723cf7/f9243908-33ea-430c-b3b8-9e124b33c019.jpeg?h=225&w=225,
288986181,Cathedral City Mild Cheddar 550G,https://www.tesco.com/groceries/en-GB/shop/fresh-food/all?department=Cheese&viewAll=department&page=,£5.25,£9.55/kg,£3.75 Clubcard Price,,/groceries/en-GB/products/288986181,https://digitalcontent.api.tesco.com/v2/media/ghs/954a8ad1-b1ae-4dfc-a32e-73f6ae787357/b6a34d5a-d6e2-471b-8ba8-5dd34d676e5f_1475535322.jpeg?h=225&w=225,
309193891,Attack A Snack Pepperoni & Cheese Wrap Kit 90G,https://www.tesco.com/groceries/en-GB/shop/fresh-food/all?department=Cheese&viewAll=department&page=,£1.50,£16.67/kg,,,/groceries/en-GB/products/309193891,https://digitalcontent.api.tesco.com/v2/media/ghs/6ec9768a-e0ed-430e-8a19-a2671f1efa59/4e5adb26-6ca5-45de-8ab7-ef4647daa012.jpeg?h=225&w=225,
274438466,The Laughing Cow Light Blue Triangles 128G,https://www.tesco.com/groceries/en-GB/shop/fresh-food/all?department=Cheese&viewAll=department&page=,£1.60,£12.50/kg,,,/groceries/en-GB/products/274438466,https://digitalcontent.api.tesco.com/v2/media/ghs/4a2df492-960e-475b-9c0d-56b8c1927c09/59529f87-cac8-4ce7-aeab-c365cf49b2a5.jpeg?h=225&w=225,
275566531,Tesco Medium Fat Edam Cheese 310G,https://www.tesco.com/groceries/en-GB/shop/fresh-food/all?department=Cheese&viewAll=department&page=,£2.80,£9.04/kg,,,/groceries/en-GB/products/275566531,https://digitalcontent.api.tesco.com/v2/media/ghs/22a65d3a-f37d-4759-b9b5-13680819c973/0df26e6a-bbc6-4c10-991d-fbccab076637.jpeg?h=225&w=225,
256245767,Dairylea Strip Cheese 8 Pack 168G,https://www.tesco.com/groceries/en-GB/shop/fresh-food/all?department=Cheese&viewAll=department&page=,£2.00,£11.91/kg,,,/groceries/en-GB/products/256245767,https://digitalcontent.api.tesco.com/v2/media/ghs/dc950151-3d50-46a5-87b9-485c1b929921/9b8555ae-171a-4366-a1b3-d3f496939230.jpeg?h=225&w=225,
255375931,Boursin Garlic & Herbs 6 Pack 96G,https://www.tesco.com/groceries/en-GB/shop/fresh-food/all?department=Cheese&viewAll=department&page=,£1.90,£19.80/kg,,,/groceries/en-GB/products/255375931,https://digitalcontent.api.tesco.com/v2/media/ghs/6d102139-ec48-4442-9985-bf8ad572339a/ba11eae1-304e-4c8b-b8ef-3bb9c36d4820.jpeg?h=225&w=225,
260671636,Tesco Organic Greek Feta 200G,https://www.tesco.com/groceries/en-GB/shop/fresh-food/all?department=Cheese&viewAll=department&page=,£2.35,£11.75/kg,,,/groceries/en-GB/products/260671636,https://digitalcontent.api.tesco.com/v2/media/ghs/658b9630-e1fe-46ee-8b10-e204a3206bb5/1413a21a-819c-4e27-a25f-828eb079730d.jpeg?h=225&w=225,
302489656,Peperami & Cheese Snack Box 50G,https://www.tesco.com/groceries/en-GB/shop/fresh-food/all?department=Cheese&viewAll=department&page=,£1.50,£3.00/100g,£1.25 Clubcard Price,,/groceries/en-GB/products/302489656,https://digitalcontent.api.tesco.com/v2/media/ghs/6e31572d-5aa1-4fd7-8a3c-fd3ad9b235e7/f4430077-2e24-4ad7-bbae-2c1161b260de.jpeg?h=225&w=225,
308472089,Graham's Natural Cottage Cheese Full Fat 300G,https://www.tesco.com/groceries/en-GB/shop/fresh-food/all?department=Cheese&viewAll=department&page=,£1.55,£5.17/kg,,,/groceries/en-GB/products/308472089,https://digitalcontent.api.tesco.com/v2/media/ghs/b485f7ea-b8b4-4567-b483-479dc4d0623f/9d08609e-4368-4dab-9120-7e3b88fc17b2.jpeg?h=225&w=225,
273197423,Cheestrings Twister 4 Pack 80G,https://www.tesco.com/groceries/en-GB/shop/fresh-food/all?department=Cheese&viewAll=department&page=,£1.75,£21.88/kg,,,/groceries/en-GB/products/273197423,https://digitalcontent.api.tesco.com/v2/media/ghs/0fed590f-a0fb-490a-824c-e4f49291d2fe/8f0d963b-2af8-4867-95cb-be4f33e602fd.jpeg?h=225&w=225,
299980775,Tesco 50% Reduced Fat Fat Mature Cheese 220G,https://www.tesco.com/groceries/en-GB/shop/fresh-food/all?department=Cheese&viewAll=department&page=,£2.00,£9.10/kg,,,/groceries/en-GB/products/299980775,https://digitalcontent.api.tesco.com/v2/media/ghs/51b87a58-cd42-48c1-9274-79415b091405/41e43fbd-465e-4dc2-acc1-a0f275dcde68.jpeg?h=225&w=225,
300000069,Tesco British Mature Cheddar Snack Sticks 5X20g,https://www.tesco.com/groceries/en-GB/shop/fresh-food/all?department=Cheese&viewAll=department&page=,£1.45,£14.50/kg,,,/groceries/en-GB/products/300000069,https://digitalcontent.api.tesco.com/v2/media/ghs/de34e935-1a43-4d79-8337-ed4e4550df09/f8160be4-1fa8-431d-bf8e-c3ac3fbb02b7.jpeg?h=225&w=225,
302312682,Dairylea Lunchables Mini Pizza Snacks 65G,https://www.tesco.com/groceries/en-GB/shop/fresh-food/all?department=Cheese&viewAll=department&page=,£1.55,£2.39/kg,£1.25 Clubcard Price,,/groceries/en-GB/products/302312682,https://digitalcontent.api.tesco.com/v2/media/ghs/ae840e94-138e-4645-9e78-09a4a27a5b9c/b403e473-20c5-42f0-b0c7-4e594197ae34_1460386188.jpeg?h=225&w=225,
310169171,Primula Cheese & Chive Tube 140G,https://www.tesco.com/groceries/en-GB/shop/fresh-food/all?department=Cheese&viewAll=department&page=,£1.60,£11.43/kg,,,/groceries/en-GB/products/310169171,https://digitalcontent.api.tesco.com/v2/media/ghs/f6dcc1b3-c312-49bd-8c22-02cce3f5fcc8/378e5e87-f367-4fdc-9273-969d6299e378_834965816.jpeg?h=225&w=225,
264186605,Marmite Bites 100G (5X20g),https://www.tesco.com/groceries/en-GB/shop/fresh-food/all?department=Cheese&viewAll=department&page=,£1.50,£15.00/kg,,,/groceries/en-GB/products/264186605,https://digitalcontent.api.tesco.com/v2/media/ghs/3a28ca8d-4433-4a17-a108-7b4af408120c/09ca1810-7473-484e-81ab-75e598af04eb.jpeg?h=225&w=225,
282335126,President Emmental 200G,https://www.tesco.com/groceries/en-GB/shop/fresh-food/all?department=Cheese&viewAll=department&page=,£2.25,£11.25/kg,,,/groceries/en-GB/products/282335126,https://digitalcontent.api.tesco.com/v2/media/ghs/7fcad0b7-bdfd-429f-9522-b3b1708eb384/c1e5848d-5d89-4a4f-a58e-51ef72c29d0b.jpeg?h=225&w=225,
300257767,Tesco British Extra Mature Cheddar Cheese 220G,https://www.tesco.com/groceries/en-GB/shop/fresh-food/all?department=Cheese&viewAll=department&page=,£2.00,£9.10/kg,,,/groceries/en-GB/products/300257767,https://digitalcontent.api.tesco.com/v2/media/ghs/1493b93f-4fa0-4877-92c6-07b4a659bb21/eedfa3e0-65c4-4a7b-832b-e5161adc7455.jpeg?h=225&w=225,
272260494,Lactofree Soft White Cheese 200G,https://www.tesco.com/groceries/en-GB/shop/fresh-food/all?department=Cheese&viewAll=department&page=,£1.75,£8.75/kg,,,/groceries/en-GB/products/272260494,https://digitalcontent.api.tesco.com/v2/media/ghs/f28e8cb1-86ed-485e-8160-14dc1871ddb8/b4f23a4c-39e7-45e6-90ec-8298e79e94d8_820699719.jpeg?h=225&w=225,
300257030,Tesco Cheshire Cheese 220G,https://www.tesco.com/groceries/en-GB/shop/fresh-food/all?department=Cheese&viewAll=department&page=,£2.00,£9.10/kg,,,/groceries/en-GB/products/300257030,https://digitalcontent.api.tesco.com/v2/media/ghs/ac477838-b86e-4910-8fc5-3544215a3860/263287e0-59bc-4b87-b35c-494b53105622.jpeg?h=225&w=225,
300257076,Tesco Wensleydale Cheese 220G,https://www.tesco.com/groceries/en-GB/shop/fresh-food/all?department=Cheese&viewAll=department&page=,£2.00,£9.10/kg,,,/groceries/en-GB/products/300257076,https://digitalcontent.api.tesco.com/v2/media/ghs/cbfc5c67-54b7-4705-975c-5c40962d823f/74386ac7-bab3-4b38-ad7c-999ab29f08ed.jpeg?h=225&w=225,
255087569,Tesco Mozzarella For Pizza 250G,https://www.tesco.com/groceries/en-GB/shop/fresh-food/all?department=Cheese&viewAll=department&page=,£1.90,£7.60/kg,,,/groceries/en-GB/products/255087569,https://digitalcontent.api.tesco.com/v2/media/ghs/e328c05a-ccd4-4392-aa06-b7292c11ad43/ec885734-0e90-4c4b-aa39-4ddfa59a5d1a.jpeg?h=225&w=225,
251888083,Castello Pineapple Halo 125G,https://www.tesco.com/groceries/en-GB/shop/fresh-food/all?department=Cheese&viewAll=department&page=,£1.55,£12.40/kg,£1.25 Clubcard Price,,/groceries/en-GB/products/251888083,https://digitalcontent.api.tesco.com/v2/media/ghs/4fa53c6c-ed69-4bab-b4c8-61a386db5d8b/f0397444-6546-4ea0-a667-11ea22fc4952.jpeg?h=225&w=225,
311679527,Philadelphia Chives Soft Cheese 165G,https://www.tesco.com/groceries/en-GB/shop/fresh-food/all?department=Cheese&viewAll=department&page=,£2.20,£13.34/kg,£1.25 Clubcard Price,,/groceries/en-GB/products/311679527,https://digitalcontent.api.tesco.com/v2/media/ghs/8ec9ad53-5882-4d17-8f4b-22fb45c30f58/c10141a5-5642-44ac-a7e1-2eb17465b933_1312060616.jpeg?h=225&w=225,
311787946,Philadelphia Sweet Chilli Soft Cheese 165G,https://www.tesco.com/groceries/en-GB/shop/fresh-food/all?department=Cheese&viewAll=department&page=,£2.20,£13.34/kg,£1.25 Clubcard Price,,/groceries/en-GB/products/311787946,https://digitalcontent.api.tesco.com/v2/media/ghs/8b84d4a2-354d-4da5-b595-dfe13e79869d/1617c33e-3571-416e-b8be-b60bb7b19f7c_1267127863.jpeg?h=225&w=225,
260608828,Tesco Cambozola Blue Brie 175G,https://www.tesco.com/groceries/en-GB/shop/fresh-food/all?department=Cheese&viewAll=department&page=,£2.25,£12.86/kg,,,/groceries/en-GB/products/260608828,https://digitalcontent.api.tesco.com/v2/media/ghs/da58dbb4-d775-41f9-bc63-d903649e072b/72b3b536-723c-4449-9a0b-da9865216728.jpeg?h=225&w=225,
263277540,Tesco 10 Reduced Fat Mild Slices 200G,https://www.tesco.com/groceries/en-GB/shop/fresh-food/all?department=Cheese&viewAll=department&page=,£1.25,£6.25/kg,,,/groceries/en-GB/products/263277540,https://digitalcontent.api.tesco.com/v2/media/ghs/a3d0a019-2c8b-4bc9-88ef-0ca35b1f0730/85814355-80ab-4ba7-b41b-c442134e7fdf.jpeg?h=225&w=225,
292470900,Eatlean Protein Cheese 350G,https://www.tesco.com/groceries/en-GB/shop/fresh-food/all?department=Cheese&viewAll=department&page=,£4.00,£11.43/kg,,,/groceries/en-GB/products/292470900,https://digitalcontent.api.tesco.com/v2/media/ghs/d47bd994-36af-42a1-98cc-c7fd7eda515a/3db5396e-1c7d-4c08-be25-498c8116f2e7_453392408.jpeg?h=225&w=225,
303869977,Galbani Italian Burrata Cheese 150G,https://www.tesco.com/groceries/en-GB/shop/fresh-food/all?department=Cheese&viewAll=department&page=,£3.00,£20.00/kg DR.WT,,,/groceries/en-GB/products/303869977,https://digitalcontent.api.tesco.com/v2/media/ghs/451d2ede-4519-4145-bd0c-4a855332d867/6d5b3f03-a4dd-4650-8e5a-d6310afc9916.jpeg?h=225&w=225,
308100917,Yamas! Authentic Cypriot Halloumi 225G,https://www.tesco.com/groceries/en-GB/shop/fresh-food/all?department=Cheese&viewAll=department&page=,£2.75,£12.23/kg,,,/groceries/en-GB/products/308100917,https://digitalcontent.api.tesco.com/v2/media/ghs/e6934a28-530f-4d71-97a6-efcdddc3a395/8e1438a7-4fae-42fc-849b-2d95354d22e8_1374986004.jpeg?h=225&w=225,
306654086,Cathedral City Vintage Cheddar 350G,https://www.tesco.com/groceries/en-GB/shop/fresh-food/all?department=Cheese&viewAll=department&page=,£4.00,£11.43/kg,,,/groceries/en-GB/products/306654086,https://digitalcontent.api.tesco.com/v2/media/ghs/11820916-4a78-4767-b2f0-d88a06a1541d/8f190027-aab3-40d4-b81f-ad665c003916_1036338075.jpeg?h=225&w=225,
279819514,Tesco Finest Barrel Aged Feta 310G,https://www.tesco.com/groceries/en-GB/shop/fresh-food/all?department=Cheese&viewAll=department&page=,£2.30,£7.42/kg,,,/groceries/en-GB/products/279819514,https://digitalcontent.api.tesco.com/v2/media/ghs/d8412f6a-5dcd-4a9e-95c0-327753be2664/65646715-3b46-4464-96b2-d541e9bd1078.jpeg?h=225&w=225,
299769905,T Double Gloucester Chive And Onion Cheese Slices 150G,https://www.tesco.com/groceries/en-GB/shop/fresh-food/all?department=Cheese&viewAll=department&page=,£2.00,£13.34/kg,,,/groceries/en-GB/products/299769905,https://digitalcontent.api.tesco.com/v2/media/ghs/cb046e9e-da41-440b-9782-c08bae41e156/b9aa6896-57f7-4566-9ff2-bbab6339552a.jpeg?h=225&w=225,
305836512,Applewood Vegan Smoky Cheese Alternative 200G,https://www.tesco.com/groceries/en-GB/shop/fresh-food/all?department=Cheese&viewAll=department&page=,£2.30,£1.15/100g,,,/groceries/en-GB/products/305836512,https://digitalcontent.api.tesco.com/v2/media/ghs/72805a00-4792-4c34-99e5-4f8be8de1939/3af3bae4-a944-4c0a-b84e-c4040299fc22_709276889.jpeg?h=225&w=225,
312352388,Cathedral City Dairy Free Large Slices 150G,https://www.tesco.com/groceries/en-GB/shop/fresh-food/all?department=Cheese&viewAll=department&page=,£2.30,£15.34/kg,Any 2 for £4 Clubcard Price - Selected Sliced And Grated Cheese 150g - 250g,,/groceries/en-GB/products/312352388,https://digitalcontent.api.tesco.com/v2/media/ghs/4d4c1a97-9028-4162-81e5-1cdb5afcfbc6/9ce36f16-ef0d-4421-8c1d-1c4da87c1193_494809500.jpeg?h=225&w=225,
250745191,Tesco Danish Blue 150G,https://www.tesco.com/groceries/en-GB/shop/fresh-food/all?department=Cheese&viewAll=department&page=,£2.10,£14.00/kg,,,/groceries/en-GB/products/250745191,https://digitalcontent.api.tesco.com/v2/media/ghs/a1eb81ed-4569-4950-8e7e-dbfa2c1a5511/32fd747f-4e03-4d62-8eaa-073771b1b757.jpeg?h=225&w=225,
260810486,Tesco Le Roule Full Fat Garlic And Herb 150G,https://www.tesco.com/groceries/en-GB/shop/fresh-food/all?department=Cheese&viewAll=department&page=,£2.20,£14.67/kg,,,/groceries/en-GB/products/260810486,https://digitalcontent.api.tesco.com/v2/media/ghs/8b758dfa-2ae3-4a9a-a6e1-5f5ce0417d96/98f99675-36b8-4e92-8d49-c8dc98b2b716.jpeg?h=225&w=225,
282319267,Tesco British Hard Goats Cheese 200G,https://www.tesco.com/groceries/en-GB/shop/fresh-food/all?department=Cheese&viewAll=department&page=,£3.10,£15.50/kg,,,/groceries/en-GB/products/282319267,https://digitalcontent.api.tesco.com/v2/media/ghs/8254d805-26ca-4c0a-b6ef-f3acf756409c/fa580189-84f3-4c16-908a-79b9a600746f.jpeg?h=225&w=225,
274233558,Jarlsberg Cheese 190G,https://www.tesco.com/groceries/en-GB/shop/fresh-food/all?department=Cheese&viewAll=department&page=,£2.60,£13.69/kg,,,/groceries/en-GB/products/274233558,https://digitalcontent.api.tesco.com/v2/media/ghs/41d6d97d-a133-4c71-ade5-28ccff54f66a/a8bd6e8b-44f0-476a-a07d-7902609a2c08.jpeg?h=225&w=225,
299769928,Tesco Wensleydale & Apricot Cheese 200G,https://www.tesco.com/groceries/en-GB/shop/fresh-food/all?department=Cheese&viewAll=department&page=,£2.20,£11.00/kg,,,/groceries/en-GB/products/299769928,https://digitalcontent.api.tesco.com/v2/media/ghs/b0316a74-e914-40e3-a475-95a325de2d3b/0ed3004e-8ee0-4787-9162-1f2c4da5c94c.jpeg?h=225&w=225,
309453329,Laughing Cow Lightest Cheese Spread Triangles 8Pk 133G,https://www.tesco.com/groceries/en-GB/shop/fresh-food/all?department=Cheese&viewAll=department&page=,£1.60,£12.03/kg,,,/groceries/en-GB/products/309453329,https://digitalcontent.api.tesco.com/v2/media/ghs/c1a45648-abbd-4bac-bdc3-3c807c31d458/085d2463-e26f-40fd-b5f5-12def0232ff2_1598015295.jpeg?h=225&w=225,
261543021,Tesco Finest Aged Blue Stilton 215G,https://www.tesco.com/groceries/en-GB/shop/fresh-food/all?department=Cheese&viewAll=department&page=,£3.00,£13.96/kg,,,/groceries/en-GB/products/261543021,https://digitalcontent.api.tesco.com/v2/media/ghs/77dcd808-74ee-4bd0-97ae-c72209ed86d1/d0f7f4fa-4a3b-4ee5-a03a-7385e5799bec.jpeg?h=225&w=225,
299770160,Tesco Finest Vintage Red Leicester Bite Cheese 200G,https://www.tesco.com/groceries/en-GB/shop/fresh-food/all?department=Cheese&viewAll=department&page=,£2.70,£13.50/kg,,,/groceries/en-GB/products/299770160,https://digitalcontent.api.tesco.com/v2/media/ghs/7dfb56c9-a026-40c2-a749-045bc0c2ec73/0609a918-a330-4e7d-b6cc-5e9ed50aa409_232375363.jpeg?h=225&w=225,
293353820,Philadelphia Original Mini Tubs 4X35g,https://www.tesco.com/groceries/en-GB/shop/fresh-food/all?department=Cheese&viewAll=department&page=,£1.95,£13.93/kg,,,/groceries/en-GB/products/293353820,https://digitalcontent.api.tesco.com/v2/media/ghs/14945bf9-348c-4bea-9edd-6632f4eb5d74/0f05d17c-21e1-4038-b724-f08096c55c9a_326815262.jpeg?h=225&w=225,
258663021,Tesco Double Gloucester Onion & Chives 200G,https://www.tesco.com/groceries/en-GB/shop/fresh-food/all?department=Cheese&viewAll=department&page=,£2.20,£11.00/kg,,,/groceries/en-GB/products/258663021,https://digitalcontent.api.tesco.com/v2/media/ghs/bcde1ac8-8ffa-4b35-9f51-3b47145cee72/216e0be3-0c52-44fb-89aa-1a1979252f57.jpeg?h=225&w=225,
309751755,Tesco 5 Cheese Selection 450G,https://www.tesco.com/groceries/en-GB/shop/fresh-food/all?department=Cheese&viewAll=department&page=,£5.50,£12.23/kg,£4.00 Clubcard Price,,/groceries/en-GB/products/309751755,https://digitalcontent.api.tesco.com/v2/media/ghs/fa571f77-7c76-499f-be57-eb81baf9433e/96c6508d-c4fe-49de-9b5c-cbb3b53e4ffb_1013068110.jpeg?h=225&w=225,
250226517,President Grated Emmental 200G,https://www.tesco.com/groceries/en-GB/shop/fresh-food/all?department=Cheese&viewAll=department&page=,£2.45,£12.25/kg,£2.00 Clubcard Price,,/groceries/en-GB/products/250226517,https://digitalcontent.api.tesco.com/v2/media/ghs/ed2a7f31-e945-43ed-ab71-f8f1c2fa2218/6b87d004-739c-4639-90c7-19ffcefabcf8.jpeg?h=225&w=225,
253201997,Saint Agur Blue Creme Cheese 150G,https://www.tesco.com/groceries/en-GB/shop/fresh-food/all?department=Cheese&viewAll=department&page=,£2.50,£16.67/kg,,,/groceries/en-GB/products/253201997,https://digitalcontent.api.tesco.com/v2/media/ghs/d7e35024-6935-40b0-8c80-c363684ad8e7/d68bee8f-8787-4cb6-8e9a-c9c7d11b072a.jpeg?h=225&w=225,
299685629,Tesco Camembert 250G,https://www.tesco.com/groceries/en-GB/shop/fresh-food/all?department=Cheese&viewAll=department&page=,£2.20,£8.80/kg,,,/groceries/en-GB/products/299685629,https://digitalcontent.api.tesco.com/v2/media/ghs/0d595087-c3f0-49b4-99b0-60ca124cfae6/ed38ea92-cfb9-4267-beb0-82d286f5cd16.jpeg?h=225&w=225,
294302010,Tesco 10 Beechwood Smoked Cheese Slices 250G,https://www.tesco.com/groceries/en-GB/shop/fresh-food/all?department=Cheese&viewAll=department&page=,£3.00,£12.00/kg,,,/groceries/en-GB/products/294302010,https://digitalcontent.api.tesco.com/v2/media/ghs/9af5060a-6d85-4bfc-9705-02c69e0ee4c4/a9d895a6-5e88-4668-b82a-7ecec02200af.jpeg?h=225&w=225,
310138219,Primula Cheese & Prawn Tube 140G,https://www.tesco.com/groceries/en-GB/shop/fresh-food/all?department=Cheese&viewAll=department&page=,£1.60,£11.43/kg,,,/groceries/en-GB/products/310138219,https://digitalcontent.api.tesco.com/v2/media/ghs/0e5ba3c6-847f-475a-bd4b-0718d89c725e/5f8f02b5-69b1-44c8-8ed8-dcd5dc725aa9_1177650292.jpeg?h=225&w=225,
260650327,Apetina Classic Block Cheese 200G,https://www.tesco.com/groceries/en-GB/shop/fresh-food/all?department=Cheese&viewAll=department&page=,£1.70,£8.50/kg,,,/groceries/en-GB/products/260650327,https://digitalcontent.api.tesco.com/v2/media/ghs/9a0e5061-9615-4caf-ad15-9328c816683e/7acb4820-adb1-4c9d-96ab-a022d19c6cc5.jpeg?h=225&w=225,
309487336,Caprice Des Dieux French Cheese 200G,https://www.tesco.com/groceries/en-GB/shop/fresh-food/all?department=Cheese&viewAll=department&page=,£3.00,£15.00/kg,£1.50 Clubcard Price,,/groceries/en-GB/products/309487336,https://digitalcontent.api.tesco.com/v2/media/ghs/260a17d2-5224-4a75-adef-c6be8c37a0b7/066d52e5-4f91-4afa-9cdb-f1f4dd0415cd.jpeg?h=225&w=225,
282362905,Tesco Beechwood Smoked Cheese 150G,https://www.tesco.com/groceries/en-GB/shop/fresh-food/all?department=Cheese&viewAll=department&page=,£1.95,£13.00/kg,,,/groceries/en-GB/products/282362905,https://digitalcontent.api.tesco.com/v2/media/ghs/e9321c2f-f4c3-4e8f-8e88-f413b64aef53/7ac2dd13-6a50-4b83-a9bf-6814b4883308.jpeg?h=225&w=225,
311430171,Philadelphia Lightest Herbs Soft Cheese 165G,https://www.tesco.com/groceries/en-GB/shop/fresh-food/all?department=Cheese&viewAll=department&page=,£2.20,£13.34/kg,£1.25 Clubcard Price,,/groceries/en-GB/products/311430171,https://digitalcontent.api.tesco.com/v2/media/ghs/b9ab4539-6674-4f22-87cc-cfd9c87355ed/5f8b5014-9329-4ca0-86b2-8a9f62634b6e_517174189.jpeg?h=225&w=225,
305972085,Seriously Cheese Triangles Original 8 X 15G,https://www.tesco.com/groceries/en-GB/shop/fresh-food/all?department=Cheese&viewAll=department&page=,£1.40,£11.67/kg,£1.10 Clubcard Price,,/groceries/en-GB/products/305972085,https://digitalcontent.api.tesco.com/v2/media/ghs/426f00c7-7c9c-481e-90fb-7c3bc0dbc129/4c05e779-f2a7-4e8c-9400-d48221bcf438_2073662052.jpeg?h=225&w=225,
264286049,Mlekovita Gouda Polish Cheese Slices 150G,https://www.tesco.com/groceries/en-GB/shop/fresh-food/all?department=Cheese&viewAll=department&page=,£1.30,£8.67/kg,,,/groceries/en-GB/products/264286049,https://digitalcontent.api.tesco.com/v2/media/ghs/61a00acf-b655-47d5-83e3-17f7254e1ac0/54ae5cc9-8206-4f11-ad25-0930c9492e6f.jpeg?h=225&w=225,
309758840,Dairylea Ritz Dunkers 4X43g,https://www.tesco.com/groceries/en-GB/shop/fresh-food/all?department=Cheese&viewAll=department&page=,£2.25,£13.09/kg,£1.75 Clubcard Price,,/groceries/en-GB/products/309758840,https://digitalcontent.api.tesco.com/v2/media/ghs/97c2343a-9d98-415a-9915-c51c8bee8bc8/eca193b4-6719-4381-9caa-1b16de056f4d_768693944.jpeg?h=225&w=225,
272797642,Bastides Saucisson Sec 200G,https://www.tesco.com/groceries/en-GB/shop/fresh-food/all?department=Cheese&viewAll=department&page=,£3.00,£1.50/100g,,,/groceries/en-GB/products/272797642,https://digitalcontent.api.tesco.com/v2/media/ghs/da1b409b-9554-44d9-b88f-09d6615cfa9c/f628299d-8b29-4989-a0d1-9e0eb44febfc.jpeg?h=225&w=225,
278191773,Capricorn Somerset Goat Cheese 85G,https://www.tesco.com/groceries/en-GB/shop/fresh-food/all?department=Cheese&viewAll=department&page=,£2.50,£29.42/kg,,,/groceries/en-GB/products/278191773,https://digitalcontent.api.tesco.com/v2/media/ghs/d65c9710-b51a-4000-96db-def99a66db1c/1db612bb-f12f-4159-8a77-56456410405d.jpeg?h=225&w=225,
288456676,Ilchester Mini Cheese Selection 230G,https://www.tesco.com/groceries/en-GB/shop/fresh-food/all?department=Cheese&viewAll=department&page=,£3.70,£16.09/kg,,,/groceries/en-GB/products/288456676,https://digitalcontent.api.tesco.com/v2/media/ghs/c2e1b271-6ae0-44f2-ae8c-8f83e33a645d/ef6f7838-abfd-4a33-86b2-1442a8466a7e.jpeg?h=225&w=225,
297630099,Red Fox Aged Red Leicester 200G,https://www.tesco.com/groceries/en-GB/shop/fresh-food/all?department=Cheese&viewAll=department&page=,£3.00,£15.00/kg,,,/groceries/en-GB/products/297630099,https://digitalcontent.api.tesco.com/v2/media/ghs/e446384f-3bbc-42ea-b410-b7d6480f84e2/5c9e5f51-46bd-4972-9931-30b8da31fafa_1556930826.jpeg?h=225&w=225,
252965693,Galbani Dolcelatte Blue Cheese 150G,https://www.tesco.com/groceries/en-GB/shop/fresh-food/all?department=Cheese&viewAll=department&page=,£2.85,£19.00/kg,,,/groceries/en-GB/products/252965693,https://digitalcontent.api.tesco.com/v2/media/ghs/6960fd04-4bf4-41bd-95f8-ca0827668091/273a8a7e-c4cf-43e7-a103-5469485551e1.jpeg?h=225&w=225,
268228401,Tesco Finest Halloumi 225G,https://www.tesco.com/groceries/en-GB/shop/fresh-food/all?department=Cheese&viewAll=department&page=,£3.00,£13.34/kg,,,/groceries/en-GB/products/268228401,https://digitalcontent.api.tesco.com/v2/media/ghs/fdc2b10a-8dbc-46fb-8bc3-b2621dabc916/26fbe45d-25f0-4c93-9ab6-bb23d3b643a1.jpeg?h=225&w=225,
277465578,Tesco Roquefort 100G,https://www.tesco.com/groceries/en-GB/shop/fresh-food/all?department=Cheese&viewAll=department&page=,£2.40,£24.00/kg,,,/groceries/en-GB/products/277465578,https://digitalcontent.api.tesco.com/v2/media/ghs/a333a6cb-b574-4f26-928e-62d40ce9e170/50c59f31-7bd5-4312-9066-acda3f5fc3f5.jpeg?h=225&w=225,
293062790,Mexicana Original Hot Cheddar With Chilli 200G,https://www.tesco.com/groceries/en-GB/shop/fresh-food/all?department=Cheese&viewAll=department&page=,£2.70,£13.50/kg,,,/groceries/en-GB/products/293062790,https://digitalcontent.api.tesco.com/v2/media/ghs/51364a9e-e1d9-4bab-81b5-793dd40946ac/657ecdd5-eb12-4327-9337-6c4a37c042e4_1707106732.jpeg?h=225&w=225,
308089256,Applewood Smoky Vegan Cheese Alternative Grated 200G,https://www.tesco.com/groceries/en-GB/shop/fresh-food/all?department=Cheese&viewAll=department&page=,£2.75,£13.75/kg,,,/groceries/en-GB/products/308089256,https://digitalcontent.api.tesco.com/v2/media/ghs/434123e8-e9db-4c51-98be-3c6239abd4b8/c80175f0-107a-45ab-8bc6-f2e7c45dcc6c_979396654.jpeg?h=225&w=225,
299770148,Tesco Finest Vintage Coastal Bite Cheese 200G,https://www.tesco.com/groceries/en-GB/shop/fresh-food/all?department=Cheese&viewAll=department&page=,£2.70,£13.50/kg,,,/groceries/en-GB/products/299770148,https://digitalcontent.api.tesco.com/v2/media/ghs/cbba7c1d-aef8-4f21-884a-0504231ab8a9/830104c6-9728-4cad-8dfc-aeead2dcf042_1968793819.jpeg?h=225&w=225,
306503507,St Helen's Farm Mild Goats Cheese 170G,https://www.tesco.com/groceries/en-GB/shop/fresh-food/all?department=Cheese&viewAll=department&page=,£3.15,£18.53/kg,,,/groceries/en-GB/products/306503507,https://digitalcontent.api.tesco.com/v2/media/ghs/ceba0a28-444e-4d57-86fa-5755b4f99cd7/b5b67760-684e-4c48-b4b4-ef3a42c5dc98_1716142434.jpeg?h=225&w=225,
302312238,Violife Vegan Greek White Block 230G,https://www.tesco.com/groceries/en-GB/shop/fresh-food/all?department=Cheese&viewAll=department&page=,£3.00,£13.05/kg,,,/groceries/en-GB/products/302312238,https://digitalcontent.api.tesco.com/v2/media/ghs/71a22c9a-17fd-4697-be6a-5748afe25147/0eaea8aa-be41-4e6e-ac18-a054c7b9fbf5_1552971490.jpeg?h=225&w=225,
309494287,Tesco Finest Buffalo Mozzarella 240G,https://www.tesco.com/groceries/en-GB/shop/fresh-food/all?department=Cheese&viewAll=department&page=,£2.50,£20.00/kg DR.WT,,,/groceries/en-GB/products/309494287,https://digitalcontent.api.tesco.com/v2/media/ghs/59f26afd-c9b8-48d7-8cd3-b20b6cdfc522/75bdf0a7-e294-484b-b089-45fe13f6b413.jpeg?h=225&w=225,
310650568,Violife Vegan Cheese Alternative Original Flavour Block 200G,https://www.tesco.com/groceries/en-GB/shop/fresh-food/all?department=Cheese&viewAll=department&page=,£2.50,£12.50/kg,,,/groceries/en-GB/products/310650568,https://digitalcontent.api.tesco.com/v2/media/ghs/adc8f570-fa23-49e9-aaeb-814ea8c44103/72fdec6f-7c6b-46b7-a053-08711e4e60db_951230268.jpeg?h=225&w=225,
257372401,Tesco Finest Ossau Iraty 180G,https://www.tesco.com/groceries/en-GB/shop/fresh-food/all?department=Cheese&viewAll=department&page=,£3.50,£19.45/kg,,,/groceries/en-GB/products/257372401,https://digitalcontent.api.tesco.com/v2/media/ghs/11fc0472-5655-401b-a5fe-0acb58c055e5/10f16fb9-8599-4586-ad80-13bbfa83c364.jpeg?h=225&w=225,
309197459,Sheese Grated Mature Cheddar 200G,https://www.tesco.com/groceries/en-GB/shop/fresh-food/all?department=Cheese&viewAll=department&page=,£2.50,£12.50/kg,,,/groceries/en-GB/products/309197459,https://digitalcontent.api.tesco.com/v2/media/ghs/68624733-186f-43d3-8f3a-244e175afdc1/2b9317e7-941e-4a46-93e8-9aefcc810be4_1088361167.jpeg?h=225&w=225,
277248398,Apetina Snack Pack Garlic & Olive 100G,https://www.tesco.com/groceries/en-GB/shop/fresh-food/all?department=Cheese&viewAll=department&page=,£1.50,£18.75/kg DR.WT,,,/groceries/en-GB/products/277248398,https://digitalcontent.api.tesco.com/v2/media/ghs/762e313b-ee6c-4caf-84c2-790dd8f32a66/541539bf-3bd1-425c-a404-a9ad772078bc.jpeg?h=225&w=225,
299770125,Tesco Finest Cave Aged Goat Cheese 200G,https://www.tesco.com/groceries/en-GB/shop/fresh-food/all?department=Cheese&viewAll=department&page=,£3.50,£17.50/kg,,,/groceries/en-GB/products/299770125,https://digitalcontent.api.tesco.com/v2/media/ghs/3fc6d947-a259-4095-b65f-d0ceeff9af29/998f7afd-c9d7-4801-8dd6-3f397606818e_1265681076.jpeg?h=225&w=225,
311786247,Tesco Plant Chef Alternative To Mature Cheese 200G,https://www.tesco.com/groceries/en-GB/shop/fresh-food/all?department=Cheese&viewAll=department&page=,£2.20,£11.00/kg,,New,/groceries/en-GB/products/311786247,https://digitalcontent.api.tesco.com/v2/media/ghs/1da16fc6-8fdf-45ec-8d7a-776b24b7252b/8f64f394-f397-43c1-89f1-493440d4f125_1585056228.jpeg?h=225&w=225,
310161536,Orkney Coloured Mature Scottish Island Cheddar 200G,https://www.tesco.com/groceries/en-GB/shop/fresh-food/all?department=Cheese&viewAll=department&page=,£2.50,£12.50/kg,Any 3 for £6 Clubcard Price - Selected Cheese And Sliced Cooked Meats 30g - 220g,,/groceries/en-GB/products/310161536,https://digitalcontent.api.tesco.com/v2/media/ghs/37339ea6-d5fe-4667-a116-dbfaddac30c6/5a0cfe6b-e100-469a-9241-dce2c956eedf_1798767028.jpeg?h=225&w=225,
262174830,Tesco Dutch Gouda 265G,https://www.tesco.com/groceries/en-GB/shop/fresh-food/all?department=Cheese&viewAll=department&page=,£2.50,£9.44/kg,,,/groceries/en-GB/products/262174830,https://digitalcontent.api.tesco.com/v2/media/ghs/6da64e06-9361-4582-a470-4a25fdedc24f/8f7a8dc6-779d-4733-85b2-10eb40857d24.jpeg?h=225&w=225,
311250470,Tesco Finest Mexican Style Red Leicester Chilli Slices 150G,https://www.tesco.com/groceries/en-GB/shop/fresh-food/all?department=Cheese&viewAll=department&page=,£2.50,£16.67/kg,Any 2 for £4 Clubcard Price - Selected Sliced And Grated Cheese 150g - 250g,,/groceries/en-GB/products/311250470,https://digitalcontent.api.tesco.com/v2/media/ghs/daa63fe4-0275-445c-974e-7e074a947169/ee81af3b-e13b-4cd6-b0df-e9e7eba39eac_1834359545.jpeg?h=225&w=225,
309201819,Dairylea Filled Crackers Cheesy Snack 5X19.3G,https://www.tesco.com/groceries/en-GB/shop/fresh-food/all?department=Cheese&viewAll=department&page=,£2.20,£22.83/kg,,,/groceries/en-GB/products/309201819,https://digitalcontent.api.tesco.com/v2/media/ghs/93d11d6e-8160-414b-ad2f-61d9ab4ca601/215641de-30be-476d-b0d0-05f679d5c609_1723377956.jpeg?h=225&w=225,
276902311,Tesco Cheddar With Chilli's 200G,https://www.tesco.com/groceries/en-GB/shop/fresh-food/all?department=Cheese&viewAll=department&page=,£2.20,£11.00/kg,,,/groceries/en-GB/products/276902311,https://digitalcontent.api.tesco.com/v2/media/ghs/e9ea3d1a-7422-4855-b8f0-418368ad6a16/851aa210-e537-4469-ba46-b805634aa92e.jpeg?h=225&w=225,
304417388,Beretta Whole Salami Milano 120G,https://www.tesco.com/groceries/en-GB/shop/fresh-food/all?department=Cheese&viewAll=department&page=,£2.00,£1.67/100g,,,/groceries/en-GB/products/304417388,https://digitalcontent.api.tesco.com/v2/media/ghs/d79807ad-a517-471c-b4aa-8d1e33c6c2de/36269718-bdec-46a6-9228-7fc50b64a332_639684295.jpeg?h=225&w=225,
297955129,Beretta Salamini 127.5G,https://www.tesco.com/groceries/en-GB/shop/fresh-food/all?department=Cheese&viewAll=department&page=,£2.00,£1.57/100g,,,/groceries/en-GB/products/297955129,https://digitalcontent.api.tesco.com/v2/media/ghs/2503c47d-caad-4387-bfd2-9e18a0d41bda/75ac4a5d-fe5c-4945-bd50-d37837951f06_1680004269.jpeg?h=225&w=225,
311693469,Tesco Finest Welsh Rarebit Mature Cheddar Slices 150G,https://www.tesco.com/groceries/en-GB/shop/fresh-food/all?department=Cheese&viewAll=department&page=,£2.50,£16.67/kg,Any 2 for £4 Clubcard Price - Selected Sliced And Grated Cheese 150g - 250g,,/groceries/en-GB/products/311693469,https://digitalcontent.api.tesco.com/v2/media/ghs/b78a35d0-efeb-48b4-a0bf-c15b02fb04d6/4073f169-cecf-457f-9c6c-41c833cb3167_2086582926.jpeg?h=225&w=225,
296457473,Tesco Salad Cheese 200G .,https://www.tesco.com/groceries/en-GB/shop/fresh-food/all?department=Cheese&viewAll=department&page=,£1.35,£6.75/kg,,,/groceries/en-GB/products/296457473,https://digitalcontent.api.tesco.com/v2/media/ghs/91ab87fc-6ede-4b47-8699-388e4299847b/577b6452-e167-4908-98ab-b08ba4b47b1f.jpeg?h=225&w=225,
290050266,Tesco Blue Stilton 454G,https://www.tesco.com/groceries/en-GB/shop/fresh-food/all?department=Cheese&viewAll=department&page=,£3.50,£7.71/kg,,New,/groceries/en-GB/products/290050266,https://digitalcontent.api.tesco.com/v2/media/ghs/6e3f1cbc-f91c-4148-958e-041a7bc0ee7f/810dea4d-1a87-4f71-a676-d442c40c5352_538137101.jpeg?h=225&w=225,
311421026,Tesco Fire Pit 10 Peri Peri Flavoured Cheesy Slices 200G,https://www.tesco.com/groceries/en-GB/shop/fresh-food/all?department=Cheese&viewAll=department&page=,£1.00,£5.00/kg,,,/groceries/en-GB/products/311421026,https://digitalcontent.api.tesco.com/v2/media/ghs/fb4aa0d3-965e-46b4-b449-bd14f74dd1d8/78eb7357-33d8-4cc2-9228-aa11644b0b27_1900068890.jpeg?h=225&w=225,
264640172,Mlekovita Gouda Polish Cheese 350G,https://www.tesco.com/groceries/en-GB/shop/fresh-food/all?department=Cheese&viewAll=department&page=,£2.00,£5.72/kg,,,/groceries/en-GB/products/264640172,https://digitalcontent.api.tesco.com/v2/media/ghs/b0ea70ab-3740-4d9d-8195-927c64415886/e1ca7df5-c124-4211-b378-a73a9730d8f8.jpeg?h=225&w=225,
313169644,Haute Fromagerie French Ripened Brie 190G,https://www.tesco.com/groceries/en-GB/shop/fresh-food/all?department=Cheese&viewAll=department&page=,£2.20,£11.58/kg,£1.80 Clubcard Price,,/groceries/en-GB/products/313169644,https://digitalcontent.api.tesco.com/v2/media/ghs/230e8d12-5b75-4e68-a737-3d901f31399d/a3965694-8434-4fbf-806b-0ff1701f9f34.jpeg?h=225&w=225,
299804876,Tesco Finest Mature Lancashire Cheese 200G,https://www.tesco.com/groceries/en-GB/shop/fresh-food/all?department=Cheese&viewAll=department&page=,£2.85,£14.25/kg,£2.00 Clubcard Price,,/groceries/en-GB/products/299804876,https://digitalcontent.api.tesco.com/v2/media/ghs/e43fbbe5-2f22-4559-9662-77f47032fe24/ef123fee-ac8c-4902-a336-153e58ba6257_343567572.jpeg?h=225&w=225,
309745043,Tesco Finest Baking Brie 600G,https://www.tesco.com/groceries/en-GB/shop/fresh-food/all?department=Cheese&viewAll=department&page=,£6.50,£10.84/kg,,New,/groceries/en-GB/products/309745043,https://digitalcontent.api.tesco.com/v2/media/ghs/b5825b78-97bb-4bb6-97ea-b3cab6e2b9e9/2a4e826a-625a-4e25-ba8c-73206c4982ec_1366154007.jpeg?h=225&w=225,
309768085,"Tesco Finest Vintage Ched, Mozzarella & Chorizo Bake 300G",https://www.tesco.com/groceries/en-GB/shop/fresh-food/all?department=Cheese&viewAll=department&page=,£6.00,£20.00/kg,,New,/groceries/en-GB/products/309768085,https://digitalcontent.api.tesco.com/v2/media/ghs/69302656-1569-46fb-af1b-1cc120532639/073c4b84-94c3-4cda-9931-2d9e5351779c_422280077.jpeg?h=225&w=225,
256176111,Tesco Family Cheese Selection 400G,https://www.tesco.com/groceries/en-GB/shop/fresh-food/all?department=Cheese&viewAll=department&page=,£4.50,£11.25/kg,,New,/groceries/en-GB/products/256176111,https://digitalcontent.api.tesco.com/v2/media/ghs/bb8f30a8-8517-429f-b6d1-28ebb6911c0c/9d12c1c8-3498-4616-895c-2db1d9c1ff5a_879186225.jpeg?h=225&w=225,
310189642,Appeteasers Provence Mix 100G,https://www.tesco.com/groceries/en-GB/shop/fresh-food/all?department=Cheese&viewAll=department&page=,£1.75,£17.50/kg,,New,/groceries/en-GB/products/310189642,https://digitalcontent.api.tesco.com/v2/media/ghs/afe5073e-84d8-4a3c-8b0d-ba79ad7f4920/52a9a0a1-5065-43d6-8f70-4dc25467db7f_232957372.jpeg?h=225&w=225,
254490415,Tesco Finest Camembert 250G,https://www.tesco.com/groceries/en-GB/shop/fresh-food/all?department=Cheese&viewAll=department&page=,£2.65,£10.60/kg,,,/groceries/en-GB/products/254490415,https://digitalcontent.api.tesco.com/v2/media/ghs/c6fb14d8-ac5b-4c2c-af4f-c93e5df24bd3/a9481c8a-c60c-4b27-a6dc-3dbb11daec10.jpeg?h=225&w=225,
306651982,President A La Carte Crispy Bake With Brie 6X25g,https://www.tesco.com/groceries/en-GB/shop/fresh-food/all?department=Cheese&viewAll=department&page=,£3.00,£20.00/kg,,,/groceries/en-GB/products/306651982,https://digitalcontent.api.tesco.com/v2/media/ghs/a4216099-c7ad-4dc0-9cfe-4dc0f437d1f6/e9256420-28ca-45df-a196-a258754ce6d9.jpeg?h=225&w=225,
298262014,Tesco Cheese Board Selection 380G,https://www.tesco.com/groceries/en-GB/shop/fresh-food/all?department=Cheese&viewAll=department&page=,£5.00,£13.16/kg,,New,/groceries/en-GB/products/298262014,https://digitalcontent.api.tesco.com/v2/media/ghs/f34c2598-0e83-4726-911d-9b571a990e9d/6abf26f6-85d7-45da-b8a1-1565bc9700dc_1011775684.jpeg?h=225&w=225,
292540668,Tesco Finest Smoked Scamorza Mozzarella 200G,https://www.tesco.com/groceries/en-GB/shop/fresh-food/all?department=Cheese&viewAll=department&page=,£2.60,£13.00/kg,,,/groceries/en-GB/products/292540668,https://digitalcontent.api.tesco.com/v2/media/ghs/376f9ff4-55d8-4ab7-8408-2f96fa31642b/992913f3-6691-4731-af2f-ef9374d2e174_1027362038.jpeg?h=225&w=225,
299770223,Tesco Finest Wensleydale Cheese Cranberries & Blueberry 200G,https://www.tesco.com/groceries/en-GB/shop/fresh-food/all?department=Cheese&viewAll=department&page=,£2.85,£14.25/kg,,,/groceries/en-GB/products/299770223,https://digitalcontent.api.tesco.com/v2/media/ghs/2dc82c94-e98e-40b9-8cab-0f8780ed1f69/a5f4e299-333d-4090-a342-a999f6016fa4_517404886.jpeg?h=225&w=225,
309756721,Tesco Finest Coastal Bite With Truffle 200G,https://www.tesco.com/groceries/en-GB/shop/fresh-food/all?department=Cheese&viewAll=department&page=,£2.75,£13.75/kg,,New,/groceries/en-GB/products/309756721,https://digitalcontent.api.tesco.com/v2/media/ghs/d8305fc1-d276-4dec-963f-bfb8346b948a/2faac973-02ae-430f-ae12-1b8b322488a3_1840732827.jpeg?h=225&w=225,
308117627,Violife Smoky Cheddar Flavour Slices 200G,https://www.tesco.com/groceries/en-GB/shop/fresh-food/all?department=Cheese&viewAll=department&page=,£2.80,£14.00/kg,,,/groceries/en-GB/products/308117627,https://digitalcontent.api.tesco.com/v2/media/ghs/b8be491a-b067-43ee-9105-d1d1f75ccee2/26b646fd-2ff7-4bdf-a459-157b791c04b6_374987141.jpeg?h=225&w=225,
294142088,Tesco Blue Stilton Jar 225G,https://www.tesco.com/groceries/en-GB/shop/fresh-food/all?department=Cheese&viewAll=department&page=,£4.00,£17.78/kg,,New,/groceries/en-GB/products/294142088,https://digitalcontent.api.tesco.com/v2/media/ghs/f5d1ff01-7339-4551-a156-a16567e93010/snapshotimagehandler_987112396.jpeg?h=225&w=225,
307339337,Boursin 3 Flavoured Edition 3X80g 240G,https://www.tesco.com/groceries/en-GB/shop/fresh-food/all?department=Cheese&viewAll=department&page=,£3.00,£12.50/kg,,New,/groceries/en-GB/products/307339337,https://digitalcontent.api.tesco.com/v2/media/ghs/26bde93a-d3b0-4446-97ea-4bf1043bdd24/67b6025e-bfe7-4ecb-bc82-4b79971038c9.jpeg?h=225&w=225,
311794851,Violife Vegan 12 Mozzarella Flavour Slices Cheese Alternative 160G,https://www.tesco.com/groceries/en-GB/shop/fresh-food/all?department=Cheese&viewAll=department&page=,£2.70,£16.88/kg,,,/groceries/en-GB/products/311794851,https://digitalcontent.api.tesco.com/v2/media/ghs/c1954bca-5bf9-49b6-b285-b249dbecce5d/04c270bb-2420-41ed-88a9-e7076c5fa285_7690861.jpeg?h=225&w=225,
311788640,Tesco Plant Chef Alternative To Grated Mozzarella 200G,https://www.tesco.com/groceries/en-GB/shop/fresh-food/all?department=Cheese&viewAll=department&page=,£2.50,£12.50/kg,,,/groceries/en-GB/products/311788640,https://digitalcontent.api.tesco.com/v2/media/ghs/d107b19e-6566-4969-926b-ab3c84bb8578/74d79e8f-3e10-4782-872b-76c2c3d7faab_416050901.jpeg?h=225&w=225,
302316159,Tesco Baking Camembert Cheese 250G,https://www.tesco.com/groceries/en-GB/shop/fresh-food/all?department=Cheese&viewAll=department&page=,£2.75,£11.00/kg,,New,/groceries/en-GB/products/302316159,https://digitalcontent.api.tesco.com/v2/media/ghs/dae9a750-a0d7-4362-9c8e-94b9490b5cfa/9a82ed43-a476-4045-84c8-f772204c14e4_1894341686.jpeg?h=225&w=225,
310140291,Tesco Festive Cheese Parcel 204G,https://www.tesco.com/groceries/en-GB/shop/fresh-food/all?department=Cheese&viewAll=department&page=,£3.50,£17.16/kg,,New,/groceries/en-GB/products/310140291,https://digitalcontent.api.tesco.com/v2/media/ghs/dac440e5-d892-4e65-82f8-8b15c754e255/8581d0fe-e6bf-4b6b-972d-2050adbf05de_409336905.jpeg?h=225&w=225,
309171531,Sheese Mild Cheddar Style Cheese Alternative 200G,https://www.tesco.com/groceries/en-GB/shop/fresh-food/all?department=Cheese&viewAll=department&page=,£2.50,£12.50/kg,,,/groceries/en-GB/products/309171531,https://digitalcontent.api.tesco.com/v2/media/ghs/7591f31a-b12a-40cb-9458-bea38f98d061/7b6ee764-f846-47f8-92a6-78a4f3ffe6e0_186072863.jpeg?h=225&w=225,
311677719,Tesco Plant Chef Alternative To Soft Cheese 150G,https://www.tesco.com/groceries/en-GB/shop/fresh-food/all?department=Cheese&viewAll=department&page=,£2.00,£13.34/kg,,New,/groceries/en-GB/products/311677719,https://digitalcontent.api.tesco.com/v2/media/ghs/db55493c-6e46-406c-970b-e925a8700c53/9bfc31d8-6aa3-4f8a-8b4e-f96e89bda01d_1123912150.jpeg?h=225&w=225,
311690138,Tesco Plant Chef Alternative To Garlic & Herb Soft Cheese 150G,https://www.tesco.com/groceries/en-GB/shop/fresh-food/all?department=Cheese&viewAll=department&page=,£2.00,£13.34/kg,,New,/groceries/en-GB/products/311690138,https://digitalcontent.api.tesco.com/v2/media/ghs/a13358cf-4b18-4290-ac2c-5c9fd60e3fa3/d499ff17-0f02-4913-8f37-c49edc738f05_1984908395.jpeg?h=225&w=225,
261621240,Tesco Finest Kidderton Ash Goats Cheese 150G,https://www.tesco.com/groceries/en-GB/shop/fresh-food/all?department=Cheese&viewAll=department&page=,£3.25,£21.67/kg,,,/groceries/en-GB/products/261621240,https://digitalcontent.api.tesco.com/v2/media/ghs/a508a08e-d2b7-4ef8-ba7c-3ec6aced6657/af27d09d-06b3-4993-a272-b7ba42b9dde5.jpeg?h=225&w=225,
304410044,Tesco Finest Cheddar Mozzarella & Chorizo Bake 150G,https://www.tesco.com/groceries/en-GB/shop/fresh-food/all?department=Cheese&viewAll=department&page=,£3.15,£2.10/100g,,,/groceries/en-GB/products/304410044,https://digitalcontent.api.tesco.com/v2/media/ghs/c7dbebe8-34f8-42f9-a5c1-5cb0dce1dae3/d3650fe8-8bff-4e1f-b11e-71abdf4f46a5_1287015921.jpeg?h=225&w=225,
309160106,Tesco Finest Vintage Cheddar & Sauvignon Blanc Bake 150G,https://www.tesco.com/groceries/en-GB/shop/fresh-food/all?department=Cheese&viewAll=department&page=,£3.15,£21.00/kg,,,/groceries/en-GB/products/309160106,https://digitalcontent.api.tesco.com/v2/media/ghs/ba8935f1-04c0-4cf0-a170-209eece54aa2/45e88f7c-117e-4e17-b60b-cf71d1762072_1933204379.jpeg?h=225&w=225,
311932182,Tesco 6 Brie Slices 150G,https://www.tesco.com/groceries/en-GB/shop/fresh-food/all?department=Cheese&viewAll=department&page=,£2.50,£16.67/kg,Any 2 for £4 Clubcard Price - Selected Sliced And Grated Cheese 150g - 250g,,/groceries/en-GB/products/311932182,https://digitalcontent.api.tesco.com/v2/media/ghs/1ca9c286-a652-49f7-8ee0-fc90179778b7/2a94e1a9-35dd-4138-b0d2-37ce0fd7a6c6.jpeg?h=225&w=225,
304382433,Tesco Baking Camembert With Balsamic Glaze 290G,https://www.tesco.com/groceries/en-GB/shop/fresh-food/all?department=Cheese&viewAll=department&page=,£2.75,£9.49/kg,,New,/groceries/en-GB/products/304382433,https://digitalcontent.api.tesco.com/v2/media/ghs/b6c85e96-65ce-43b0-8f2d-a311003531f8/004cf723-f5f2-4c75-a41b-638477268b15_995009119.jpeg?h=225&w=225,
311797525,Tesco Plant Chef Alternative To Grated Hard Cheese 60G,https://www.tesco.com/groceries/en-GB/shop/fresh-food/all?department=Cheese&viewAll=department&page=,£1.80,£30.00/kg,,,/groceries/en-GB/products/311797525,https://digitalcontent.api.tesco.com/v2/media/ghs/3ba8ae9b-933a-4203-a42f-c660bd27cd93/2ed5b14a-0e06-48b7-9736-cce0d079a020_849509674.jpeg?h=225&w=225,
309472365,Galbani Grated Mozzarella Cheese 180G,https://www.tesco.com/groceries/en-GB/shop/fresh-food/all?department=Cheese&viewAll=department&page=,£2.60,£14.45/kg,,,/groceries/en-GB/products/309472365,https://digitalcontent.api.tesco.com/v2/media/ghs/ce141914-bb09-4dd8-9e87-3bbcff402501/3eaf948f-ab1d-432c-ab95-4f332d780e74.jpeg?h=225&w=225,
255721848,Butlers Blacksticks Blue 150G,https://www.tesco.com/groceries/en-GB/shop/fresh-food/all?department=Cheese&viewAll=department&page=,£2.75,£18.34/kg,Any 3 for £6 Clubcard Price - Selected Cheese And Sliced Cooked Meats 30g - 220g,,/groceries/en-GB/products/255721848,https://digitalcontent.api.tesco.com/v2/media/ghs/2b95dc78-57f1-4f75-a9db-8a126cf27c04/f93429a9-fe2c-4d99-9f88-18641cace442.jpeg?h=225&w=225,
310141946,Tesco Finest Stratford Blue & Pear Conserve 150G,https://www.tesco.com/groceries/en-GB/shop/fresh-food/all?department=Cheese&viewAll=department&page=,£3.00,£20.00/kg,,New,/groceries/en-GB/products/310141946,https://digitalcontent.api.tesco.com/v2/media/ghs/0b35db35-d277-410f-8b94-0ec1e0f54e34/5e783dbe-6d9c-4b10-b7be-e670341f869f_1122980958.jpeg?h=225&w=225,
306935029,Tesco French Brie 470G,https://www.tesco.com/groceries/en-GB/shop/fresh-food/all?department=Cheese&viewAll=department&page=,£3.00,£6.39/kg,,New,/groceries/en-GB/products/306935029,https://digitalcontent.api.tesco.com/v2/media/ghs/b4298ef5-3272-475f-8dd2-3d251e8a9f1a/80fe6235-143f-405d-bfe7-74862eea8119_316939670.jpeg?h=225&w=225,
310117509,Tesco Finest Smoked Baking Brie 150G,https://www.tesco.com/groceries/en-GB/shop/fresh-food/all?department=Cheese&viewAll=department&page=,£3.50,£23.34/kg,,New,/groceries/en-GB/products/310117509,https://digitalcontent.api.tesco.com/v2/media/ghs/80095c40-5301-42c6-a8e4-2b0cd8f50607/fd55a087-033d-49ac-99b5-c45ced03cbf7_289485530.jpeg?h=225&w=225,
309179275,The Artisan Bread Company Olive Oil Bruschetta 70G,https://www.tesco.com/groceries/en-GB/shop/fresh-food/all?department=Cheese&viewAll=department&page=,£1.80,£2.58/100g,Any 2 for £2.50 Clubcard Price - Selected Cheese Accompaniments 70g - 150g,,/groceries/en-GB/products/309179275,https://digitalcontent.api.tesco.com/v2/media/ghs/d30cad67-67b1-41ab-a323-638a0ccd71f1/2910d67c-99ef-420b-b4cd-ddd67317f238_1179426723.jpeg?h=225&w=225,
311947769,Tesco Finest Oak Smoked Peppercorn Mature Cheddar Slices 150G,https://www.tesco.com/groceries/en-GB/shop/fresh-food/all?department=Cheese&viewAll=department&page=,£2.50,£16.67/kg,Any 2 for £4 Clubcard Price - Selected Sliced And Grated Cheese 150g - 250g,,/groceries/en-GB/products/311947769,https://digitalcontent.api.tesco.com/v2/media/ghs/102a0358-a30e-41a0-a9fc-a9d17bb3ed82/2e556aff-b6b9-4b82-9dd3-d7bd99925f53_863099136.jpeg?h=225&w=225,
304409830,Tesco Finest Cheese & Port Giftset,https://www.tesco.com/groceries/en-GB/shop/fresh-food/all?department=Cheese&viewAll=department&page=,£12.00,£12.00/each,,New,/groceries/en-GB/products/304409830,https://digitalcontent.api.tesco.com/v2/media/ghs/e1390b09-2bc2-49f7-9cc3-157bc5fd0640/103733d7-bb2c-442b-9f6f-003085085a40_1166059566.jpeg?h=225&w=225,
310185076,Tesco Finest Stratford Blue Cheese 150G,https://www.tesco.com/groceries/en-GB/shop/fresh-food/all?department=Cheese&viewAll=department&page=,£2.75,£18.34/kg,,,/groceries/en-GB/products/310185076,https://digitalcontent.api.tesco.com/v2/media/ghs/90da43f9-6996-4912-a47e-780c02eca64a/91d31a67-53a9-4159-bf18-4dee085b8027_1205521471.jpeg?h=225&w=225,
310116597,Le Rustique Camembert Portions 5X30g,https://www.tesco.com/groceries/en-GB/shop/fresh-food/all?department=Cheese&viewAll=department&page=,£2.20,£14.67/kg,Any 3 for £6 Clubcard Price - Selected Cheese And Sliced Cooked Meats 30g - 220g,,/groceries/en-GB/products/310116597,https://digitalcontent.api.tesco.com/v2/media/ghs/3eb7c721-64be-4bde-afc6-8e3cb893d5b4/690b6207-a610-41be-8c3a-1158027bc9db.jpeg?h=225&w=225,
309749505,Dairylea Dunkers 41G,https://www.tesco.com/groceries/en-GB/shop/fresh-food/all?department=Cheese&viewAll=department&page=,£1.15,£28.05/kg,"£3.40 Meal Deal Clubcard Price £3.90 Meal Deal Regular Price - Selected Drink, Snack, Wrap, Sandwich, Roll, Pasty Or Salad",,/groceries/en-GB/products/309749505,https://digitalcontent.api.tesco.com/v2/media/ghs/308b0223-a64a-4419-a538-996a8ea6aafe/eb43e17f-56c7-4791-8e84-603894612132_1355484238.jpeg?h=225&w=225,
309757419,Tesco Wensleydale Chocolate & Orange Truckle 100G,https://www.tesco.com/groceries/en-GB/shop/fresh-food/all?department=Cheese&viewAll=department&page=,£1.00,£10.00/kg,,New,/groceries/en-GB/products/309757419,https://digitalcontent.api.tesco.com/v2/media/ghs/51cc0aa6-d1f7-49d0-b7cf-816ec0242243/01a79f17-61ad-41bd-932a-9939c3a10ca6_123277440.jpeg?h=225&w=225,
304387543,Tesco Smoky Cheddar Truckle 100G,https://www.tesco.com/groceries/en-GB/shop/fresh-food/all?department=Cheese&viewAll=department&page=,£1.00,£10.00/kg,,New,/groceries/en-GB/products/304387543,https://digitalcontent.api.tesco.com/v2/media/ghs/b625f1e6-bfe4-4fbf-af62-c87e346a61ff/006ab118-5065-4011-839c-8691ad4ae893_1414294019.jpeg?h=225&w=225,
304417895,"Tesco Gloucester Chive, Onion Truckle 100G",https://www.tesco.com/groceries/en-GB/shop/fresh-food/all?department=Cheese&viewAll=department&page=,£1.00,£10.00/kg,,New,/groceries/en-GB/products/304417895,https://digitalcontent.api.tesco.com/v2/media/ghs/fc976811-b79e-4d9d-87dd-197cf3c49046/cdcb91f6-943c-451d-ab1e-59b4a7a0205b_1170407845.jpeg?h=225&w=225,
276131664,Tesco Finest Cheese Selection 480G,https://www.tesco.com/groceries/en-GB/shop/fresh-food/all?department=Cheese&viewAll=department&page=,£10.00,£20.84/kg,,,/groceries/en-GB/products/276131664,https://digitalcontent.api.tesco.com/v2/media/ghs/ac98eb01-3fe4-4b38-826a-3147def8ae88/2c431af9-ed74-49bb-a1bf-7fa664e37622.jpeg?h=225&w=225,
250046269,Tesco Finest Gouda 180G,https://www.tesco.com/groceries/en-GB/shop/fresh-food/all?department=Cheese&viewAll=department&page=,£3.75,£20.84/kg,,,/groceries/en-GB/products/250046269,https://digitalcontent.api.tesco.com/v2/media/ghs-mktg/b0b04216-fa73-466d-a9d7-c9fcfa1ce9b3/no-image.jpeg,
312095035,Violife Vegan Crumbly Blue Block 150G,https://www.tesco.com/groceries/en-GB/shop/fresh-food/all?department=Cheese&viewAll=department&page=,£3.25,£21.67/kg,,,/groceries/en-GB/products/312095035,https://digitalcontent.api.tesco.com/v2/media/ghs/52b458b1-0775-47fe-b773-e00c2f9fb444/bf265a13-7c06-4d1b-b2af-ee2ad3148330_703708657.jpeg?h=225&w=225,
311674642,Wicked Kitchen Sweet Caramelised Onion Block 150G,https://www.tesco.com/groceries/en-GB/shop/fresh-food/all?department=Cheese&viewAll=department&page=,£2.50,£16.67/kg,,,/groceries/en-GB/products/311674642,https://digitalcontent.api.tesco.com/v2/media/ghs/af6da923-5c2d-44e3-b0e5-7b9e3b4789b1/0106761c-a668-48ef-8404-7caf2206fa79_69816910.jpeg?h=225&w=225,
311793489,Wicked Kitchen Crushed Black Pepper Block 150G,https://www.tesco.com/groceries/en-GB/shop/fresh-food/all?department=Cheese&viewAll=department&page=,£2.50,£16.67/kg,,,/groceries/en-GB/products/311793489,https://digitalcontent.api.tesco.com/v2/media/ghs/06185d62-2028-45c3-99a0-0b443d507434/78c7d92c-9a5b-46c2-8770-c665661ed196_851993586.jpeg?h=225&w=225,
310655154,Violife Le Rond Cheese Alternative Camembert Flavour 150G,https://www.tesco.com/groceries/en-GB/shop/fresh-food/all?department=Cheese&viewAll=department&page=,£3.25,£21.67/kg,,,/groceries/en-GB/products/310655154,https://digitalcontent.api.tesco.com/v2/media/ghs/12fc863e-563d-43af-a691-436849a2bc31/87faf269-fed8-4235-bcc7-074b58e4f0ec_1272060991.jpeg?h=225&w=225,
312227664,Tesco Finest British Triple Cheese Bake 300G,https://www.tesco.com/groceries/en-GB/shop/fresh-food/all?department=Cheese&viewAll=department&page=,£5.75,£19.17/kg,,,/groceries/en-GB/products/312227664,https://digitalcontent.api.tesco.com/v2/media/ghs/6a4c4c89-0e87-40b4-a1a3-1c7bcc3cb9fe/83e46c84-5653-4faa-95b9-9f2ac84e4515.jpeg?h=225&w=225,
273369186,Tesco Finest Morbier Aop 200G,https://www.tesco.com/groceries/en-GB/shop/fresh-food/all?department=Cheese&viewAll=department&page=,£3.50,£17.50/kg,,,/groceries/en-GB/products/273369186,https://digitalcontent.api.tesco.com/v2/media/ghs/c48d9c2d-155e-47c7-842e-1ba54664cecd/8b49abe2-81aa-45a4-80cb-d091890fdf5d.jpeg?h=225&w=225,
277465774,Tesco Finest Brie De Meaux Aop Portion 170G,https://www.tesco.com/groceries/en-GB/shop/fresh-food/all?department=Cheese&viewAll=department&page=,£3.25,£19.12/kg,,,/groceries/en-GB/products/277465774,https://digitalcontent.api.tesco.com/v2/media/ghs/39f32c4c-32fd-4322-ad30-37aafe7c9405/ee93c3da-d172-44e8-8c68-db2501a175b7.jpeg?h=225&w=225,
311687356,Tesco Plant Chef Alternative To Halloumi 200G,https://www.tesco.com/groceries/en-GB/shop/fresh-food/all?department=Cheese&viewAll=department&page=,£2.30,£11.50/kg,,,/groceries/en-GB/products/311687356,https://digitalcontent.api.tesco.com/v2/media/ghs/59f34424-f702-4383-b9fe-a0514670f978/561ff58f-b072-4dbd-8792-81f6c13a09d7_1366909550.jpeg?h=225&w=225,
285097707,Tesco Finest Saint Felicien 180G,https://www.tesco.com/groceries/en-GB/shop/fresh-food/all?department=Cheese&viewAll=department&page=,£3.15,£17.50/kg,,,/groceries/en-GB/products/285097707,https://digitalcontent.api.tesco.com/v2/media/ghs/b6b2f6d7-9fbb-415b-bb76-2b7aea5fa2a6/ed8c6ce1-bb1d-4cd0-8949-2f915eb55efe.jpeg?h=225&w=225,
311426833,Tesco 10 Soft Cheese & Garlic Bites 200G,https://www.tesco.com/groceries/en-GB/shop/fresh-food/all?department=Cheese&viewAll=department&page=,£3.00,£15.00/kg,,,/groceries/en-GB/products/311426833,https://digitalcontent.api.tesco.com/v2/media/ghs/9f0d2c74-2084-4999-a866-d19e7616d153/fa9ea2f5-df03-4f01-96fe-c4f2d68ec8a0.jpeg?h=225&w=225,
268957943,Tesco Finest Langres 180G,https://www.tesco.com/groceries/en-GB/shop/fresh-food/all?department=Cheese&viewAll=department&page=,£3.25,£18.06/kg,,,/groceries/en-GB/products/268957943,https://digitalcontent.api.tesco.com/v2/media/ghs/85896da6-0b96-4ca5-8ecb-0cab6a6a4872/a4a69bac-12dc-4092-a259-78a233dc6c2d.jpeg?h=225&w=225,
312573647,Kolios Feta Cheese Cubes In Brine 370G,https://www.tesco.com/groceries/en-GB/shop/fresh-food/all?department=Cheese&viewAll=department&page=,£2.25,£15.00/kg DR.WT,,,/groceries/en-GB/products/312573647,https://digitalcontent.api.tesco.com/v2/media/ghs/29caac86-42fa-4a35-868f-aca65a5ee0d2/5d90c034-0c32-4b22-8995-8b4ec0c5f201_1716299110.jpeg?h=225&w=225,
309206653,Tesco Finest Red Leicester Bite With Garlic & Black Pepper 150G,https://www.tesco.com/groceries/en-GB/shop/fresh-food/all?department=Cheese&viewAll=department&page=,£3.15,£21.00/kg,,,/groceries/en-GB/products/309206653,https://digitalcontent.api.tesco.com/v2/media/ghs/2feb745e-9ef3-4986-9a5d-feed568c5d47/a51a7f93-82bf-4522-b2fd-26687b03ea7e_610334799.jpeg?h=225&w=225,
295445644,Tesco Lactose Free Mozzarella 210G,https://www.tesco.com/groceries/en-GB/shop/fresh-food/all?department=Cheese&viewAll=department&page=,£1.60,£12.80/kg DR.WT,,,/groceries/en-GB/products/295445644,https://digitalcontent.api.tesco.com/v2/media/ghs/e818ef03-12e7-492c-97ac-f69c5a32521f/44a23df2-820f-4a28-ac26-7da01be921bc.jpeg?h=225&w=225,
312091007,Tesco Finest Matured Lancashire Cream Cheese 140G,https://www.tesco.com/groceries/en-GB/shop/fresh-food/all?department=Cheese&viewAll=department&page=,£2.80,£20.00/kg,£2.20 Clubcard Price,,/groceries/en-GB/products/312091007,https://digitalcontent.api.tesco.com/v2/media/ghs/72b38a34-302b-45cb-b487-3aced709db7d/dad6af1c-7c9d-48b6-9870-53f974cb3114_2125943349.jpeg?h=225&w=225,
309197253,The Artisan Bread Company Mini Wheat Toast 90G,https://www.tesco.com/groceries/en-GB/shop/fresh-food/all?department=Cheese&viewAll=department&page=,£1.80,£2.00/100g,Any 2 for £2.50 Clubcard Price - Selected Cheese Accompaniments 70g - 150g,,/groceries/en-GB/products/309197253,https://digitalcontent.api.tesco.com/v2/media/ghs/5495712c-3267-4bbd-8c48-3522c770b99c/fc5d090f-03d4-4e4e-8df0-bbbcb833204d_1701094768.jpeg?h=225&w=225,
309174050,The Artisan Bread Company Wheat Toast 150G,https://www.tesco.com/groceries/en-GB/shop/fresh-food/all?department=Cheese&viewAll=department&page=,£1.80,£1.20/100g,Any 2 for £2.50 Clubcard Price - Selected Cheese Accompaniments 70g - 150g,,/groceries/en-GB/products/309174050,https://digitalcontent.api.tesco.com/v2/media/ghs/6f67d923-ce0e-43cd-ad79-da8e5eb59c61/d5d12bdd-70b2-4ce3-9cee-b1ee5ae6e7b9_1848471671.jpeg?h=225&w=225,
290455542,Le Rustique Grand Camembert 350G,https://www.tesco.com/groceries/en-GB/shop/fresh-food/all?department=Cheese&viewAll=department&page=,£2.80,£8.00/kg,,New,/groceries/en-GB/products/290455542,https://digitalcontent.api.tesco.com/v2/media/ghs/71d2991f-fa61-42f5-a162-9fbca200f1aa/e30208c3-54b7-491a-9fe0-fa73cac613f7_1627665398.jpeg?h=225&w=225,
257824378,Tesco Finest Reblochon 220G,https://www.tesco.com/groceries/en-GB/shop/fresh-food/all?department=Cheese&viewAll=department&page=,£3.25,£14.78/kg,,,/groceries/en-GB/products/257824378,https://digitalcontent.api.tesco.com/v2/media/ghs/478bf0f3-88c6-4e5e-8191-b6c49d027140/a407891a-13fd-4e2a-8e3d-c20c2c1f784e.jpeg?h=225&w=225,
310654685,Tesco Finest Stratford Blue Cream Cheese 140G,https://www.tesco.com/groceries/en-GB/shop/fresh-food/all?department=Cheese&viewAll=department&page=,£2.80,£20.00/kg,£2.20 Clubcard Price,,/groceries/en-GB/products/310654685,https://digitalcontent.api.tesco.com/v2/media/ghs/985fa5d6-6da3-4b7c-9032-8f02636ad012/412e5f72-e031-4006-ba3a-50bb163fb1ac_596262740.jpeg?h=225&w=225,
310116580,St Agur Mini Bites With Blue Cheese 100G,https://www.tesco.com/groceries/en-GB/shop/fresh-food/all?department=Cheese&viewAll=department&page=,£2.20,£22.00/kg,Any 3 for £6 Clubcard Price - Selected Cheese And Sliced Cooked Meats 30g - 220g,,/groceries/en-GB/products/310116580,https://digitalcontent.api.tesco.com/v2/media/ghs/63e3447d-0948-42cd-8a05-25e2626df9f4/f9ebe836-666e-4c3a-a78b-3ecdee8d8ed4.jpeg?h=225&w=225,
310136279,Tesco Finest Montagnolo Affine 160G,https://www.tesco.com/groceries/en-GB/shop/fresh-food/all?department=Cheese&viewAll=department&page=,£2.75,£17.19/kg,,,/groceries/en-GB/products/310136279,https://digitalcontent.api.tesco.com/v2/media/ghs/fb25c6d9-ea8a-4d36-8892-3e08ba509332/2ec2c154-263a-4e7d-82e1-6b7fc4b9bd2b.jpeg?h=225&w=225,
312561244,1912 Artisan Blue Stilton Cheese 150G,https://www.tesco.com/groceries/en-GB/shop/fresh-food/all?department=Cheese&viewAll=department&page=,£3.00,£20.00/kg,£2.25 Clubcard Price,,/groceries/en-GB/products/312561244,https://digitalcontent.api.tesco.com/v2/media/ghs/fdbefbfb-584b-4e34-8376-3e654088ac97/6036b627-5661-4073-a60f-7dc3ec045def_1523781356.jpeg?h=225&w=225,
308114020,Activia Yogurt No Added Sugar Cherry 4X115g,https://www.tesco.com/groceries/en-GB/shop/fresh-food/all?department=Yoghurts&viewAll=department&page=,£2.30,£0.50/100g,,,/groceries/en-GB/products/308114020,https://digitalcontent.api.tesco.com/v2/media/ghs/b8a0e6cd-c2cd-4eb3-8f61-94f597476801/bba25a81-346a-4bda-984e-ec32d26755a6.jpeg?h=225&w=225,
308114446,Activia Strawberry Yogurt 4X115g,https://www.tesco.com/groceries/en-GB/shop/fresh-food/all?department=Yoghurts&viewAll=department&page=,£2.30,£0.50/100g,,,/groceries/en-GB/products/308114446,https://digitalcontent.api.tesco.com/v2/media/ghs/6db3f86f-607f-4c00-b57d-0099aecd32d9/7c196422-d610-429d-b987-c2250450d7c2.jpeg?h=225&w=225,
308099590,Activia Rhubarb Yogurt 4X115g,https://www.tesco.com/groceries/en-GB/shop/fresh-food/all?department=Yoghurts&viewAll=department&page=,£2.30,£0.50/100g,,,/groceries/en-GB/products/308099590,https://digitalcontent.api.tesco.com/v2/media/ghs/8cea9e75-1afa-4d9a-99b8-f91dea66f360/8286ce41-5e93-4871-8442-77c18faf7fc4.jpeg?h=225&w=225,
308090229,Activia Peach No Added Sugar Yogurt 4X115g,https://www.tesco.com/groceries/en-GB/shop/fresh-food/all?department=Yoghurts&viewAll=department&page=,£2.30,£0.50/100g,,,/groceries/en-GB/products/308090229,https://digitalcontent.api.tesco.com/v2/media/ghs/2f1e34ab-6627-4847-a449-ac4a9ffcfc18/8b811ecf-f3ad-43e4-871a-ac3b80657595.jpeg?h=225&w=225,
256381115,Tesco Finest Greek Yogurt 500G,https://www.tesco.com/groceries/en-GB/shop/fresh-food/all?department=Yoghurts&viewAll=department&page=,£2.25,£0.45/100g,,,/groceries/en-GB/products/256381115,https://digitalcontent.api.tesco.com/v2/media/ghs/830bac5d-1187-4190-831b-18b5f8222f6c/68e20a6a-b934-4b3c-9a71-698cf9b714f1.jpeg?h=225&w=225,
302218500,Activia Low Fat Yogurt Vanilla & Granola 165G,https://www.tesco.com/groceries/en-GB/shop/fresh-food/all?department=Yoghurts&viewAll=department&page=,£1.55,£0.94/100g,Any 4 for £3 Clubcard Price - Selected Dairy Products 150g - 200g,,/groceries/en-GB/products/302218500,https://digitalcontent.api.tesco.com/v2/media/ghs/76d46999-7c7a-4975-a2b3-859c9aa91e5f/7b2ce0d5-e78b-4ba3-9350-1e08f29ace43.jpeg?h=225&w=225,
311781503,Muller Corner Strawberry Peach & Apricot Yogurts 6 X 136G,https://www.tesco.com/groceries/en-GB/shop/fresh-food/all?department=Yoghurts&viewAll=department&page=,£3.50,£0.43/100g,£2.50 Clubcard Price,,/groceries/en-GB/products/311781503,https://digitalcontent.api.tesco.com/v2/media/ghs/77c165b1-2c56-4e1c-a2ad-53ca72a72386/b10fdd68-680b-4aff-980f-0d6a795090d9.jpeg?h=225&w=225,
311937292,Muller Corner Vanilla & Banana Chocolate Balls & Flakes 6 X 124G,https://www.tesco.com/groceries/en-GB/shop/fresh-food/all?department=Yoghurts&viewAll=department&page=,£3.50,£0.47/100g,£2.50 Clubcard Price,,/groceries/en-GB/products/311937292,https://digitalcontent.api.tesco.com/v2/media/ghs/01ac09a6-79da-475e-8d2c-07e717c83286/f659d426-345c-4eae-a382-01838d17aaa7.jpeg?h=225&w=225,
311684019,Muller Corner Strawberry Shortcakes & Milk Chocolate Digestive 6 X 124G,https://www.tesco.com/groceries/en-GB/shop/fresh-food/all?department=Yoghurts&viewAll=department&page=,£3.50,£0.47/100g,£2.50 Clubcard Price,,/groceries/en-GB/products/311684019,https://digitalcontent.api.tesco.com/v2/media/ghs/d0eb0bac-9afd-4589-8347-96d10db7a992/cb33ceb1-cc98-4dcb-9e61-aa1cea370ef2.jpeg?h=225&w=225,
287960541,Arla Skyr Natural 450G,https://www.tesco.com/groceries/en-GB/shop/fresh-food/all?department=Yoghurts&viewAll=department&page=,£1.75,£0.39/100g,£1.25 Clubcard Price,,/groceries/en-GB/products/287960541,https://digitalcontent.api.tesco.com/v2/media/ghs/b0cbbdb1-f2ec-4e10-b33f-9949d92e6d9e/193053e9-e502-4476-8673-dcee48f20e24.jpeg?h=225&w=225,
302328963,Frubes Strawberry Yogurts 9X37g,https://www.tesco.com/groceries/en-GB/shop/fresh-food/all?department=Yoghurts&viewAll=department&page=,£2.00,£0.60/100g,£1.50 Clubcard Price,,/groceries/en-GB/products/302328963,https://digitalcontent.api.tesco.com/v2/media/ghs/7d1b3448-69fc-4667-9bba-3a88355bbd94/2d96ce11-96d6-44a7-9889-7409c168bea7.jpeg?h=225&w=225,
302328940,Frubes Strawberry Red Berry & Peach Yogurts 9X37g,https://www.tesco.com/groceries/en-GB/shop/fresh-food/all?department=Yoghurts&viewAll=department&page=,£2.00,£0.60/100g,£1.50 Clubcard Price,,/groceries/en-GB/products/302328940,https://digitalcontent.api.tesco.com/v2/media/ghs/245c687e-5dd6-4fe9-a36b-d8141bd6d0d0/3633c787-ce11-401f-a206-01dd66188093.jpeg?h=225&w=225,
311950056,Muller Rice Low Fat Original Pudding 170G,https://www.tesco.com/groceries/en-GB/shop/fresh-food/all?department=Yoghurts&viewAll=department&page=,£0.75,£0.44/100g,6 for £3 or 10 for £4 Clubcard Price - Muller Yoghurt 124g-170g,,/groceries/en-GB/products/311950056,https://digitalcontent.api.tesco.com/v2/media/ghs/e0039a49-5274-4420-9bda-db4f8ea07629/4dcf04db-f2d9-4d39-802b-d9a1b295e122.jpeg?h=225&w=225,
301253516,Lindahls Kvarg Raspberry 150G Pot,https://www.tesco.com/groceries/en-GB/shop/fresh-food/all?department=Yoghurts&viewAll=department&page=,£1.10,£0.73/100g,Any 4 for £3 Clubcard Price - Selected Dairy Products 150g - 200g,,/groceries/en-GB/products/301253516,https://digitalcontent.api.tesco.com/v2/media/ghs/d79572d3-99e8-414e-b8a4-460b5f0fd1aa/30360227-5ccb-4c05-b24d-157a608ec3f1.jpeg?h=225&w=225,
286702423,Arla Protein Strawberry 200G,https://www.tesco.com/groceries/en-GB/shop/fresh-food/all?department=Yoghurts&viewAll=department&page=,£1.25,£0.62/100g,Any 4 for £3 Clubcard Price - Selected Dairy Products 150g - 200g,,/groceries/en-GB/products/286702423,https://digitalcontent.api.tesco.com/v2/media/ghs/8107e88e-7a85-4fb3-8783-e2beac322b54/4716852d-6c93-4649-bc65-0d15b006ded8.jpeg?h=225&w=225,
311252721,Muller Rice Low Fat Vanilla Custard Pudding 170G,https://www.tesco.com/groceries/en-GB/shop/fresh-food/all?department=Yoghurts&viewAll=department&page=,£0.75,£0.44/100g,6 for £3 or 10 for £4 Clubcard Price - Muller Yoghurt 124g-170g,,/groceries/en-GB/products/311252721,https://digitalcontent.api.tesco.com/v2/media/ghs/0bbe8e48-f9c7-46aa-8095-87531eec03f1/c057b8c5-e5cd-49d4-9d49-58d18af76810.jpeg?h=225&w=225,
252857372,Nestle Aero Chocolate Mousse 4 Pack 236G,https://www.tesco.com/groceries/en-GB/shop/fresh-food/all?department=Yoghurts&viewAll=department&page=,,,,,/groceries/en-GB/products/252857372,https://digitalcontent.api.tesco.com/v2/media/ghs/c6cfa089-e75b-4247-9717-f615d8ae0083/5fc7a609-cb5e-4500-b8e6-953fc3ee83e6.jpeg?h=225&w=225,This product's currently out of stock
262042556,Ski Smooth Strawberry & Raspberry Yogurt 4X120g,https://www.tesco.com/groceries/en-GB/shop/fresh-food/all?department=Yoghurts&viewAll=department&page=,£1.00,£0.21/100g,,,/groceries/en-GB/products/262042556,https://digitalcontent.api.tesco.com/v2/media/ghs/07494b12-4c20-480c-acda-9097884effba/99d10339-c37a-497d-9fff-7223356c3385.jpeg?h=225&w=225,
268776788,Munch Bunch Double Up Strawberry & Vanilla Yogurt 4X85g,https://www.tesco.com/groceries/en-GB/shop/fresh-food/all?department=Yoghurts&viewAll=department&page=,£1.50,£0.44/100g,£1.25 Clubcard Price,,/groceries/en-GB/products/268776788,https://digitalcontent.api.tesco.com/v2/media/ghs/c971d8b3-b527-4dee-8820-2d69fff13c5d/d26c7dcb-c5a7-4fc9-9142-4fe0347f82ad.jpeg?h=225&w=225,
286702291,Arla Protein Raspberry 200G,https://www.tesco.com/groceries/en-GB/shop/fresh-food/all?department=Yoghurts&viewAll=department&page=,£1.25,£0.62/100g,Any 4 for £3 Clubcard Price - Selected Dairy Products 150g - 200g,,/groceries/en-GB/products/286702291,https://digitalcontent.api.tesco.com/v2/media/ghs/0bfc0c16-e1a8-49c3-b45d-89a7cc2c91aa/ce7d7bcd-a388-433c-901c-ef905f233391.jpeg?h=225&w=225,
271641638,Peppa Pig Strawberry Fromage Frais 6X45g,https://www.tesco.com/groceries/en-GB/shop/fresh-food/all?department=Yoghurts&viewAll=department&page=,£1.00,£0.37/100g,,,/groceries/en-GB/products/271641638,https://digitalcontent.api.tesco.com/v2/media/ghs/c5856a9e-a646-4eec-b693-1b214a2a342a/c8060fa7-1154-4a28-8088-e28d08c9e4eb.jpeg?h=225&w=225,
299970418,Tesco Fromage Frais Strawberry Raspberry Pouches 4 X 80G,https://www.tesco.com/groceries/en-GB/shop/fresh-food/all?department=Yoghurts&viewAll=department&page=,£1.20,£0.38/100g,,,/groceries/en-GB/products/299970418,https://digitalcontent.api.tesco.com/v2/media/ghs/2f253338-4c2f-4b0a-b2c3-f610b9705a41/50d40573-85c8-4be9-a404-8194d8c9ea15.jpeg?h=225&w=225,
311955794,Muller Corner Vanilla Yogurt With Chocolate Balls 124G,https://www.tesco.com/groceries/en-GB/shop/fresh-food/all?department=Yoghurts&viewAll=department&page=,£0.75,£0.60/100g,6 for £3 or 10 for £4 Clubcard Price - Muller Yoghurt 124g-170g,,/groceries/en-GB/products/311955794,https://digitalcontent.api.tesco.com/v2/media/ghs/2c69ecde-9333-450d-bea0-662682ebc1d7/332d4274-60e3-4de0-b404-10a3aa189700.jpeg?h=225&w=225,
296360788,Tesco Greek Style Natural Yogurt 1Kg,https://www.tesco.com/groceries/en-GB/shop/fresh-food/all?department=Yoghurts&viewAll=department&page=,£1.80,£0.18/100g,,,/groceries/en-GB/products/296360788,,
311954680,Muller Corner Strawberry Yogurt 136G,https://www.tesco.com/groceries/en-GB/shop/fresh-food/all?department=Yoghurts&viewAll=department&page=,£0.75,£0.55/100g,6 for £3 or 10 for £4 Clubcard Price - Muller Yoghurt 124g-170g,,/groceries/en-GB/products/311954680,https://digitalcontent.api.tesco.com/v2/media/ghs/34e772a0-df88-479e-be84-cffe89c5b557/8092a7bb-5d1e-4d00-9cca-69f1e4a1701c.jpeg?h=225&w=225,
258170229,Tesco Greek Style Yogurt 500G,https://www.tesco.com/groceries/en-GB/shop/fresh-food/all?department=Yoghurts&viewAll=department&page=,£1.00,£0.20/100g,,,/groceries/en-GB/products/258170229,https://digitalcontent.api.tesco.com/v2/media/ghs/b16df558-9a32-4ddd-9b12-aa77537b38d9/5f73726d-a928-48ea-be3f-b392627686a4.jpeg?h=225&w=225,
311804037,Muller Corner Red Cherry Yogurt 136G,https://www.tesco.com/groceries/en-GB/shop/fresh-food/all?department=Yoghurts&viewAll=department&page=,£0.75,£0.55/100g,6 for £3 or 10 for £4 Clubcard Price - Muller Yoghurt 124g-170g,,/groceries/en-GB/products/311804037,https://digitalcontent.api.tesco.com/v2/media/ghs/f03ce6eb-b937-4cf3-91b0-a3665ee3f2c0/15d51796-ce3a-4a7e-8872-fa1c11e2dbaf.jpeg?h=225&w=225,
274510599,Tesco 0% Fat Greek Style Yogurt 500G,https://www.tesco.com/groceries/en-GB/shop/fresh-food/all?department=Yoghurts&viewAll=department&page=,£1.00,£0.20/100g,,,/groceries/en-GB/products/274510599,https://digitalcontent.api.tesco.com/v2/media/ghs/cdcb86c3-b584-4e9c-af95-3c7a54ed2b57/934115fb-5a75-49e4-832d-23f3c88de8ae.jpeg?h=225&w=225,
303668126,Muller Light Banana Custard Yogurt 160G,https://www.tesco.com/groceries/en-GB/shop/fresh-food/all?department=Yoghurts&viewAll=department&page=,£0.75,£0.47/100g,6 for £3 or 10 for £4 Clubcard Price - Muller Yoghurt 124g-170g,,/groceries/en-GB/products/303668126,https://digitalcontent.api.tesco.com/v2/media/ghs/17a8ede5-af55-4b2f-b1e7-1bb3d10e3657/6b5cfae5-41ce-4e5e-9adc-f2463a122745.jpeg?h=225&w=225,
311201828,Muller Corner Toffee Hoops Yogurt 124G,https://www.tesco.com/groceries/en-GB/shop/fresh-food/all?department=Yoghurts&viewAll=department&page=,£0.75,£0.60/100g,6 for £3 or 10 for £4 Clubcard Price - Muller Yoghurt 124g-170g,,/groceries/en-GB/products/311201828,https://digitalcontent.api.tesco.com/v2/media/ghs/7f2713e0-5bee-4e16-8484-db06ca56a613/f1291818-10d0-4ef1-810d-161efc42b8bf.jpeg?h=225&w=225,
286702481,Arla Protein Blueberry 200G,https://www.tesco.com/groceries/en-GB/shop/fresh-food/all?department=Yoghurts&viewAll=department&page=,£1.25,£0.62/100g,Any 4 for £3 Clubcard Price - Selected Dairy Products 150g - 200g,,/groceries/en-GB/products/286702481,https://digitalcontent.api.tesco.com/v2/media/ghs/96f93681-790f-45a4-900e-34645f8ab7e2/e889118c-b3a1-4406-8aad-4214ee9d757e.jpeg?h=225&w=225,
305961835,Creamfields 4 Pack Strawberry Raspberry Yogurt Pouches 320G,https://www.tesco.com/groceries/en-GB/shop/fresh-food/all?department=Yoghurts&viewAll=department&page=,£0.85,£0.27/100g,Aldi Price Match,,/groceries/en-GB/products/305961835,https://digitalcontent.api.tesco.com/v2/media/ghs/e63930c9-0ac2-46e6-811b-257654e2a0c8/2d9cb49b-65b7-44eb-ae72-a97083178274.jpeg?h=225&w=225,
296091386,Arla Protein Strawberry Pouch Yogurt 200G,https://www.tesco.com/groceries/en-GB/shop/fresh-food/all?department=Yoghurts&viewAll=department&page=,£1.30,£0.65/100g,Any 4 for £3 Clubcard Price - Selected Dairy Products 150g - 200g,,/groceries/en-GB/products/296091386,https://digitalcontent.api.tesco.com/v2/media/ghs/d6eb7532-bd2c-48c4-848c-dcca5f4f758d/c31154d0-f434-4e28-b61e-588ede9b31d7.jpeg?h=225&w=225,
307348303,Creamfields Greek Style Natural Yogurt 500G,https://www.tesco.com/groceries/en-GB/shop/fresh-food/all?department=Yoghurts&viewAll=department&page=,£0.79,£0.16/100g,Aldi Price Match,,/groceries/en-GB/products/307348303,https://digitalcontent.api.tesco.com/v2/media/ghs/69ebb9a7-edf7-4abf-b8ab-7fcdd1c7a649/098dbc60-0c9d-46a1-bbb0-d82eed344580.jpeg?h=225&w=225,
299970378,Creamfields Apricot Strawberry Raspberry Fromage Frais 12 X 50G,https://www.tesco.com/groceries/en-GB/shop/fresh-food/all?department=Yoghurts&viewAll=department&page=,£0.80,£0.13/100g,Aldi Price Match,,/groceries/en-GB/products/299970378,https://digitalcontent.api.tesco.com/v2/media/ghs/59981b2a-3c32-4696-9099-8ea29f89dfae/6b4406c6-c133-4346-bd5c-a9a2e651cc7a.jpeg?h=225&w=225,
307133459,Creamfields Fat Free Greek Style Natural Yogurt 500G,https://www.tesco.com/groceries/en-GB/shop/fresh-food/all?department=Yoghurts&viewAll=department&page=,£0.75,£0.15/100g,Aldi Price Match,,/groceries/en-GB/products/307133459,https://digitalcontent.api.tesco.com/v2/media/ghs/4f370484-f3f6-4a36-ab12-f03df102049e/c124571a-a296-4341-a9cd-d8ab4a6ebdc2.jpeg?h=225&w=225,
299970292,Creamfields Low Fat Natural Yogurt 500G,https://www.tesco.com/groceries/en-GB/shop/fresh-food/all?department=Yoghurts&viewAll=department&page=,£0.45,£0.09/100g,Aldi Price Match,,/groceries/en-GB/products/299970292,https://digitalcontent.api.tesco.com/v2/media/ghs/af071c49-f962-4196-9afa-56d94868bbe5/ab562654-c25d-431e-9a1a-31671c82580b.jpeg?h=225&w=225,
299970270,Creamfields Berry Medley Low Fat Yogurt 6X125g,https://www.tesco.com/groceries/en-GB/shop/fresh-food/all?department=Yoghurts&viewAll=department&page=,£0.85,£0.11/100g,Aldi Price Match,,/groceries/en-GB/products/299970270,https://digitalcontent.api.tesco.com/v2/media/ghs/d6a3822d-404b-4ec3-b7ed-815f2ece56b8/6b24b6cd-925f-4665-892c-9c0795c55539.jpeg?h=225&w=225,
311935766,Muller Light Red Fruit Assorted Fat Free Yogurt 6X140g,https://www.tesco.com/groceries/en-GB/shop/fresh-food/all?department=Yoghurts&viewAll=department&page=,£3.50,£0.42/100g,,,/groceries/en-GB/products/311935766,https://digitalcontent.api.tesco.com/v2/media/ghs/4e0e69b5-9495-4171-a19f-c9be6ceca17f/e8035628-72e2-49db-b583-a21b5e9a6232.jpeg?h=225&w=225,
307745501,Activia No Added Sugar Vanilla Yogurt 4X115g,https://www.tesco.com/groceries/en-GB/shop/fresh-food/all?department=Yoghurts&viewAll=department&page=,£2.30,£0.50/100g,,,/groceries/en-GB/products/307745501,https://digitalcontent.api.tesco.com/v2/media/ghs/f01e4c32-c583-4757-b870-60013a7be6b3/26df307e-186d-4c46-ae00-765013b46f78.jpeg?h=225&w=225,
308113849,Activia Strawberry No Added Sugar Yogurt 4 X 115G,https://www.tesco.com/groceries/en-GB/shop/fresh-food/all?department=Yoghurts&viewAll=department&page=,£2.30,£0.50/100g,,,/groceries/en-GB/products/308113849,https://digitalcontent.api.tesco.com/v2/media/ghs/90f06c03-29de-4047-8d09-cf11f64eb775/85c5195c-1f0a-45f7-ac9f-76556544a9c8.jpeg?h=225&w=225,
256145937,Actimel Multifruit Drink 8X100g,https://www.tesco.com/groceries/en-GB/shop/fresh-food/all?department=Yoghurts&viewAll=department&page=,£3.25,£0.41/100g,£2.50 Clubcard Price,,/groceries/en-GB/products/256145937,https://digitalcontent.api.tesco.com/v2/media/ghs/1b934579-6d5b-44c1-9d48-bc6bbce0a959/1a9bd95d-f9a5-4b4a-a491-8a0025eeb384.jpeg?h=225&w=225,
273627768,Danone Oykos Greek Style Yogurt Strawberry 4X110g,https://www.tesco.com/groceries/en-GB/shop/fresh-food/all?department=Yoghurts&viewAll=department&page=,£2.20,£0.50/100g,,,/groceries/en-GB/products/273627768,https://digitalcontent.api.tesco.com/v2/media/ghs/ddfcd755-3b9f-4474-b5e3-40f0f3f6cd07/018604c5-996e-4da1-b6ac-aa75e3130925.jpeg?h=225&w=225,
255084895,Danone Actimel Strawberry Drink 8X100g,https://www.tesco.com/groceries/en-GB/shop/fresh-food/all?department=Yoghurts&viewAll=department&page=,£3.25,£0.41/100g,£2.50 Clubcard Price,,/groceries/en-GB/products/255084895,https://digitalcontent.api.tesco.com/v2/media/ghs/95273345-d746-4ad2-977b-e600c59d8893/9ee522ce-3051-4df2-b80c-ba890a068c16.jpeg?h=225&w=225,
276884964,Muller Light Chocolate Fix Milk Chocolate 4 Pack 400G,https://www.tesco.com/groceries/en-GB/shop/fresh-food/all?department=Yoghurts&viewAll=department&page=,£2.00,£0.50/100g,,,/groceries/en-GB/products/276884964,https://digitalcontent.api.tesco.com/v2/media/ghs/d93447ca-b756-4fa0-9770-fbab455ebbd6/21561953-63d0-49da-a39a-759924213805.jpeg?h=225&w=225,
266864059,Yeo Valley Greek Style Honey Yogurt 4X100g,https://www.tesco.com/groceries/en-GB/shop/fresh-food/all?department=Yoghurts&viewAll=department&page=,£2.40,£0.60/100g,£1.75 Clubcard Price,,/groceries/en-GB/products/266864059,https://digitalcontent.api.tesco.com/v2/media/ghs/6a2f1d46-c280-411d-a1f6-e10b8b519da3/def0d28c-1416-4000-ab97-b81ea3154c80.jpeg?h=225&w=225,
309788959,Tesco Finest Lemon Curd Yogurt 150G,https://www.tesco.com/groceries/en-GB/shop/fresh-food/all?department=Yoghurts&viewAll=department&page=,£0.95,£0.63/100g,,,/groceries/en-GB/products/309788959,https://digitalcontent.api.tesco.com/v2/media/ghs/0be621c9-6377-4344-a617-ca52620cfce6/11845045-00fe-4435-9e73-9d33c10756f9.jpeg?h=225&w=225,
305959319,Activia Low Fat Yogurt Raspberry & Chia Muesli 165G,https://www.tesco.com/groceries/en-GB/shop/fresh-food/all?department=Yoghurts&viewAll=department&page=,£1.55,£0.94/100g,Any 4 for £3 Clubcard Price - Selected Dairy Products 150g - 200g,,/groceries/en-GB/products/305959319,https://digitalcontent.api.tesco.com/v2/media/ghs/4c7f3980-eee5-490f-92f6-e82565eb2105/92bb2cbc-1e70-4bf0-91c0-a56e10ae84ac.jpeg?h=225&w=225,
302218990,Yeo Kefir Natural Organic Yogurt 350G,https://www.tesco.com/groceries/en-GB/shop/fresh-food/all?department=Yoghurts&viewAll=department&page=,£1.70,£0.49/100g,,,/groceries/en-GB/products/302218990,https://digitalcontent.api.tesco.com/v2/media/ghs/4488834f-0362-4597-b5dd-58bd966a2903/97205524-dbb4-4ade-9c64-67c6b11cd646.jpeg?h=225&w=225,
312573408,Yeo Valley Organic Natural Yogurt 450G,https://www.tesco.com/groceries/en-GB/shop/fresh-food/all?department=Yoghurts&viewAll=department&page=,£1.95,£0.43/100g,£1.50 Clubcard Price,,/groceries/en-GB/products/312573408,https://digitalcontent.api.tesco.com/v2/media/ghs/a4723ee4-32cb-4e7e-ae16-12038a00244d/86f1064f-d57e-4c51-b055-03464a523b0f.jpeg?h=225&w=225,
312356136,Yeo Valley Organic 0% Fat Natural Yogurt 450G,https://www.tesco.com/groceries/en-GB/shop/fresh-food/all?department=Yoghurts&viewAll=department&page=,£1.95,£0.43/100g,£1.50 Clubcard Price,,/groceries/en-GB/products/312356136,https://digitalcontent.api.tesco.com/v2/media/ghs/71c3ee29-42a2-40a0-930a-2b43add7c2b1/bc14331f-76b1-434b-9b5f-f0c735fc0624.jpeg?h=225&w=225,
300543814,Muller Corner Bliss Cheesecake Salted Caramel 4X100g,https://www.tesco.com/groceries/en-GB/shop/fresh-food/all?department=Yoghurts&viewAll=department&page=,£2.25,£0.56/100g,,,/groceries/en-GB/products/300543814,https://digitalcontent.api.tesco.com/v2/media/ghs/be2f3941-d384-43f3-bbec-32ae7799b7e2/6e7a6af3-3410-461d-86df-8a6ea0f622eb.jpeg?h=225&w=225,
285020943,Petits Filous Strawberry &R/Berry Fromage Frais 4X85g,https://www.tesco.com/groceries/en-GB/shop/fresh-food/all?department=Yoghurts&viewAll=department&page=,£1.35,£0.40/100g,,,/groceries/en-GB/products/285020943,https://digitalcontent.api.tesco.com/v2/media/ghs/5d88e15d-561a-4f8f-a0da-9276545dad8f/3c87765c-ab5e-47f7-9cfd-4c9272f8dcd0.jpeg?h=225&w=225,
285021026,Petits Filous Apricot & Strawberry Fromage Frais 4X85g,https://www.tesco.com/groceries/en-GB/shop/fresh-food/all?department=Yoghurts&viewAll=department&page=,£1.35,£0.40/100g,,,/groceries/en-GB/products/285021026,https://digitalcontent.api.tesco.com/v2/media/ghs/05fe5679-97cd-4498-865d-fb2f71418564/19646022-584d-4f85-a088-bb1aa1f9c054.jpeg?h=225&w=225,
285019796,Petits Filous Strawberry & Raspberry Fromage Frais 6 X 47G,https://www.tesco.com/groceries/en-GB/shop/fresh-food/all?department=Yoghurts&viewAll=department&page=,£1.60,£0.57/100g,,,/groceries/en-GB/products/285019796,https://digitalcontent.api.tesco.com/v2/media/ghs/7f6c6c5f-1cca-4d3c-9336-06dd9ba9ec41/8e730920-6425-40de-b36d-0eafa14e31ac.jpeg?h=225&w=225,
310111585,Tesco Finest Black Cherry Yogurt 150G,https://www.tesco.com/groceries/en-GB/shop/fresh-food/all?department=Yoghurts&viewAll=department&page=,£0.95,£0.63/100g,,,/groceries/en-GB/products/310111585,https://digitalcontent.api.tesco.com/v2/media/ghs/01e7d82b-ab9b-4499-83f8-6e33cc2cb353/31ceba9f-2479-4bca-a7a3-4f09e88c43c9.jpeg?h=225&w=225,
301253499,Lindahls Kvarg Vanilla 150G Pot,https://www.tesco.com/groceries/en-GB/shop/fresh-food/all?department=Yoghurts&viewAll=department&page=,£1.10,£0.73/100g,Any 4 for £3 Clubcard Price - Selected Dairy Products 150g - 200g,,/groceries/en-GB/products/301253499,https://digitalcontent.api.tesco.com/v2/media/ghs/2a5ddfd9-ff45-404c-8899-cf385977550c/9d8c6ab9-eff3-483b-a8ee-c2a1363f727d.jpeg?h=225&w=225,
306953849,Lindahls Kvarg White Chocolate 150G,https://www.tesco.com/groceries/en-GB/shop/fresh-food/all?department=Yoghurts&viewAll=department&page=,£1.10,£0.73/100g,Any 4 for £3 Clubcard Price - Selected Dairy Products 150g - 200g,,/groceries/en-GB/products/306953849,https://digitalcontent.api.tesco.com/v2/media/ghs/e70bb91f-a550-42e4-8b32-74944d916cfa/78570ede-b7cf-47c1-934b-b0f6ec5f7dfd.jpeg?h=225&w=225,
251791087,Yeo Valley Natural Yogurt 150G,https://www.tesco.com/groceries/en-GB/shop/fresh-food/all?department=Yoghurts&viewAll=department&page=,£0.85,£0.57/100g,,,/groceries/en-GB/products/251791087,https://digitalcontent.api.tesco.com/v2/media/ghs/a1ea605f-586b-45a5-8e3f-d663257ae810/7001816b-1f1b-4003-a5e8-d7c48f30b4db.jpeg?h=225&w=225,
305117056,Lindahls Kvarg Stracciatella Pot 150G,https://www.tesco.com/groceries/en-GB/shop/fresh-food/all?department=Yoghurts&viewAll=department&page=,£1.10,£0.73/100g,Any 4 for £3 Clubcard Price - Selected Dairy Products 150g - 200g,,/groceries/en-GB/products/305117056,https://digitalcontent.api.tesco.com/v2/media/ghs/cfcf38ec-5301-4c8a-824a-f835e9e3a852/c38653a6-2ed0-433e-a16d-4beff4d0ce8f.jpeg?h=225&w=225,
311681512,Muller Light Greek Style Lemon Yogurt 4X115g,https://www.tesco.com/groceries/en-GB/shop/fresh-food/all?department=Yoghurts&viewAll=department&page=,£2.25,£0.49/100g,£1.50 Clubcard Price,,/groceries/en-GB/products/311681512,https://digitalcontent.api.tesco.com/v2/media/ghs/151fbe6b-99f0-4e91-9dcb-93a9100ee69e/cc0b2068-bca0-444f-9593-746a2745c123.jpeg?h=225&w=225,
292612152,Light & Free Greek Style Strawberry Yogurt 4X115g,https://www.tesco.com/groceries/en-GB/shop/fresh-food/all?department=Yoghurts&viewAll=department&page=,£2.35,£0.51/100g,£1.50 Clubcard Price,,/groceries/en-GB/products/292612152,https://digitalcontent.api.tesco.com/v2/media/ghs/3125eff1-930b-43d0-a589-1b4b26a8d7aa/9911d44b-e7df-4159-9be5-46a92cfcc58f.jpeg?h=225&w=225,
262042883,Ski Variety Fruit Yogurt 4X120g,https://www.tesco.com/groceries/en-GB/shop/fresh-food/all?department=Yoghurts&viewAll=department&page=,£1.00,£0.21/100g,,,/groceries/en-GB/products/262042883,https://digitalcontent.api.tesco.com/v2/media/ghs/40972665-226d-45b7-98d5-1f001ca40196/ae5a996d-8936-4309-8a76-86d061ade869.jpeg?h=225&w=225,
312346701,The Collective Suckies Strawberry Yogurt 90G,https://www.tesco.com/groceries/en-GB/shop/fresh-food/all?department=Yoghurts&viewAll=department&page=,£0.85,£0.94/100g,60p Clubcard Price,,/groceries/en-GB/products/312346701,https://digitalcontent.api.tesco.com/v2/media/ghs/b8c739b4-82a9-4b13-bbb2-86a6786ad39f/d1dbc1bd-b957-4f7d-9804-8c1b01315411.jpeg?h=225&w=225,
272429624,Tesco Greek Style Honey Yogurt 450G,https://www.tesco.com/groceries/en-GB/shop/fresh-food/all?department=Yoghurts&viewAll=department&page=,£1.35,£0.30/100g,,,/groceries/en-GB/products/272429624,https://digitalcontent.api.tesco.com/v2/media/ghs/a5e09611-9dde-4804-bfaf-7f5497b03888/1297f353-b749-4205-bd64-01444ff6c144.jpeg?h=225&w=225,
312703607,The Collective Suckies Peach Apricot Yogurt 90G,https://www.tesco.com/groceries/en-GB/shop/fresh-food/all?department=Yoghurts&viewAll=department&page=,£0.85,£0.94/100g,60p Clubcard Price,,/groceries/en-GB/products/312703607,https://digitalcontent.api.tesco.com/v2/media/ghs/90d12631-b0e1-47ba-a26e-1901c097f45a/ff5266cc-9357-4007-80a2-d197187bf87c.jpeg?h=225&w=225,
262043323,Munch Bunch Squashum Strawberry Yogurt Drink 6 X90g,https://www.tesco.com/groceries/en-GB/shop/fresh-food/all?department=Yoghurts&viewAll=department&page=,£1.75,£0.32/100g,£1.00 Clubcard Price,,/groceries/en-GB/products/262043323,https://digitalcontent.api.tesco.com/v2/media/ghs/d6688911-1adb-4478-b8c6-0973bd0d13be/25298b89-7a39-4535-b5dd-9e3c95e9d908.jpeg?h=225&w=225,
311261606,Muller Rice Low Fat Apple Pudding 170G,https://www.tesco.com/groceries/en-GB/shop/fresh-food/all?department=Yoghurts&viewAll=department&page=,£0.75,£0.44/100g,6 for £3 or 10 for £4 Clubcard Price - Muller Yoghurt 124g-170g,,/groceries/en-GB/products/311261606,https://digitalcontent.api.tesco.com/v2/media/ghs/aba88b96-7a07-4453-ba6e-0b0b63646d75/11d5db59-938c-40c3-b76a-d5f64db42089.jpeg?h=225&w=225,
293860633,Arla Protein Passion Fruit & Papaya 200G,https://www.tesco.com/groceries/en-GB/shop/fresh-food/all?department=Yoghurts&viewAll=department&page=,£1.25,£0.62/100g,Any 4 for £3 Clubcard Price - Selected Dairy Products 150g - 200g,,/groceries/en-GB/products/293860633,https://digitalcontent.api.tesco.com/v2/media/ghs/f5cd32ec-4930-4929-b93f-f691750e48eb/26b30470-713d-45d3-b2fe-878050686eaa.jpeg?h=225&w=225,
312341292,The Collective Suckies Raspberry Yogurt 90G,https://www.tesco.com/groceries/en-GB/shop/fresh-food/all?department=Yoghurts&viewAll=department&page=,£0.85,£0.94/100g,60p Clubcard Price,,/groceries/en-GB/products/312341292,https://digitalcontent.api.tesco.com/v2/media/ghs/9fc9944f-ea7b-48c5-be2e-0189ed166bbe/77d4d5bd-5a48-42fc-b775-41157d5bc3a1.jpeg?h=225&w=225,
287661132,Tesco Chocolate Mousse 6X60g,https://www.tesco.com/groceries/en-GB/shop/fresh-food/all?department=Yoghurts&viewAll=department&page=,£1.00,£0.28/100g,,,/groceries/en-GB/products/287661132,https://digitalcontent.api.tesco.com/v2/media/ghs/9ed489a9-c33a-414a-bf99-57dabbc9d00d/9d2f25a3-1f33-4d6e-aa0c-ff984058bd6c.jpeg?h=225&w=225,
303673373,Muller Light Vanilla Dark Chocolate Yogurt 160G,https://www.tesco.com/groceries/en-GB/shop/fresh-food/all?department=Yoghurts&viewAll=department&page=,£0.75,£0.47/100g,6 for £3 or 10 for £4 Clubcard Price - Muller Yoghurt 124g-170g,,/groceries/en-GB/products/303673373,https://digitalcontent.api.tesco.com/v2/media/ghs/b7e92a03-1a28-4ad4-b9cb-871908c07671/9cb9f3aa-e3e3-4f8b-91ad-729d8e3153af.jpeg?h=225&w=225,
303668149,Muller Light Toffee Yogurt 160G,https://www.tesco.com/groceries/en-GB/shop/fresh-food/all?department=Yoghurts&viewAll=department&page=,£0.75,£0.47/100g,6 for £3 or 10 for £4 Clubcard Price - Muller Yoghurt 124g-170g,,/groceries/en-GB/products/303668149,https://digitalcontent.api.tesco.com/v2/media/ghs/7f17ac26-ddf9-49f2-930b-b5ac1658d14d/c0595240-2523-4b55-bdbe-cd5a2a9235e2.jpeg?h=225&w=225,
303631204,Tesco 0% Greek Style Yogurt 1Kg,https://www.tesco.com/groceries/en-GB/shop/fresh-food/all?department=Yoghurts&viewAll=department&page=,£1.80,£0.18/100g,,,/groceries/en-GB/products/303631204,https://digitalcontent.api.tesco.com/v2/media/ghs/6ddcf75b-cfc3-4670-954a-e6ca35e26afd/acf6a978-6d7c-4774-b294-75b4b78ec5d6.jpeg?h=225&w=225,
311668391,Muller Rice Low Fat Strawberry Pudding 170G,https://www.tesco.com/groceries/en-GB/shop/fresh-food/all?department=Yoghurts&viewAll=department&page=,£0.75,£0.44/100g,6 for £3 or 10 for £4 Clubcard Price - Muller Yoghurt 124g-170g,,/groceries/en-GB/products/311668391,https://digitalcontent.api.tesco.com/v2/media/ghs/cdd47899-860c-441b-92e9-3a6c736874d9/bb8647f3-365e-4b56-bcc7-6bfbbe852827.jpeg?h=225&w=225,
281838783,Tesco 0% Fat Natural Yogurt 500G,https://www.tesco.com/groceries/en-GB/shop/fresh-food/all?department=Yoghurts&viewAll=department&page=,£1.00,£0.20/100g,,,/groceries/en-GB/products/281838783,https://digitalcontent.api.tesco.com/v2/media/ghs/7135a127-7171-41cf-98bb-e09afa6419f2/f3e12a52-37ba-4841-b39d-4b3bdedcc875.jpeg?h=225&w=225,
311426355,Muller Corner Vanilla Yogurt & Milk Chocolate Digestives 124G,https://www.tesco.com/groceries/en-GB/shop/fresh-food/all?department=Yoghurts&viewAll=department&page=,£0.75,£0.60/100g,6 for £3 or 10 for £4 Clubcard Price - Muller Yoghurt 124g-170g,,/groceries/en-GB/products/311426355,https://digitalcontent.api.tesco.com/v2/media/ghs/b2872e93-0db4-43e8-938f-cd77d7502d1d/915bc295-7f95-4303-a3c0-7ff62d531314.jpeg?h=225&w=225,
311941902,Muller Corner Banana Yogurt With Chocolate Flakes 124G,https://www.tesco.com/groceries/en-GB/shop/fresh-food/all?department=Yoghurts&viewAll=department&page=,£0.75,£0.60/100g,6 for £3 or 10 for £4 Clubcard Price - Muller Yoghurt 124g-170g,,/groceries/en-GB/products/311941902,https://digitalcontent.api.tesco.com/v2/media/ghs/962d926f-7506-4d0e-9ff8-c0bbddc84454/1661870e-55c6-4170-9572-4c95c96d5322.jpeg?h=225&w=225,
299770281,Tesco Natural Yogurt 500G,https://www.tesco.com/groceries/en-GB/shop/fresh-food/all?department=Yoghurts&viewAll=department&page=,£1.00,£0.20/100g,,,/groceries/en-GB/products/299770281,https://digitalcontent.api.tesco.com/v2/media/ghs/b3d0729a-5132-4759-a322-c76888fa04a5/ab8c6b96-d1aa-4c3b-876d-4c88aad53849.jpeg?h=225&w=225,
283587528,Tesco Greek Style Yogurt 4 X 100G,https://www.tesco.com/groceries/en-GB/shop/fresh-food/all?department=Yoghurts&viewAll=department&page=,£1.10,£0.28/100g,,,/groceries/en-GB/products/283587528,https://digitalcontent.api.tesco.com/v2/media/ghs/187e2cc9-a457-470a-8ecf-c37ed6310d6e/812cc5ef-f34e-4a11-9b90-196c61a0ddb9.jpeg?h=225&w=225,
299970234,Creamfields Low Fat Sunshine Fruit Yogurt 6X125g,https://www.tesco.com/groceries/en-GB/shop/fresh-food/all?department=Yoghurts&viewAll=department&page=,£0.85,£0.11/100g,Aldi Price Match,,/groceries/en-GB/products/299970234,https://digitalcontent.api.tesco.com/v2/media/ghs/70d81e16-dd9f-4bcf-9d81-5f5f51ab064b/b59c9341-1403-4758-a892-a34e5427ddc0.jpeg?h=225&w=225,
311957694,Muller Light Tffee Fat Free Yogurts 6X140g,https://www.tesco.com/groceries/en-GB/shop/fresh-food/all?department=Yoghurts&viewAll=department&page=,£3.50,£0.42/100g,,,/groceries/en-GB/products/311957694,https://digitalcontent.api.tesco.com/v2/media/ghs/c1357c38-388c-4fa1-9a9d-9b423693877e/706c4498-d573-4a73-8e01-ae5cbcee4eb3.jpeg?h=225&w=225,
311229018,Muller Light Fat Free Mango Psn/Fruit Peach Yogurt 6X140g,https://www.tesco.com/groceries/en-GB/shop/fresh-food/all?department=Yoghurts&viewAll=department&page=,£3.50,£0.42/100g,,,/groceries/en-GB/products/311229018,https://digitalcontent.api.tesco.com/v2/media/ghs/a781da15-3c1d-4318-86f7-2d81a4c30abb/8ddeca02-555d-4c87-a04a-cd82925b9255.jpeg?h=225&w=225,
311449178,Muller Light 0% Fat Vanilla Orange & Caramel Yogurt 6X140g,https://www.tesco.com/groceries/en-GB/shop/fresh-food/all?department=Yoghurts&viewAll=department&page=,£3.50,£0.42/100g,,,/groceries/en-GB/products/311449178,https://digitalcontent.api.tesco.com/v2/media/ghs/7159b143-61d9-4f9a-8007-8fa311870491/70032580-7421-4d92-973c-b1c7c809daa0.jpeg?h=225&w=225,
251354317,Yakult Fermented Milk Drink 7X65ml,https://www.tesco.com/groceries/en-GB/shop/fresh-food/all?department=Yoghurts&viewAll=department&page=,£3.25,£0.72/100ml,,,/groceries/en-GB/products/251354317,https://digitalcontent.api.tesco.com/v2/media/ghs/19a06d56-1276-4bf2-add9-ea6f84b082ca/b2a7e077-e77b-4f3c-8598-503873b79beb_109307984.jpeg?h=225&w=225,
311214047,Fage Total 0%Fat Greek Recipe Yogurt 950G,https://www.tesco.com/groceries/en-GB/shop/fresh-food/all?department=Yoghurts&viewAll=department&page=,£4.75,£0.50/100g,£3.95 Clubcard Price,,/groceries/en-GB/products/311214047,https://digitalcontent.api.tesco.com/v2/media/ghs/4f064d7a-de66-4134-9cd7-d83c88327c58/618c549a-606e-48ac-9fc3-ff37781813dd.jpeg?h=225&w=225,
308094369,Activia Yogurt Strawberry & Mixed Fruit 8X115g,https://www.tesco.com/groceries/en-GB/shop/fresh-food/all?department=Yoghurts&viewAll=department&page=,£3.50,£0.38/100g,,,/groceries/en-GB/products/308094369,https://digitalcontent.api.tesco.com/v2/media/ghs/5f8f3bc6-ff15-492f-acd2-9d7530b555fa/911b91cf-b969-4b5f-a596-246e9f7277e2.jpeg?h=225&w=225,
257720163,Danone Actimel Strawberry Drink 12X100g,https://www.tesco.com/groceries/en-GB/shop/fresh-food/all?department=Yoghurts&viewAll=department&page=,£4.20,£0.35/100g,,,/groceries/en-GB/products/257720163,https://digitalcontent.api.tesco.com/v2/media/ghs/de94bb92-066c-4f8c-830c-5792cd2f6b8a/848464dc-7e3b-44ad-a48e-e7beb4fba5ae.jpeg?h=225&w=225,
258207983,Danone Actimel Multifruit Drink 12X100g,https://www.tesco.com/groceries/en-GB/shop/fresh-food/all?department=Yoghurts&viewAll=department&page=,£4.20,£0.35/100g,,,/groceries/en-GB/products/258207983,https://digitalcontent.api.tesco.com/v2/media/ghs/777279e3-171f-4e3f-a73a-965af0a3f92e/b5746e93-0dbb-4807-bfea-3ad1b62fc42a.jpeg?h=225&w=225,
285021202,Petits Filous Variety Fromage Frais 18X47g,https://www.tesco.com/groceries/en-GB/shop/fresh-food/all?department=Yoghurts&viewAll=department&page=,£3.00,£0.36/100g,,,/groceries/en-GB/products/285021202,https://digitalcontent.api.tesco.com/v2/media/ghs/e056f23e-dfe5-4b11-a01b-445bfc08631e/cd97fedd-5a06-4789-9002-49de9826d4ad.jpeg?h=225&w=225,
264799122,Tesco Strawberry Yogurt Drinks 6X100g,https://www.tesco.com/groceries/en-GB/shop/fresh-food/all?department=Yoghurts&viewAll=department&page=,£1.90,£0.32/100g,,,/groceries/en-GB/products/264799122,https://digitalcontent.api.tesco.com/v2/media/ghs/0b555d8b-c915-4c5c-acf7-bd80e7723a24/60b3dc0a-f7f2-439a-9a01-50fbb8b76b2c.jpeg?h=225&w=225,
308089763,Activiva Yogurt No Added Sugar Raspberry 4X115g,https://www.tesco.com/groceries/en-GB/shop/fresh-food/all?department=Yoghurts&viewAll=department&page=,£2.30,£0.50/100g,,,/groceries/en-GB/products/308089763,https://digitalcontent.api.tesco.com/v2/media/ghs/445c62a4-c396-42bf-b6fd-4a02f135acf0/9ded3a45-ac61-47cc-b688-ff9d14228281.jpeg?h=225&w=225,
264930746,Alpro Vanilla Yogurt 500G,https://www.tesco.com/groceries/en-GB/shop/fresh-food/all?department=Yoghurts&viewAll=department&page=,£1.95,£0.39/100g,,,/groceries/en-GB/products/264930746,https://digitalcontent.api.tesco.com/v2/media/ghs/b2998b84-668a-4c36-ac05-7fd3eb94f868/14be8023-4dad-4f67-93dd-d9f96b669381.jpeg?h=225&w=225,
308105289,Activia Fusions Blueberry Yogurt 4X120g,https://www.tesco.com/groceries/en-GB/shop/fresh-food/all?department=Yoghurts&viewAll=department&page=,£2.30,£0.48/100g,,,/groceries/en-GB/products/308105289,https://digitalcontent.api.tesco.com/v2/media/ghs/9c852ed0-8427-4b6d-8064-b9734c60dee7/9de36ffd-1b14-4b5b-a46a-fc76bf0460c3.jpeg?h=225&w=225,
268804883,Onken Fat Free Vanilla Yogurt 450G,https://www.tesco.com/groceries/en-GB/shop/fresh-food/all?department=Yoghurts&viewAll=department&page=,£1.75,£0.39/100g,,,/groceries/en-GB/products/268804883,https://digitalcontent.api.tesco.com/v2/media/ghs/eb0d6495-a031-4882-8b3f-1bb3ef73fc54/9a3d57e3-8d7d-42cc-9cf3-e7a3b0a0b4ee.jpeg?h=225&w=225,
261945191,Tesco Finest Belgian Chocolate Mousse 100G,https://www.tesco.com/groceries/en-GB/shop/fresh-food/all?department=Yoghurts&viewAll=department&page=,£1.00,£1.00/100g,,,/groceries/en-GB/products/261945191,https://digitalcontent.api.tesco.com/v2/media/ghs/1226c535-22c1-467e-a67e-a49293be58eb/09ef569a-0e4d-43fe-8814-cba1f24b9654.jpeg?h=225&w=225,
311786711,Muller Corner Red Fruits & Blackberry Yogurts 6 X 136G,https://www.tesco.com/groceries/en-GB/shop/fresh-food/all?department=Yoghurts&viewAll=department&page=,£3.50,£0.43/100g,£2.50 Clubcard Price,,/groceries/en-GB/products/311786711,https://digitalcontent.api.tesco.com/v2/media/ghs/12b2a700-61ad-4cdb-ab7d-d97bbcb36317/6d1d625f-c233-43d9-8b25-5e77b75d963d.jpeg?h=225&w=225,
268780385,Onken Mango & Passion Fruit Yogurt 450G,https://www.tesco.com/groceries/en-GB/shop/fresh-food/all?department=Yoghurts&viewAll=department&page=,£1.75,£0.39/100g,,,/groceries/en-GB/products/268780385,https://digitalcontent.api.tesco.com/v2/media/ghs/f6644523-879e-421f-8e34-1e086bf010d4/e6a76565-8049-45d0-8338-33529c715ad3.jpeg?h=225&w=225,
296151638,Alpro Greek Style Strawberry Raspberry Yogurt Alternative 150G,https://www.tesco.com/groceries/en-GB/shop/fresh-food/all?department=Yoghurts&viewAll=department&page=,£1.00,£0.67/100g,80p Clubcard Price,,/groceries/en-GB/products/296151638,https://digitalcontent.api.tesco.com/v2/media/ghs/e463ff47-911e-49d0-ac92-5843aeefaa53/82cef5f3-7ba7-4acc-8b69-afdf1178bf33.jpeg?h=225&w=225,
293848551,Oykos Greek Style Blueberry Yogurt 4X115g,https://www.tesco.com/groceries/en-GB/shop/fresh-food/all?department=Yoghurts&viewAll=department&page=,£2.20,£0.48/100g,,,/groceries/en-GB/products/293848551,https://digitalcontent.api.tesco.com/v2/media/ghs/fe11a30b-d9d0-42cb-a0e1-8fec23e07d6b/19e50b4d-9655-490b-9b11-b4de9e99cf98.jpeg?h=225&w=225,
255639038,Yeo Valley Greek Style Natural Yogurt 450G,https://www.tesco.com/groceries/en-GB/shop/fresh-food/all?department=Yoghurts&viewAll=department&page=,£1.95,£0.43/100g,,,/groceries/en-GB/products/255639038,https://digitalcontent.api.tesco.com/v2/media/ghs/ef1404ad-85da-441e-bea8-6d75d4470d79/670d525e-42e3-47b2-bcdb-5896607daa8a.jpeg?h=225&w=225,
284092668,Yollies Strawberry 4 Pack X 25G,https://www.tesco.com/groceries/en-GB/shop/fresh-food/all?department=Yoghurts&viewAll=department&page=,£1.75,£17.50/kg,,,/groceries/en-GB/products/284092668,https://digitalcontent.api.tesco.com/v2/media/ghs/94a6b958-38a5-4bae-996d-077b842b1f7e/56b2d9a4-9f57-41cd-afee-ebba1ada6890.jpeg?h=225&w=225,
276760656,Cadbury Wispa Bubbles Of Joy Chocolate Mss 4X45g,https://www.tesco.com/groceries/en-GB/shop/fresh-food/all?department=Yoghurts&viewAll=department&page=,£1.85,£1.03/100g,,,/groceries/en-GB/products/276760656,https://digitalcontent.api.tesco.com/v2/media/ghs/161ec5cb-4a48-41da-80a4-7268ce5edcda/9013ec80-5d6a-4fe0-a59e-7434a3328f2a.jpeg?h=225&w=225,
310170871,Tesco Finest Madagascan Vanilla Yogurt 150G,https://www.tesco.com/groceries/en-GB/shop/fresh-food/all?department=Yoghurts&viewAll=department&page=,£0.95,£0.63/100g,,,/groceries/en-GB/products/310170871,https://digitalcontent.api.tesco.com/v2/media/ghs/ba317f6b-340d-40b9-ac8e-2deebf031905/99cf5cfc-a750-4fe4-9189-165a5bf3eb0b.jpeg?h=225&w=225,
311677760,Muller Bliss Lemon Greek Style Yogurt 4X105g,https://www.tesco.com/groceries/en-GB/shop/fresh-food/all?department=Yoghurts&viewAll=department&page=,£2.25,£0.54/100g,,,/groceries/en-GB/products/311677760,https://digitalcontent.api.tesco.com/v2/media/ghs/64c2ce6f-70fd-4415-aa52-7f5ede46ce70/cd0acad4-cc4a-4690-a9b2-4c6b0cc194b4.jpeg?h=225&w=225,
281381884,Lancashire Farm Whole Milk Yogurt 1Kg,https://www.tesco.com/groceries/en-GB/shop/fresh-food/all?department=Yoghurts&viewAll=department&page=,£1.80,£180.00/100g,,,/groceries/en-GB/products/281381884,https://digitalcontent.api.tesco.com/v2/media/ghs/64a5f56b-6e62-46c6-8edf-987c2db188b3/640bf28c-0089-471d-98c4-30e2b3eeae08.jpeg?h=225&w=225,
311259987,Muller Light Greek Style Coconut With Vanilla Yogurt 4X115g,https://www.tesco.com/groceries/en-GB/shop/fresh-food/all?department=Yoghurts&viewAll=department&page=,£2.25,£0.49/100g,£1.50 Clubcard Price,,/groceries/en-GB/products/311259987,https://digitalcontent.api.tesco.com/v2/media/ghs/df9eec35-5cf3-43d6-8b0d-06e02464f22e/5e8f2727-0668-4f8b-a4ab-0e7aae54a7c0.jpeg?h=225&w=225,
292612624,Light & Free Greek Style Cherry Yogurt 4X115g,https://www.tesco.com/groceries/en-GB/shop/fresh-food/all?department=Yoghurts&viewAll=department&page=,£2.35,£0.51/100g,£1.50 Clubcard Price,,/groceries/en-GB/products/292612624,https://digitalcontent.api.tesco.com/v2/media/ghs/05190851-d0db-4f32-90fe-89e424ac8b72/fc72fadf-81d7-4059-b644-8de29a1d3d4b.jpeg?h=225&w=225,
292612503,Light & Free Greek Style Raspberry Yogurt 4X115g,https://www.tesco.com/groceries/en-GB/shop/fresh-food/all?department=Yoghurts&viewAll=department&page=,£2.35,£0.51/100g,£1.50 Clubcard Price,,/groceries/en-GB/products/292612503,https://digitalcontent.api.tesco.com/v2/media/ghs/966a7649-0d78-4dfe-b3ac-8c97fcef66d5/fbdaa5a5-c1e1-4809-9a38-04e68765199e.jpeg?h=225&w=225,
297763650,Arla Skyr Vanilla Yogurt 450G,https://www.tesco.com/groceries/en-GB/shop/fresh-food/all?department=Yoghurts&viewAll=department&page=,£1.75,£0.39/100g,£1.25 Clubcard Price,,/groceries/en-GB/products/297763650,https://digitalcontent.api.tesco.com/v2/media/ghs/9713c99d-8853-4c8f-88cb-9def68a316cd/e5858d72-92e9-485e-a3ea-0f755b7381aa.jpeg?h=225&w=225,
310130844,Tesco Finest Strawberry Yogurt 150G,https://www.tesco.com/groceries/en-GB/shop/fresh-food/all?department=Yoghurts&viewAll=department&page=,£0.95,£0.63/100g,,,/groceries/en-GB/products/310130844,https://digitalcontent.api.tesco.com/v2/media/ghs/2a5bfa83-2beb-44e0-bdfe-4ea1136dbd38/baaa37d1-428d-4e74-b044-c0341318d6da.jpeg?h=225&w=225,
292612941,Light & Free Greek Style Free Passion Fruit Yogurt 4X115g,https://www.tesco.com/groceries/en-GB/shop/fresh-food/all?department=Yoghurts&viewAll=department&page=,£2.35,£0.51/100g,£1.50 Clubcard Price,,/groceries/en-GB/products/292612941,https://digitalcontent.api.tesco.com/v2/media/ghs/1e364246-e5b9-48fc-887a-e43a3464cd72/99edfc6d-6cc5-41ef-86ee-d0d7c14c55e1.jpeg?h=225&w=225,
311934773,Muller Light Greek Style Strawberry Yogurt 4X115g,https://www.tesco.com/groceries/en-GB/shop/fresh-food/all?department=Yoghurts&viewAll=department&page=,£2.25,£0.49/100g,£1.50 Clubcard Price,,/groceries/en-GB/products/311934773,https://digitalcontent.api.tesco.com/v2/media/ghs/8f117473-31c4-4360-a720-4d129c1f286d/ce3a9a71-1e61-4fef-b98e-03745479168c.jpeg?h=225&w=225,
286690153,Nestle Nesquik Milk Slice Chocolate Flavour 4X26g,https://www.tesco.com/groceries/en-GB/shop/fresh-food/all?department=Yoghurts&viewAll=department&page=,£1.10,£1.06/100g,,,/groceries/en-GB/products/286690153,https://digitalcontent.api.tesco.com/v2/media/ghs/f008d296-5a3b-4be1-9c30-c3c75a619fcf/c8898bfc-43a9-41c1-8481-9645ca5478c7.jpeg?h=225&w=225,
272471895,Munch Bunch Double Up Strawberry Raspberry Yogurt 4X85g,https://www.tesco.com/groceries/en-GB/shop/fresh-food/all?department=Yoghurts&viewAll=department&page=,£1.50,£0.44/100g,£1.25 Clubcard Price,,/groceries/en-GB/products/272471895,https://digitalcontent.api.tesco.com/v2/media/ghs/a829b555-d1f9-4e70-a55d-62854d015fb2/da4742ed-80c4-4dc3-8f71-53ff0918d05b.jpeg?h=225&w=225,
303668495,Muller Light Strawberry Yogurt 160G,https://www.tesco.com/groceries/en-GB/shop/fresh-food/all?department=Yoghurts&viewAll=department&page=,£0.75,£0.47/100g,6 for £3 or 10 for £4 Clubcard Price - Muller Yoghurt 124g-170g,,/groceries/en-GB/products/303668495,https://digitalcontent.api.tesco.com/v2/media/ghs/bcddce13-1ea9-486f-b8ad-d82cba678da5/a10f3338-265c-4b3a-b3d5-fa00f4397c0d.jpeg?h=225&w=225,
287195899,Tesco 0% Fat Greek Style Yogurt 4X100g,https://www.tesco.com/groceries/en-GB/shop/fresh-food/all?department=Yoghurts&viewAll=department&page=,£1.10,£0.28/100g,,,/groceries/en-GB/products/287195899,https://digitalcontent.api.tesco.com/v2/media/ghs/28227a3e-9724-45be-98b1-a97e1ab7476a/06c2da25-a87f-472a-939d-e661236c2522.jpeg?h=225&w=225,
311938279,Muller Corner Strawberry Yogurt & Shortcake Balls 124G,https://www.tesco.com/groceries/en-GB/shop/fresh-food/all?department=Yoghurts&viewAll=department&page=,£0.75,£0.60/100g,6 for £3 or 10 for £4 Clubcard Price - Muller Yoghurt 124g-170g,,/groceries/en-GB/products/311938279,https://digitalcontent.api.tesco.com/v2/media/ghs/d2c47a60-112e-40ed-87d5-d67b84d7cf01/53f6fb21-0359-4f65-a790-f1288c5c5dd6.jpeg?h=225&w=225,
312853397,Muller Light Rhubarb Fat Free Yogurt 160G,https://www.tesco.com/groceries/en-GB/shop/fresh-food/all?department=Yoghurts&viewAll=department&page=,£0.75,£0.47/100g,6 for £3 or 10 for £4 Clubcard Price - Muller Yoghurt 124g-170g,,/groceries/en-GB/products/312853397,https://digitalcontent.api.tesco.com/v2/media/ghs/0f40fc3a-35ee-41e2-97b6-65d5d0b8056a/c6a50435-2fd7-47bc-aaf7-19849bca8e04.jpeg?h=225&w=225,
305828384,Graham's Skyr Passion Fruit Mango Papaya Yogurt 150G,https://www.tesco.com/groceries/en-GB/shop/fresh-food/all?department=Yoghurts&viewAll=department&page=,,,,,/groceries/en-GB/products/305828384,,This product's currently out of stock
273196482,Tesco Chol Red Strawberry Yogurt Drink 6X100g,https://www.tesco.com/groceries/en-GB/shop/fresh-food/all?department=Yoghurts&viewAll=department&page=,£2.60,£0.43/100g,,,/groceries/en-GB/products/273196482,https://digitalcontent.api.tesco.com/v2/media/ghs/80146b6d-271a-4ec3-bded-85ffe35cdbf1/9e0f69f5-3273-41bd-a651-cb5aebad9f7a.jpeg?h=225&w=225,
253530336,Yakult Light Milk Drink 7X65ml,https://www.tesco.com/groceries/en-GB/shop/fresh-food/all?department=Yoghurts&viewAll=department&page=,£3.25,£0.72/100ml,,,/groceries/en-GB/products/253530336,https://digitalcontent.api.tesco.com/v2/media/ghs/f6c36792-9c94-4757-a291-30ebc7315f0b/183be79f-e41d-4616-9a74-e4ecdbe28310_108378616.jpeg?h=225&w=225,
311211387,Fage Total 5% Fat Greek Recipe Yogurt 950G,https://www.tesco.com/groceries/en-GB/shop/fresh-food/all?department=Yoghurts&viewAll=department&page=,£4.75,£0.50/100g,£3.95 Clubcard Price,,/groceries/en-GB/products/311211387,https://digitalcontent.api.tesco.com/v2/media/ghs/e06c007a-7478-46ee-b1b8-6255e0562849/9340f1e5-cb74-4091-a6c0-89b3d1156017.jpeg?h=225&w=225,
308096610,Activia Rhubarb & Mixed Fruit Yogurt 8X115g,https://www.tesco.com/groceries/en-GB/shop/fresh-food/all?department=Yoghurts&viewAll=department&page=,£3.50,£0.38/100g,,,/groceries/en-GB/products/308096610,https://digitalcontent.api.tesco.com/v2/media/ghs/dd9ce598-bb4f-492d-8b8d-d6074bbcd02f/b1d50961-6e74-4b3e-99b4-fd66dc6b9798.jpeg?h=225&w=225,
311229525,Fage Total 0%Fat Greek Recipe Yogurt 450G,https://www.tesco.com/groceries/en-GB/shop/fresh-food/all?department=Yoghurts&viewAll=department&page=,£3.00,£0.67/100g,,,/groceries/en-GB/products/311229525,https://digitalcontent.api.tesco.com/v2/media/ghs/b432e860-700c-4565-87e8-ca69bee07255/d4ba8a5e-8493-4a6f-971e-aaccd546e5c9.jpeg?h=225&w=225,
307758709,Alpro No Bits Strawberry Banana Yogurt Alternative 4X125g,https://www.tesco.com/groceries/en-GB/shop/fresh-food/all?department=Yoghurts&viewAll=department&page=,£2.10,£4.20/kg,,,/groceries/en-GB/products/307758709,https://digitalcontent.api.tesco.com/v2/media/ghs/cb1a01f8-89b4-4b49-91a9-5162d2aec936/a98e6376-8637-49f2-bca7-199f2d578dc9.jpeg?h=225&w=225,
311941009,Mul/Rce Apple & Raspberry Low Fat Dessert 6X170g,https://www.tesco.com/groceries/en-GB/shop/fresh-food/all?department=Yoghurts&viewAll=department&page=,£3.75,£0.37/100g,£2.75 Clubcard Price,,/groceries/en-GB/products/311941009,https://digitalcontent.api.tesco.com/v2/media/ghs/8f28c894-d924-419a-b3b1-a1793426ee23/81fdcb19-c5dd-4ad6-81b0-e71315d69550.jpeg?h=225&w=225,
300161315,Alpro Plain No Sugars Yogurt Alternative 500G,https://www.tesco.com/groceries/en-GB/shop/fresh-food/all?department=Yoghurts&viewAll=department&page=,£1.95,£3.90/kg,,,/groceries/en-GB/products/300161315,https://digitalcontent.api.tesco.com/v2/media/ghs/9967bfdf-2d3a-4b5d-b36d-4df6d54330db/cd234d22-3bb5-451a-84c1-12adcc778414.jpeg?h=225&w=225,
293836686,Alpro Greek Style Plain Yogurt Alternative 400G,https://www.tesco.com/groceries/en-GB/shop/fresh-food/all?department=Yoghurts&viewAll=department&page=,£1.95,£0.49/100g,,,/groceries/en-GB/products/293836686,https://digitalcontent.api.tesco.com/v2/media/ghs/33aebc19-12a7-4ecd-be07-e7e2732d1fb3/02dcaaa4-cbdc-4b92-a93d-fa0b04292d11.jpeg?h=225&w=225,
308111910,Activia Prune Fusion Yogurt 4X120g,https://www.tesco.com/groceries/en-GB/shop/fresh-food/all?department=Yoghurts&viewAll=department&page=,£2.30,£0.48/100g,,,/groceries/en-GB/products/308111910,https://digitalcontent.api.tesco.com/v2/media/ghs/46571299-e78d-47b5-bb23-4c0f5c73e0ba/ef869eea-73a6-4b01-b9dc-7bda59df971a.jpeg?h=225&w=225,
275281049,Tesco Finest 0% Fat Greek Yogurt 500G,https://www.tesco.com/groceries/en-GB/shop/fresh-food/all?department=Yoghurts&viewAll=department&page=,£2.25,£0.45/100g,,,/groceries/en-GB/products/275281049,https://digitalcontent.api.tesco.com/v2/media/ghs/39d66090-529f-4676-a753-b96fe4e5ea66/ba7ffeb5-aeb3-46c7-a22a-9214e5ac84dc.jpeg?h=225&w=225,
287999893,Muller Light Chocolate Fix Layers 4X80g,https://www.tesco.com/groceries/en-GB/shop/fresh-food/all?department=Yoghurts&viewAll=department&page=,£2.00,£0.62/100g,,,/groceries/en-GB/products/287999893,https://digitalcontent.api.tesco.com/v2/media/ghs/55792894-a23b-4eeb-9a01-a1f85d5427fa/c4608e16-36f0-43a4-8134-47d8bbd794d2.jpeg?h=225&w=225,
258837908,Danone Actimel Fat Free Raspberry Drink 8X100g,https://www.tesco.com/groceries/en-GB/shop/fresh-food/all?department=Yoghurts&viewAll=department&page=,£3.25,£0.41/100g,£2.50 Clubcard Price,,/groceries/en-GB/products/258837908,https://digitalcontent.api.tesco.com/v2/media/ghs/d64bd382-1bfa-4a0d-bd06-6845f7dfb2cb/3399f91b-cdd9-4d01-be2e-deeae6a03bf3.jpeg?h=225&w=225,
287960011,Arla Skyr Strawberry 150G,https://www.tesco.com/groceries/en-GB/shop/fresh-food/all?department=Yoghurts&viewAll=department&page=,£1.00,£0.67/100g,Any 4 for £3 Clubcard Price - Selected Dairy Products 150g - 200g,,/groceries/en-GB/products/287960011,https://digitalcontent.api.tesco.com/v2/media/ghs/e8e319b0-1cf6-4b6e-925a-10d86db7abbc/7455b7e3-d89d-4ef1-ad46-03382cebc32b.jpeg?h=225&w=225,
268804981,Onken Biopot Strawberry Fat Free 450G,https://www.tesco.com/groceries/en-GB/shop/fresh-food/all?department=Yoghurts&viewAll=department&page=,£1.75,£0.39/100g,,,/groceries/en-GB/products/268804981,https://digitalcontent.api.tesco.com/v2/media/ghs/66c1e4fc-51a4-4449-b62b-a6e1f198e4e0/fbdc5f8c-c05b-4ba1-a018-0e62da010c79.jpeg?h=225&w=225,
268804854,Onken Cherry Yogurt 450G,https://www.tesco.com/groceries/en-GB/shop/fresh-food/all?department=Yoghurts&viewAll=department&page=,£1.75,£0.39/100g,,,/groceries/en-GB/products/268804854,https://digitalcontent.api.tesco.com/v2/media/ghs/c6a86f1d-fadb-4837-94b6-9a9aa308cb62/b51169e1-6531-430a-851a-3973edb1ae88.jpeg?h=225&w=225,
255024950,Danone Actimel Fat Free Strawberry Drink 8X100g,https://www.tesco.com/groceries/en-GB/shop/fresh-food/all?department=Yoghurts&viewAll=department&page=,£3.25,£0.41/100g,£2.50 Clubcard Price,,/groceries/en-GB/products/255024950,https://digitalcontent.api.tesco.com/v2/media/ghs/597c56f2-15a4-4c6c-8e52-fefa83b2a932/0b6b28b2-f7d5-4d79-a9e1-0808f7b6e5c7.jpeg?h=225&w=225,
260928737,Danone Actimel Blueberry Drink 8X100g,https://www.tesco.com/groceries/en-GB/shop/fresh-food/all?department=Yoghurts&viewAll=department&page=,£3.25,£0.41/100g,£2.50 Clubcard Price,,/groceries/en-GB/products/260928737,https://digitalcontent.api.tesco.com/v2/media/ghs/d440d295-5053-4c03-a947-45aa0df48eb7/0cc6c43c-5ef3-4dc6-9d8c-5ed1227304a2.jpeg?h=225&w=225,
311222204,Fage Total 0% Fat Greek Recipe Yogurt 150G,https://www.tesco.com/groceries/en-GB/shop/fresh-food/all?department=Yoghurts&viewAll=department&page=,£1.25,£0.83/100g,,,/groceries/en-GB/products/311222204,https://digitalcontent.api.tesco.com/v2/media/ghs/963fb4e9-d264-40c5-b514-fd820616fbc6/4ac412fc-44c8-4723-8212-58bfb2a2ead7.jpeg?h=225&w=225,
273627808,Danone Oykos Peach Greek Style Yogurt 4X110g,https://www.tesco.com/groceries/en-GB/shop/fresh-food/all?department=Yoghurts&viewAll=department&page=,£2.20,£0.50/100g,,,/groceries/en-GB/products/273627808,https://digitalcontent.api.tesco.com/v2/media/ghs/08d561cb-e051-4cd5-8b18-c3613515d290/de0fbd9e-afd6-4425-91ed-3b5ab6650e80.jpeg?h=225&w=225,
268270021,Munch Bunch Squashums Strawberry & R'berry 6X60g,https://www.tesco.com/groceries/en-GB/shop/fresh-food/all?department=Yoghurts&viewAll=department&page=,£2.00,£0.56/100g,,,/groceries/en-GB/products/268270021,https://digitalcontent.api.tesco.com/v2/media/ghs/7e4cb01d-8717-4455-9f15-453dc0ec4904/e2f721bf-a776-45de-996e-e0508def09ea.jpeg?h=225&w=225,
303930582,Petits Filous Strawberry Drinking Yogurt 4X100g,https://www.tesco.com/groceries/en-GB/shop/fresh-food/all?department=Yoghurts&viewAll=department&page=,£2.00,£0.50/100g,£1.50 Clubcard Price,,/groceries/en-GB/products/303930582,https://digitalcontent.api.tesco.com/v2/media/ghs/3b20aaa8-8666-4634-af63-fbdb2a65e2f4/e22f0b09-2079-4eb7-b6ac-2dde3b9a4df0.jpeg?h=225&w=225,
310152294,Tesco Finest Roasted Hazelnut Yogurt 150G,https://www.tesco.com/groceries/en-GB/shop/fresh-food/all?department=Yoghurts&viewAll=department&page=,£0.95,£0.63/100g,,,/groceries/en-GB/products/310152294,https://digitalcontent.api.tesco.com/v2/media/ghs/ffd2aba9-7811-4f32-8f0c-b6cbbceb7b61/0b220d2c-36f8-465d-8392-808aca4b83aa.jpeg?h=225&w=225,
310116545,Tesco Finest Fudge Yogurt 150G,https://www.tesco.com/groceries/en-GB/shop/fresh-food/all?department=Yoghurts&viewAll=department&page=,£0.95,£0.63/100g,,,/groceries/en-GB/products/310116545,https://digitalcontent.api.tesco.com/v2/media/ghs/dba967f7-4652-49c1-a9b8-8fa920e8f782/1d88b5d6-3e94-40f5-b269-b528114a1a76.jpeg?h=225&w=225,
278297723,Mlekovita Kefir Yogurt Style Drink 1Ltr,https://www.tesco.com/groceries/en-GB/shop/fresh-food/all?department=Yoghurts&viewAll=department&page=,£1.45,£1.45/litre,,,/groceries/en-GB/products/278297723,https://digitalcontent.api.tesco.com/v2/media/ghs/906ba2a1-4998-4817-a2ee-61509bc3303f/3c045473-db92-4909-bfa6-9568dcfa0a3a.jpeg?h=225&w=225,
297660437,Tesco Free From Raspberry Strawberry Soya Alternative 4X90g,https://www.tesco.com/groceries/en-GB/shop/fresh-food/all?department=Yoghurts&viewAll=department&page=,£1.20,£3.34/kg,,,/groceries/en-GB/products/297660437,https://digitalcontent.api.tesco.com/v2/media/ghs/1f7e4be6-e2d2-408c-be84-42becb890c5d/68cb270f-8ed7-4e8c-b32e-dc70090ec086.jpeg?h=225&w=225,
287960604,Arla Skyr Strawberry 450G,https://www.tesco.com/groceries/en-GB/shop/fresh-food/all?department=Yoghurts&viewAll=department&page=,£1.75,£0.39/100g,£1.25 Clubcard Price,,/groceries/en-GB/products/287960604,https://digitalcontent.api.tesco.com/v2/media/ghs/d341936c-b413-4ec9-8155-e5acd09d8ad7/eb9e7150-d5e3-4bf9-ad9a-de927bc79330.jpeg?h=225&w=225,
309459261,Light & Free Greek Style Yogurt Sticky Toffee 4X115g,https://www.tesco.com/groceries/en-GB/shop/fresh-food/all?department=Yoghurts&viewAll=department&page=,£2.35,£0.51/100g,£1.50 Clubcard Price,,/groceries/en-GB/products/309459261,https://digitalcontent.api.tesco.com/v2/media/ghs/a9c3e54d-07c5-4410-bd96-fc14c1a34079/ebf3e59e-6447-4647-9cb7-f18dde7a8b7e.jpeg?h=225&w=225,
295790856,Milkybar Milk Slices 4X26g,https://www.tesco.com/groceries/en-GB/shop/fresh-food/all?department=Yoghurts&viewAll=department&page=,£1.10,£1.06/100g,,,/groceries/en-GB/products/295790856,https://digitalcontent.api.tesco.com/v2/media/ghs/5f3aa85e-7598-4337-862f-bb60291efd5b/c790a731-134c-413c-aed2-e445535493b7.jpeg?h=225&w=225,
311250927,Fage Total 0%Fat Greek Recipe Yogurt Honey 150G,https://www.tesco.com/groceries/en-GB/shop/fresh-food/all?department=Yoghurts&viewAll=department&page=,£1.15,£0.77/100g,Any 4 for £3 Clubcard Price - Selected Dairy Products 150g - 200g,,/groceries/en-GB/products/311250927,https://digitalcontent.api.tesco.com/v2/media/ghs/94f12ef3-fd78-4303-914e-3c03cabf90c1/efa9893c-4f46-44f0-9c77-457c54361c2c.jpeg?h=225&w=225,
268776736,Munch Bunch Double Up Strawberry Banana Fromage Frais 4X85g,https://www.tesco.com/groceries/en-GB/shop/fresh-food/all?department=Yoghurts&viewAll=department&page=,£1.50,£0.44/100g,£1.25 Clubcard Price,,/groceries/en-GB/products/268776736,https://digitalcontent.api.tesco.com/v2/media/ghs/4d966ea4-6078-4f83-84f6-1ea49d57199b/414ef2da-07a4-4805-b5eb-a794c9bdac8d.jpeg?h=225&w=225,
271935014,Ski Fruit Mousse Strawberry & Strawberry 4X60g,https://www.tesco.com/groceries/en-GB/shop/fresh-food/all?department=Yoghurts&viewAll=department&page=,£1.10,£0.46/100g,,,/groceries/en-GB/products/271935014,https://digitalcontent.api.tesco.com/v2/media/ghs/3edbf15a-3898-49f8-bc2d-8d7b3530ce75/ff4901c8-4661-4e01-b6e3-cd988496b88b.jpeg?h=225&w=225,
312085986,The Collective Suckies Banana Yogurt 90G,https://www.tesco.com/groceries/en-GB/shop/fresh-food/all?department=Yoghurts&viewAll=department&page=,£0.85,£0.94/100g,60p Clubcard Price,,/groceries/en-GB/products/312085986,https://digitalcontent.api.tesco.com/v2/media/ghs/5a04b22a-37e5-49b7-8862-1c4601be0911/91d610c9-d80e-4fa3-bf30-768104e5d6a6.jpeg?h=225&w=225,
301253539,Lindahls Kvarg Peach & Passion Fruit 150G Pot,https://www.tesco.com/groceries/en-GB/shop/fresh-food/all?department=Yoghurts&viewAll=department&page=,£1.10,£0.73/100g,Any 4 for £3 Clubcard Price - Selected Dairy Products 150g - 200g,,/groceries/en-GB/products/301253539,https://digitalcontent.api.tesco.com/v2/media/ghs/1988496b-ef88-4df2-a057-0149ed5253c0/e21eb551-307f-4709-97e1-25cb94205d0f.jpeg?h=225&w=225,
255752888,Tesco Low Fat Greek Style Yogurt 500G,https://www.tesco.com/groceries/en-GB/shop/fresh-food/all?department=Yoghurts&viewAll=department&page=,£1.00,£0.20/100g,,,/groceries/en-GB/products/255752888,https://digitalcontent.api.tesco.com/v2/media/ghs/3ce096a6-49e0-4761-9006-e98087bbe73e/0015d2b2-5658-416d-b3b5-c3ab829b72e2.jpeg?h=225&w=225,
305982954,Yeo Valley Organic Super Thick 0% Natural Yogurt 450G,https://www.tesco.com/groceries/en-GB/shop/fresh-food/all?department=Yoghurts&viewAll=department&page=,£3.25,£0.72/100g,,,/groceries/en-GB/products/305982954,https://digitalcontent.api.tesco.com/v2/media/ghs/2d1e8dc9-8c98-4adf-a171-fc29825c2702/21d67b0f-8132-47ca-a206-890361e42f4f.jpeg?h=225&w=225,
255080338,Benecol Light Natural Yogurt Drink 6 X 67.5G,https://www.tesco.com/groceries/en-GB/shop/fresh-food/all?department=Yoghurts&viewAll=department&page=,£4.00,£0.99/100g,,,/groceries/en-GB/products/255080338,https://digitalcontent.api.tesco.com/v2/media/ghs/54978cee-35c2-4fae-9d5d-4606e64b7653/5989fd85-080f-4da3-9099-fabce7170f81.jpeg?h=225&w=225,
258208141,Benecol Strawberry Yogurt Drink 6X67.5G,https://www.tesco.com/groceries/en-GB/shop/fresh-food/all?department=Yoghurts&viewAll=department&page=,£4.00,£0.99/100g,,,/groceries/en-GB/products/258208141,https://digitalcontent.api.tesco.com/v2/media/ghs/09ca0cfd-7eed-48a7-b2b1-ae734687ae5c/3a5a0808-d08c-48b9-bf6d-e3454010f2cf.jpeg?h=225&w=225,
297794152,Benecol Yogurt Drink Rasp 6X67.5G,https://www.tesco.com/groceries/en-GB/shop/fresh-food/all?department=Yoghurts&viewAll=department&page=,£4.00,£0.99/100g,,,/groceries/en-GB/products/297794152,https://digitalcontent.api.tesco.com/v2/media/ghs/06ef1345-be8a-4d31-8b9d-06f14a822943/74140381-53c5-4d11-8022-5b1fd47e02f9.jpeg?h=225&w=225,
273196447,Tesco Blueberry Yogurt Drink 6X100g,https://www.tesco.com/groceries/en-GB/shop/fresh-food/all?department=Yoghurts&viewAll=department&page=,£2.60,£0.43/100g,,,/groceries/en-GB/products/273196447,https://digitalcontent.api.tesco.com/v2/media/ghs/bc4b75f2-e77b-42c9-a8ac-15fd9e2cbf31/a3124525-1336-4ff5-acf8-e4d3a06f6572.jpeg?h=225&w=225,
273556609,Nomadic Oats Chocolate & Natural Yogurt 169G,https://www.tesco.com/groceries/en-GB/shop/fresh-food/all?department=Yoghurts&viewAll=department&page=,£1.50,£0.89/100g,,,/groceries/en-GB/products/273556609,https://digitalcontent.api.tesco.com/v2/media/ghs/197709f8-335c-4bce-b4d4-11d54f09892b/c1ff2413-93c6-4ab5-9287-d49c51c5df33.jpeg?h=225&w=225,
275889684,Tesco Chol Red Apricot & Peach Yogurt Drink 600G,https://www.tesco.com/groceries/en-GB/shop/fresh-food/all?department=Yoghurts&viewAll=department&page=,£2.60,£0.43/100g,,,/groceries/en-GB/products/275889684,https://digitalcontent.api.tesco.com/v2/media/ghs/181862c5-a814-4406-8510-e5a716ae0fb1/0a679b1e-9c44-452b-9a38-0abc709256d2.jpeg?h=225&w=225,
297954925,Coconut Collaborative Dairy Free Natural Coconut Yogurt 350G,https://www.tesco.com/groceries/en-GB/shop/fresh-food/all?department=Yoghurts&viewAll=department&page=,£2.75,£0.79/100g,,,/groceries/en-GB/products/297954925,https://digitalcontent.api.tesco.com/v2/media/ghs/3f631016-c9ba-47ea-9a6c-5481f75b524a/9b79dd93-b9a0-4c08-b40e-f394836dd80e.jpeg?h=225&w=225,
291856861,The Collective Raspberry Yogurt 450G,https://www.tesco.com/groceries/en-GB/shop/fresh-food/all?department=Yoghurts&viewAll=department&page=,£2.65,£0.59/100g,,,/groceries/en-GB/products/291856861,https://digitalcontent.api.tesco.com/v2/media/ghs/8d55d9eb-42b4-4159-bb26-159d9b34cd5e/109713f9-eeef-47e0-8ba6-758f9185774d.jpeg?h=225&w=225,
259050439,Danone Actimel Fat Free Original Drink 12X100g,https://www.tesco.com/groceries/en-GB/shop/fresh-food/all?department=Yoghurts&viewAll=department&page=,£4.20,£0.35/100g,,,/groceries/en-GB/products/259050439,https://digitalcontent.api.tesco.com/v2/media/ghs/170f2db0-90ec-4715-a7d3-e10457b2813d/18c3feea-fe8b-4787-93ae-7dbb3b63992b.jpeg?h=225&w=225,
312714404,Yeo Valley Organic Natural Yogurt 950G,https://www.tesco.com/groceries/en-GB/shop/fresh-food/all?department=Yoghurts&viewAll=department&page=,£3.40,£0.36/100g,,New,/groceries/en-GB/products/312714404,https://digitalcontent.api.tesco.com/v2/media/ghs/9cc193ef-d088-48b1-93da-01ba9c6eecb4/25fdfdbb-a22d-4ad0-8db7-077f2f6c9e7d.jpeg?h=225&w=225,
311220949,Fage Total 5% Fat Greek Recipe Yogurt 450G,https://www.tesco.com/groceries/en-GB/shop/fresh-food/all?department=Yoghurts&viewAll=department&page=,£3.00,£0.67/100g,,,/groceries/en-GB/products/311220949,https://digitalcontent.api.tesco.com/v2/media/ghs/cfd796d9-af4a-480e-bc06-7a7faf659a9d/157e1f9d-f8b7-49d8-b6ec-3245316cebb7.jpeg?h=225&w=225,
273556431,Nomadic Strawberry Oat Clusters & Low Fat Yogurt 169G,https://www.tesco.com/groceries/en-GB/shop/fresh-food/all?department=Yoghurts&viewAll=department&page=,£1.50,£0.89/100g,,,/groceries/en-GB/products/273556431,https://digitalcontent.api.tesco.com/v2/media/ghs/0b7c93d4-16a9-4604-94b7-e237a61d4ce5/47fe2f94-057e-47af-bfd1-ec99580870e7.jpeg?h=225&w=225,
283315114,Actimel Strawberry Blueberry 12X100g,https://www.tesco.com/groceries/en-GB/shop/fresh-food/all?department=Yoghurts&viewAll=department&page=,£4.20,£0.35/100g,,,/groceries/en-GB/products/283315114,https://digitalcontent.api.tesco.com/v2/media/ghs/8acd7cc1-0a41-4407-a9b5-292a61790865/061ef816-f344-41bf-a1fa-a82fe0eccfa4.jpeg?h=225&w=225,
264866878,Alpro Natural Yogurt 500G,https://www.tesco.com/groceries/en-GB/shop/fresh-food/all?department=Yoghurts&viewAll=department&page=,£1.95,£0.39/100g,,,/groceries/en-GB/products/264866878,https://digitalcontent.api.tesco.com/v2/media/ghs/0ec8d458-a82d-49da-95f1-3e611863d853/029248c5-446c-44d5-94d5-e32f66bd97f9.jpeg?h=225&w=225,
311683850,Mul/Rce Strawberry & Original Low Fat Dessert 6X170g,https://www.tesco.com/groceries/en-GB/shop/fresh-food/all?department=Yoghurts&viewAll=department&page=,£3.75,£0.37/100g,£2.75 Clubcard Price,,/groceries/en-GB/products/311683850,https://digitalcontent.api.tesco.com/v2/media/ghs/fa15bdeb-8138-46a9-9011-8ad466837318/b27912b7-a165-4fc9-aecb-875ba5bd5534.jpeg?h=225&w=225,
264798856,Tesco Peach & Apricot Yogurt Drinks 6X100g,https://www.tesco.com/groceries/en-GB/shop/fresh-food/all?department=Yoghurts&viewAll=department&page=,£1.90,£0.32/100g,,,/groceries/en-GB/products/264798856,https://digitalcontent.api.tesco.com/v2/media/ghs/5330958b-f024-4b24-8395-52be207243cd/58b085ea-761b-4f50-8e0b-d0c369743161.jpeg?h=225&w=225,
307758479,Alpro Peach Yogurt Alternative 4X125g,https://www.tesco.com/groceries/en-GB/shop/fresh-food/all?department=Yoghurts&viewAll=department&page=,£2.10,£4.20/kg,,,/groceries/en-GB/products/307758479,https://digitalcontent.api.tesco.com/v2/media/ghs/0c954d75-6728-4788-9628-b2c1f12ed019/cf6bf83c-46c1-46d7-bdca-7e9b3d2d0bab.jpeg?h=225&w=225,
287042159,Alpro Coconut 500G,https://www.tesco.com/groceries/en-GB/shop/fresh-food/all?department=Yoghurts&viewAll=department&page=,£1.95,£0.39/100g,,,/groceries/en-GB/products/287042159,https://digitalcontent.api.tesco.com/v2/media/ghs/f520ee31-4689-47e0-9cd8-4b90a850b30a/4f8fb3b9-6ca2-456d-b6dd-56596db73a67.jpeg?h=225&w=225,
250983242,Yeo Valley Strawberry Yogurt 450G,https://www.tesco.com/groceries/en-GB/shop/fresh-food/all?department=Yoghurts&viewAll=department&page=,£2.00,£0.44/100g,,,/groceries/en-GB/products/250983242,https://digitalcontent.api.tesco.com/v2/media/ghs/602106a4-5dd9-401b-b684-ac21165148b1/6fa39ad7-01e4-4af8-91dd-b22ed03630f2.jpeg?h=225&w=225,
267312994,Yeo Valley Lemon Curd Yogurt 450G,https://www.tesco.com/groceries/en-GB/shop/fresh-food/all?department=Yoghurts&viewAll=department&page=,£2.00,£0.44/100g,,,/groceries/en-GB/products/267312994,https://digitalcontent.api.tesco.com/v2/media/ghs/25f8f87f-cf82-4f95-b73e-fc913567c856/ac651b8b-bea8-4237-94a0-0f0b8eeb5f67.jpeg?h=225&w=225,
252293214,Yeo Valley Raspberry Yogurt 450G,https://www.tesco.com/groceries/en-GB/shop/fresh-food/all?department=Yoghurts&viewAll=department&page=,£2.00,£0.44/100g,,,/groceries/en-GB/products/252293214,https://digitalcontent.api.tesco.com/v2/media/ghs/f49e6ca5-8c24-45dd-8ecb-e507b70d4dc4/caf4cbff-c074-4d71-ac39-16fa69b59dd0.jpeg?h=225&w=225,
312697728,Biotiful Gut Health Madagascan Vanilla Kefir 1L,https://www.tesco.com/groceries/en-GB/shop/fresh-food/all?department=Yoghurts&viewAll=department&page=,£2.75,£2.75/litre,,New,/groceries/en-GB/products/312697728,https://digitalcontent.api.tesco.com/v2/media/ghs/3a03d318-8a17-4990-97e8-78ee2c6fcac2/a9a44c0c-351f-44a0-a4c4-3ef2be45fefa.jpeg?h=225&w=225,
287960103,Arla Skyr Nordic Sour Cherry 150G,https://www.tesco.com/groceries/en-GB/shop/fresh-food/all?department=Yoghurts&viewAll=department&page=,£1.00,£0.67/100g,Any 4 for £3 Clubcard Price - Selected Dairy Products 150g - 200g,,/groceries/en-GB/products/287960103,https://digitalcontent.api.tesco.com/v2/media/ghs/2b843a62-2844-432b-8e98-c0bd12ac1439/c9b0e394-6395-427a-8e24-73effc65c8b3.jpeg?h=225&w=225,
268783825,Onken Biopot Summer Raspberry Yogurt 450G,https://www.tesco.com/groceries/en-GB/shop/fresh-food/all?department=Yoghurts&viewAll=department&page=,£1.75,£0.39/100g,,,/groceries/en-GB/products/268783825,https://digitalcontent.api.tesco.com/v2/media/ghs/25dfb033-bb7c-49f0-b6e9-2cfc10205c36/4744f45c-8977-44d5-b9be-dbc39932fc0b.jpeg?h=225&w=225,
312714871,Yeo Valley Organic Fruity Favourites Yogurt 4X110g,https://www.tesco.com/groceries/en-GB/shop/fresh-food/all?department=Yoghurts&viewAll=department&page=,£2.40,£0.55/100g,£1.75 Clubcard Price,,/groceries/en-GB/products/312714871,https://digitalcontent.api.tesco.com/v2/media/ghs/9df622d3-0322-43a2-a9cb-7594d641daa8/34cd740c-5f3b-478e-90e4-0940b5af5bd2.jpeg?h=225&w=225,
312104222,Smarties Split Pot Vanilla Flavour Yogurt 4X107g,https://www.tesco.com/groceries/en-GB/shop/fresh-food/all?department=Yoghurts&viewAll=department&page=,£2.35,£0.55/100g,,,/groceries/en-GB/products/312104222,https://digitalcontent.api.tesco.com/v2/media/ghs/864fcc44-aec5-4738-8ac9-8c0c8e7d246d/063ab40a-1b4d-4012-ac2a-850f52becbb5.jpeg?h=225&w=225,
281381417,Lancashire Farm Natural Fat Free Yogurt 1Kg,https://www.tesco.com/groceries/en-GB/shop/fresh-food/all?department=Yoghurts&viewAll=department&page=,£1.80,£0.18/100g,,,/groceries/en-GB/products/281381417,https://digitalcontent.api.tesco.com/v2/media/ghs/737a551d-4da5-4947-9f8c-e5b27f1fe133/2ebfff89-c24b-4cdf-ae77-c6470c2fa93e.jpeg?h=225&w=225,
268805104,Onken Natural Set Yogurt 500G,https://www.tesco.com/groceries/en-GB/shop/fresh-food/all?department=Yoghurts&viewAll=department&page=,£1.45,£0.29/100g,,,/groceries/en-GB/products/268805104,https://digitalcontent.api.tesco.com/v2/media/ghs/945badde-97ec-4230-bcb2-345fef8eea78/b573956b-d100-4157-a471-2857562b4b8f.jpeg?h=225&w=225,
287984484,Little Yeos Fromage Frais Strawberry Raspberry 6 Pack 270G,https://www.tesco.com/groceries/en-GB/shop/fresh-food/all?department=Yoghurts&viewAll=department&page=,£2.00,£0.74/100g,,,/groceries/en-GB/products/287984484,https://digitalcontent.api.tesco.com/v2/media/ghs/131f9717-a8f5-45fc-8427-a8d18b6eb6ae/c3b8d4bf-5adf-4c6d-a5c6-19700c38ed84.jpeg?h=225&w=225,
304375298,Petits Filous No Added Sugar Strawberry Banana Fromage Frais 6 X 47G,https://www.tesco.com/groceries/en-GB/shop/fresh-food/all?department=Yoghurts&viewAll=department&page=,£1.60,£0.57/100g,,,/groceries/en-GB/products/304375298,https://digitalcontent.api.tesco.com/v2/media/ghs/77ac8c49-bdd1-4a8f-93ea-3ec1142091af/ca0f83da-8da8-450f-a85c-127e8456b1a4.jpeg?h=225&w=225,
291730203,Alpro Greek Style Mango Yogurt Alternative 150G,https://www.tesco.com/groceries/en-GB/shop/fresh-food/all?department=Yoghurts&viewAll=department&page=,£1.00,£0.67/100g,80p Clubcard Price,,/groceries/en-GB/products/291730203,https://digitalcontent.api.tesco.com/v2/media/ghs/acc99b56-b0a5-41d7-aa7e-ea7af3f8b58a/b331ba1f-010c-4a8a-9295-7a1fb807d40c.jpeg?h=225&w=225,
295445707,Tesco Free From Apricot & Banana Soya Yogurt 4X90g,https://www.tesco.com/groceries/en-GB/shop/fresh-food/all?department=Yoghurts&viewAll=department&page=,£1.20,£0.33/100g,,,/groceries/en-GB/products/295445707,https://digitalcontent.api.tesco.com/v2/media/ghs/d77d8804-6d12-4056-9ba6-2bfdbf2873ea/80564628-67a5-41d2-b445-9f07eed3979a.jpeg?h=225&w=225,
311444333,Muller Bliss Strawberry Greek Style Yogurt 4X105g,https://www.tesco.com/groceries/en-GB/shop/fresh-food/all?department=Yoghurts&viewAll=department&page=,£2.25,£0.54/100g,,,/groceries/en-GB/products/311444333,https://digitalcontent.api.tesco.com/v2/media/ghs/8b897c7d-83ca-4b15-b0fc-f413a04e8e45/c4366f92-5c6b-4912-b1f0-0a99ebb295f1.jpeg?h=225&w=225,
303631291,Tesco Greek Style Coconut Yogurt 450G,https://www.tesco.com/groceries/en-GB/shop/fresh-food/all?department=Yoghurts&viewAll=department&page=,£1.35,£0.30/100g,,,/groceries/en-GB/products/303631291,https://digitalcontent.api.tesco.com/v2/media/ghs/f209c74c-57f5-464a-a0d3-c97f6fff0204/742946e5-80f7-4592-a008-ddd984c7554c.jpeg?h=225&w=225,
259953235,Aero Mint Chocolate Mousse 4X58g,https://www.tesco.com/groceries/en-GB/shop/fresh-food/all?department=Yoghurts&viewAll=department&page=,£1.65,£0.71/100g,£1.25 Clubcard Price,,/groceries/en-GB/products/259953235,https://digitalcontent.api.tesco.com/v2/media/ghs/08e1e40f-bafb-44bc-98d2-c4721c3af6d6/7b0dfdf8-08a6-403b-aad9-4c33c95b6858.jpeg?h=225&w=225,
312705588,The Collective Suckies No Added Sugar Mango & Peach 90G,https://www.tesco.com/groceries/en-GB/shop/fresh-food/all?department=Yoghurts&viewAll=department&page=,£0.85,£0.94/100g,60p Clubcard Price,,/groceries/en-GB/products/312705588,https://digitalcontent.api.tesco.com/v2/media/ghs/ae4eb92e-19fc-46f9-a431-61ad4d553d94/8573b940-1590-4eab-a436-463b47607409.jpeg?h=225&w=225,
312566982,The Collective Dairy Free Banana Suckies 85G,https://www.tesco.com/groceries/en-GB/shop/fresh-food/all?department=Yoghurts&viewAll=department&page=,£1.00,£11.77/kg,,New,/groceries/en-GB/products/312566982,https://digitalcontent.api.tesco.com/v2/media/ghs/40e09c42-9efa-4cef-b36f-7d78ac2688d4/d54ef0e2-f96c-4ba9-9cba-5eea383de5aa.jpeg?h=225&w=225,
309486896,Light & Free Greek Style Yogurt White Chocolate 4X115g,https://www.tesco.com/groceries/en-GB/shop/fresh-food/all?department=Yoghurts&viewAll=department&page=,£2.35,£0.51/100g,£1.50 Clubcard Price,,/groceries/en-GB/products/309486896,https://digitalcontent.api.tesco.com/v2/media/ghs/e8b09bdb-8c3c-49b1-820f-47efabccc5c4/91667950-707d-4618-8c06-09bc78cf04eb.jpeg?h=225&w=225,
312706322,The Collective Suckies Strawberry & Banana No Added Sugar 90G,https://www.tesco.com/groceries/en-GB/shop/fresh-food/all?department=Yoghurts&viewAll=department&page=,£0.85,£0.94/100g,60p Clubcard Price,,/groceries/en-GB/products/312706322,https://digitalcontent.api.tesco.com/v2/media/ghs/b5f3c560-6340-4819-8e0e-7552357ea0fa/ae5f2be5-322f-4ef5-818e-bf0ecb209418.jpeg?h=225&w=225,
271935153,Ski Fruit Mousse Lemon Meringue 4X60g,https://www.tesco.com/groceries/en-GB/shop/fresh-food/all?department=Yoghurts&viewAll=department&page=,£1.10,£0.46/100g,,,/groceries/en-GB/products/271935153,https://digitalcontent.api.tesco.com/v2/media/ghs/836ed1a8-173c-4592-b7c2-3d96701e9dba/eeee2c06-989a-45db-bb82-722f1a472ef9.jpeg?h=225&w=225,
303668103,Muller Light Cherry Yogurt 160G,https://www.tesco.com/groceries/en-GB/shop/fresh-food/all?department=Yoghurts&viewAll=department&page=,£0.75,£0.47/100g,6 for £3 or 10 for £4 Clubcard Price - Muller Yoghurt 124g-170g,,/groceries/en-GB/products/303668103,https://digitalcontent.api.tesco.com/v2/media/ghs/178e6030-b2ac-490d-b4b4-eb2f08bb7374/26548769-cc6e-49aa-a679-f92648d7e099.jpeg?h=225&w=225,
302308503,Tesco Lactose Free Greek Yogurt 400G,https://www.tesco.com/groceries/en-GB/shop/fresh-food/all?department=Yoghurts&viewAll=department&page=,£1.25,£0.31/100g,,,/groceries/en-GB/products/302308503,https://digitalcontent.api.tesco.com/v2/media/ghs/00027394-35e7-429b-9d70-9d7851946503/160f95c9-8d97-4910-8347-280623fa959c.jpeg?h=225&w=225,
268890208,Benecol Blueberry Yogurt Drink 6X67.5G,https://www.tesco.com/groceries/en-GB/shop/fresh-food/all?department=Yoghurts&viewAll=department&page=,£4.00,£0.99/100g,,,/groceries/en-GB/products/268890208,https://digitalcontent.api.tesco.com/v2/media/ghs/7f5db34f-e728-491f-a96d-5e3662c10d14/6fefec26-b001-4e1d-a250-e625c689b3e8.jpeg?h=225&w=225,
260191530,Benecol Peach & Apricot Yogurt Drink 6X67.5G,https://www.tesco.com/groceries/en-GB/shop/fresh-food/all?department=Yoghurts&viewAll=department&page=,£4.00,£0.99/100g,,,/groceries/en-GB/products/260191530,https://digitalcontent.api.tesco.com/v2/media/ghs/6e3dd861-c55a-4dec-8108-f922b462283d/2bab62a8-cea0-4942-8ff1-211387157ac8.jpeg?h=225&w=225,
305942328,Yeo Valley Organic Super Thick Natural Yogurt 450G,https://www.tesco.com/groceries/en-GB/shop/fresh-food/all?department=Yoghurts&viewAll=department&page=,£3.25,£0.72/100g,,,/groceries/en-GB/products/305942328,https://digitalcontent.api.tesco.com/v2/media/ghs/bd4f2225-9746-4d98-893e-93cd162ebc86/25c85fe8-f5fc-44a7-b5c4-1f8a28308507.jpeg?h=225&w=225,
305965589,Biotiful Dairy Kefir Drink Original 1 Litre,https://www.tesco.com/groceries/en-GB/shop/fresh-food/all?department=Yoghurts&viewAll=department&page=,£2.75,£2.75/litre,,,/groceries/en-GB/products/305965589,https://digitalcontent.api.tesco.com/v2/media/ghs/b5e26423-481d-46b6-9271-2dbfef3e8df5/dbff499d-a47e-4336-a9ce-e034e54e90d1.jpeg?h=225&w=225,
291856763,The Collective Mighty Mango Yogurt 450G,https://www.tesco.com/groceries/en-GB/shop/fresh-food/all?department=Yoghurts&viewAll=department&page=,£2.65,£0.59/100g,,,/groceries/en-GB/products/291856763,https://digitalcontent.api.tesco.com/v2/media/ghs/aeb17c89-8946-4328-9797-e17b3e227e6c/bc515f92-a243-48f1-bafb-06d8c7f87d1a.jpeg?h=225&w=225,
312716347,Yeo Valley Organic Natural Yogurt 4X110g,https://www.tesco.com/groceries/en-GB/shop/fresh-food/all?department=Yoghurts&viewAll=department&page=,£2.40,£0.55/100g,,,/groceries/en-GB/products/312716347,https://digitalcontent.api.tesco.com/v2/media/ghs/2afa0cf8-3869-4145-a579-b4809cbe48e6/63695a12-1c74-4d76-896b-e448d0eb99a8.jpeg?h=225&w=225,
304397957,Benecol Strawberry & Cherry Low Fat Yogurt 4 Pack 480G,https://www.tesco.com/groceries/en-GB/shop/fresh-food/all?department=Yoghurts&viewAll=department&page=,£2.50,£0.52/100g,,,/groceries/en-GB/products/304397957,https://digitalcontent.api.tesco.com/v2/media/ghs/902b5227-28a2-4490-bd27-58754f37d3e6/bf85d517-5bf7-4642-93d4-a5cb0e0fa633.jpeg?h=225&w=225,
304786860,Benecol Raspberry & Peach Low Fat Yogurt 4 Pack 480G,https://www.tesco.com/groceries/en-GB/shop/fresh-food/all?department=Yoghurts&viewAll=department&page=,£2.50,£0.52/100g,,,/groceries/en-GB/products/304786860,https://digitalcontent.api.tesco.com/v2/media/ghs/e336679c-1b6d-42d4-892f-cfe1c3bf6639/1a5e87ad-93cd-41cb-8f9e-41c7dc5ab4da.jpeg?h=225&w=225,
308104251,Petits Filous Dairy Free Raspberry 4X95g,https://www.tesco.com/groceries/en-GB/shop/fresh-food/all?department=Yoghurts&viewAll=department&page=,£2.50,£0.66/100g,,,/groceries/en-GB/products/308104251,https://digitalcontent.api.tesco.com/v2/media/ghs/1932835a-98b7-4a04-8f85-30594dc410ad/6b18e7b4-9f6c-42b3-aab8-71f08fd11228.jpeg?h=225&w=225,
305965900,Oatly Greek Style Oatgurt 400G,https://www.tesco.com/groceries/en-GB/shop/fresh-food/all?department=Yoghurts&viewAll=department&page=,£2.40,£0.60/100g,,,/groceries/en-GB/products/305965900,https://digitalcontent.api.tesco.com/v2/media/ghs/bb43f6e3-a498-46b6-be42-ce375f971f02/481e6301-c0b2-44c3-98d5-b25f1b256030_2006764223.jpeg?h=225&w=225,
268805110,Onken Biopot Natural Yogurt 1Kg,https://www.tesco.com/groceries/en-GB/shop/fresh-food/all?department=Yoghurts&viewAll=department&page=,£2.50,£0.25/100g,,,/groceries/en-GB/products/268805110,https://digitalcontent.api.tesco.com/v2/media/ghs/c6cfa534-9d4c-412b-ade8-34898304e385/e602fe32-e82d-4b8b-83b5-b7381be237b1.jpeg?h=225&w=225,
312563259,Yeo Valley Organic Strawberry Yogurt 4X110g,https://www.tesco.com/groceries/en-GB/shop/fresh-food/all?department=Yoghurts&viewAll=department&page=,£2.40,£0.55/100g,£1.75 Clubcard Price,,/groceries/en-GB/products/312563259,https://digitalcontent.api.tesco.com/v2/media/ghs/935a1e6f-7055-4b04-b4b2-78889b1676b2/45163cce-c30e-44a8-94b3-15592a131232.jpeg?h=225&w=225,
307747257,Alpro Raspberry & Cranberry Alternative Yogurt 4X125g,https://www.tesco.com/groceries/en-GB/shop/fresh-food/all?department=Yoghurts&viewAll=department&page=,£2.10,£0.42/100g,,,/groceries/en-GB/products/307747257,https://digitalcontent.api.tesco.com/v2/media/ghs/9033ed46-3d82-41fa-b6de-2af728c9c856/bd827007-b524-4170-b257-80dfa9d1dbb5.jpeg?h=225&w=225,
284254950,Alpro Strawberry Yogurt Alternative 500G,https://www.tesco.com/groceries/en-GB/shop/fresh-food/all?department=Yoghurts&viewAll=department&page=,£1.95,£0.39/100g,,,/groceries/en-GB/products/284254950,https://digitalcontent.api.tesco.com/v2/media/ghs/4956462a-01be-4a81-bf43-ef1f023fc183/aa307d9d-8e25-48c0-9df6-188f3942e1f4.jpeg?h=225&w=225,
293836945,Alpro Yogurt Alternative Cherry 500G,https://www.tesco.com/groceries/en-GB/shop/fresh-food/all?department=Yoghurts&viewAll=department&page=,£1.95,£0.39/100g,,,/groceries/en-GB/products/293836945,https://digitalcontent.api.tesco.com/v2/media/ghs/fc72e0e0-682d-4533-94bd-de6f745df0fb/f8421da1-3cad-4a70-8e1c-877010775b46.jpeg?h=225&w=225,
254357592,Yeo Valley 0% Fat Vanilla Yogurt 450G,https://www.tesco.com/groceries/en-GB/shop/fresh-food/all?department=Yoghurts&viewAll=department&page=,£2.00,£0.44/100g,,,/groceries/en-GB/products/254357592,https://digitalcontent.api.tesco.com/v2/media/ghs/b0738df4-2425-4760-a2d6-356da7146762/c018135f-91c4-4934-8c7d-7adff343a78f.jpeg?h=225&w=225,
293836997,Alpro Yogurt Alternative Blueberry 500G,https://www.tesco.com/groceries/en-GB/shop/fresh-food/all?department=Yoghurts&viewAll=department&page=,£1.95,£0.39/100g,,,/groceries/en-GB/products/293836997,https://digitalcontent.api.tesco.com/v2/media/ghs/1e55e9d1-e7a6-4b44-bce2-cdf1df0e1025/51ec7a4b-769a-441e-8c7e-b36b8ba64f0b.jpeg?h=225&w=225,
292702996,Oykos Greek Style Salted Caramel Yogurt 4X110g,https://www.tesco.com/groceries/en-GB/shop/fresh-food/all?department=Yoghurts&viewAll=department&page=,£2.20,£0.50/100g,,,/groceries/en-GB/products/292702996,https://digitalcontent.api.tesco.com/v2/media/ghs/62bafbd1-eabd-4136-8a91-e842a592ad8d/bdc41004-ff23-4903-8f8d-02774bc410fb.jpeg?h=225&w=225,
279629146,Muller Light Mint Chocolate Fix Dessert 4 X 100G,https://www.tesco.com/groceries/en-GB/shop/fresh-food/all?department=Yoghurts&viewAll=department&page=,£2.00,£0.50/100g,,,/groceries/en-GB/products/279629146,https://digitalcontent.api.tesco.com/v2/media/ghs/860ec6ba-7e0d-4cfa-9aca-a0411c86db25/2d723add-3eb9-4062-b4c1-cc96110c3a1e.jpeg?h=225&w=225,
294237345,Lancashire Farm Greek Style Yogurt 1Kg,https://www.tesco.com/groceries/en-GB/shop/fresh-food/all?department=Yoghurts&viewAll=department&page=,£2.50,£0.25/100g,,,/groceries/en-GB/products/294237345,https://digitalcontent.api.tesco.com/v2/media/ghs/58f8c664-84dd-46d9-8974-ed1eb27148cb/ff47a1aa-4364-4097-aa8f-ed167896efd3.jpeg?h=225&w=225,
312721453,Biotiful Coconut Kefir Drink 500Ml,https://www.tesco.com/groceries/en-GB/shop/fresh-food/all?department=Yoghurts&viewAll=department&page=,£2.50,£5.00/litre,,New,/groceries/en-GB/products/312721453,https://digitalcontent.api.tesco.com/v2/media/ghs/4f3e9798-bb2d-421c-9130-884494265397/93f708df-f2bb-4dd9-bae9-0a4649479a24.jpeg?h=225&w=225,
293795635,Koko Dairy Free Original Plain Yogurt 500G,https://www.tesco.com/groceries/en-GB/shop/fresh-food/all?department=Yoghurts&viewAll=department&page=,£2.00,£0.40/100g,£1.65 Clubcard Price,,/groceries/en-GB/products/293795635,https://digitalcontent.api.tesco.com/v2/media/ghs/3e2ff93a-a4f3-41b7-983f-eb53c0b2325b/ad970fdf-dc05-4248-8625-c641860b4b25_2003817469.jpeg?h=225&w=225,
265544549,Cadbury Layers Of Joy 2 Pack Chocolate 2X90g,https://www.tesco.com/groceries/en-GB/shop/fresh-food/all?department=Yoghurts&viewAll=department&page=,£1.50,£0.83/100g,,,/groceries/en-GB/products/265544549,https://digitalcontent.api.tesco.com/v2/media/ghs/a9411e74-bee8-47d1-9f91-bd5a82071915/fa6b4bb0-7300-4fa0-ac7f-df55c9c4b1ef.jpeg?h=225&w=225,
309756479,Yeo Valley No Added Sugar Kids Yogurts Selection 6X42g,https://www.tesco.com/groceries/en-GB/shop/fresh-food/all?department=Yoghurts&viewAll=department&page=,£2.00,£0.79/100g,,,/groceries/en-GB/products/309756479,https://digitalcontent.api.tesco.com/v2/media/ghs/9a8c6a4b-3695-435a-a4bb-160155c93730/0f5b0525-3e3e-4a1b-998f-4c7f48bf1d55.jpeg?h=225&w=225,
256187378,Yeo Valley Greek Style Honey Yogurt 450G,https://www.tesco.com/groceries/en-GB/shop/fresh-food/all?department=Yoghurts&viewAll=department&page=,£1.95,£0.43/100g,,,/groceries/en-GB/products/256187378,https://digitalcontent.api.tesco.com/v2/media/ghs/91237487-ece5-4122-9dc8-b197ac3cf4bb/7fd8242e-e869-4027-a6e7-2b64e4ab5770.jpeg?h=225&w=225,
303630770,Yeo Valley Kefir Yogurt Mango & Passion Fruit 350G,https://www.tesco.com/groceries/en-GB/shop/fresh-food/all?department=Yoghurts&viewAll=department&page=,£1.70,£0.49/100g,,,/groceries/en-GB/products/303630770,https://digitalcontent.api.tesco.com/v2/media/ghs/407a727f-b446-4051-8dd8-1daba08c8327/5dc622fc-e709-45da-a6ba-10ef551013c9.jpeg?h=225&w=225,
308492439,Yeo Valley Organic Gut Health Kefir Strawberry 4X100g,https://www.tesco.com/groceries/en-GB/shop/fresh-food/all?department=Yoghurts&viewAll=department&page=,£2.25,£0.56/100g,£1.50 Clubcard Price,,/groceries/en-GB/products/308492439,https://digitalcontent.api.tesco.com/v2/media/ghs/aa55938b-234d-470f-961f-2796928bbb8d/26812ec9-f517-47e6-aabe-bc4b8306044d.jpeg?h=225&w=225,
308478078,Yeo Valley Organic Kefir Passion Fruit & Mango 4X100g,https://www.tesco.com/groceries/en-GB/shop/fresh-food/all?department=Yoghurts&viewAll=department&page=,£2.25,£0.56/100g,£1.50 Clubcard Price,,/groceries/en-GB/products/308478078,https://digitalcontent.api.tesco.com/v2/media/ghs/8024e70b-e5ad-414c-9936-1be3be900f74/6eaed093-e6ab-4ea7-a713-a2a0448b0e26.jpeg?h=225&w=225,
312702608,Yeo Valley Organic Vanilla Yogurt 4X110g,https://www.tesco.com/groceries/en-GB/shop/fresh-food/all?department=Yoghurts&viewAll=department&page=,£2.40,£0.55/100g,£1.75 Clubcard Price,,/groceries/en-GB/products/312702608,https://digitalcontent.api.tesco.com/v2/media/ghs/9f52774a-a908-43a0-9743-a990a398a624/5b354a6d-92b2-4adb-acf3-ac142ac81599.jpeg?h=225&w=225,
304399143,Muller Bliss Mascarpone Cherry 4 X 110G,https://www.tesco.com/groceries/en-GB/shop/fresh-food/all?department=Yoghurts&viewAll=department&page=,£2.25,£0.51/100g,,,/groceries/en-GB/products/304399143,https://digitalcontent.api.tesco.com/v2/media/ghs/065064fd-8ff2-4765-96d1-5c8c687e2b73/08af138e-98d9-435f-a867-312708ef3478.jpeg?h=225&w=225,
309478497,Actimel Kids Strawberry Banana Yogurt Drink 4X100g,https://www.tesco.com/groceries/en-GB/shop/fresh-food/all?department=Yoghurts&viewAll=department&page=,£1.75,£0.44/100g,,,/groceries/en-GB/products/309478497,https://digitalcontent.api.tesco.com/v2/media/ghs/4f15891a-7baf-48fe-9669-2c03ce8124b7/e06fb910-9ac7-478f-b3f3-bbbe575b63be.jpeg?h=225&w=225,
308492059,Yeo Valley Organic Kefir Raspberry 4X100g,https://www.tesco.com/groceries/en-GB/shop/fresh-food/all?department=Yoghurts&viewAll=department&page=,£2.25,£0.56/100g,£1.50 Clubcard Price,,/groceries/en-GB/products/308492059,https://digitalcontent.api.tesco.com/v2/media/ghs/fb12aa50-7fe3-4b5a-9483-21105a5f5fa7/0effd9b4-cacf-4465-9a2a-5fe862c10ff2.jpeg?h=225&w=225,
309498594,Actimel Kids Peach Yogurt Drinks 4 X 100G,https://www.tesco.com/groceries/en-GB/shop/fresh-food/all?department=Yoghurts&viewAll=department&page=,£1.75,£0.44/100g,,,/groceries/en-GB/products/309498594,https://digitalcontent.api.tesco.com/v2/media/ghs/48a67add-13ff-4c91-a421-71415ca75445/bd8ee0bc-ed29-42c6-923a-a32460703c3d.jpeg?h=225&w=225,
311666404,Muller Bliss Raspberry Greek Style Yogurt 4X105g,https://www.tesco.com/groceries/en-GB/shop/fresh-food/all?department=Yoghurts&viewAll=department&page=,£2.25,£0.54/100g,,,/groceries/en-GB/products/311666404,https://digitalcontent.api.tesco.com/v2/media/ghs/cbd78c98-5c0a-40f6-a7d8-029dd29ce752/f55d679c-e299-4b78-bd48-3977711eafc5.jpeg?h=225&w=225,
303631319,Tesco Greek Style Vanilla Yogurt 450G,https://www.tesco.com/groceries/en-GB/shop/fresh-food/all?department=Yoghurts&viewAll=department&page=,£1.35,£0.30/100g,,,/groceries/en-GB/products/303631319,https://digitalcontent.api.tesco.com/v2/media/ghs/ba70ace5-5265-42e8-a7cd-e0541a08e673/65a62e90-32fe-4f75-ac5d-7d79427523ef.jpeg?h=225&w=225,
309469905,Arla Skyr 0% Fat Sour Cherry Yogurt 450G,https://www.tesco.com/groceries/en-GB/shop/fresh-food/all?department=Yoghurts&viewAll=department&page=,£1.75,£0.39/100g,£1.25 Clubcard Price,,/groceries/en-GB/products/309469905,https://digitalcontent.api.tesco.com/v2/media/ghs/125c29a3-578b-4c4d-9473-5d45def5251f/6cd291c5-75ed-401f-9e56-1f88a80b2325.jpeg?h=225&w=225,
307135970,Kinder Milk Slice Milk And Honey 3 X 28G,https://www.tesco.com/groceries/en-GB/shop/fresh-food/all?department=Yoghurts&viewAll=department&page=,£1.00,£1.20/100g,,,/groceries/en-GB/products/307135970,https://digitalcontent.api.tesco.com/v2/media/ghs/8d614e97-3d12-480a-8a40-c607ef9e5f8e/3d9af043-4220-4205-b34d-775727ffff96.jpeg?h=225&w=225,
299770269,Tesco High Protein Fromage Frais 500G,https://www.tesco.com/groceries/en-GB/shop/fresh-food/all?department=Yoghurts&viewAll=department&page=,£1.10,£0.22/100g,,,/groceries/en-GB/products/299770269,https://digitalcontent.api.tesco.com/v2/media/ghs/b7ae2b24-ce6c-4f8f-bdb6-6a63b119c4e5/ea13510c-2fd4-4bbd-81fd-69cb86b9c2b4.jpeg?h=225&w=225,
258170431,Tesco Low Fat Natural Yogurt 500G,https://www.tesco.com/groceries/en-GB/shop/fresh-food/all?department=Yoghurts&viewAll=department&page=,£1.00,£0.20/100g,,,/groceries/en-GB/products/258170431,https://digitalcontent.api.tesco.com/v2/media/ghs/11dc771f-cff9-45e1-b563-174f451f7008/d7eb7b4f-7a05-435e-8d96-8ae4d62b7253.jpeg?h=225&w=225,
303631037,Creamfields Mango Passion Fruit Low Fat Yogurt 450G,https://www.tesco.com/groceries/en-GB/shop/fresh-food/all?department=Yoghurts&viewAll=department&page=,£0.99,£0.22/100g,Aldi Price Match,,/groceries/en-GB/products/303631037,https://digitalcontent.api.tesco.com/v2/media/ghs/7a6a8988-3999-4d84-89a2-652b8d5702a3/033c67d5-6685-4314-a7a2-e71adb8a98be.jpeg?h=225&w=225,
303630999,Creamfields Strawberry Low Fat Yogurt 450G,https://www.tesco.com/groceries/en-GB/shop/fresh-food/all?department=Yoghurts&viewAll=department&page=,£0.99,£0.22/100g,,,/groceries/en-GB/products/303630999,https://digitalcontent.api.tesco.com/v2/media/ghs/b23965b0-a209-4a90-8ef2-f4871d5a9888/f44735d3-8c84-45e0-9a16-d4cd06b80ec6.jpeg?h=225&w=225,
273968064,Yeo Valley Greek Style Natural Yogurt 950G,https://www.tesco.com/groceries/en-GB/shop/fresh-food/all?department=Yoghurts&viewAll=department&page=,£3.60,£0.38/100g,,,/groceries/en-GB/products/273968064,https://digitalcontent.api.tesco.com/v2/media/ghs/32cf8eac-5e65-46c0-8206-4f6fe77f8370/162b5b67-74d0-40a2-9bd2-bfc94f5e3b85.jpeg?h=225&w=225,
305988798,Biotiful Kefir Morello Cherry 500Ml,https://www.tesco.com/groceries/en-GB/shop/fresh-food/all?department=Yoghurts&viewAll=department&page=,£2.50,£0.50/100ml,,,/groceries/en-GB/products/305988798,https://digitalcontent.api.tesco.com/v2/media/ghs/fb6c7522-d059-43f6-987e-efc3c8f62295/a4c5dcf3-3029-4caa-ab65-2bb4915696b3.jpeg?h=225&w=225,
303695449,Collective Dairy Kefir Coconut & Honey 500Ml,https://www.tesco.com/groceries/en-GB/shop/fresh-food/all?department=Yoghurts&viewAll=department&page=,£2.35,£0.47/100ml,,,/groceries/en-GB/products/303695449,https://digitalcontent.api.tesco.com/v2/media/ghs/be6d6c07-6c8a-4016-8a88-03e754624764/ac92097e-947b-4329-b2ea-f03d76a0eda2.jpeg?h=225&w=225,
302529973,Bio-Tiful Dairy Kefir Drink Original 500Ml,https://www.tesco.com/groceries/en-GB/shop/fresh-food/all?department=Yoghurts&viewAll=department&page=,£2.50,£0.50/100ml,,,/groceries/en-GB/products/302529973,https://digitalcontent.api.tesco.com/v2/media/ghs/10ee5b3a-307f-4246-ac04-51177b955b01/e0976544-6ac4-4809-a046-f2d44553c8d4.jpeg?h=225&w=225,
305964757,Collective Kefir Mango Cultured Milk Drink 500Ml,https://www.tesco.com/groceries/en-GB/shop/fresh-food/all?department=Yoghurts&viewAll=department&page=,£2.35,£0.47/100ml,,,/groceries/en-GB/products/305964757,https://digitalcontent.api.tesco.com/v2/media/ghs/1e22c6d5-f283-49f2-af78-a25018335b2b/d938e263-a5f7-486b-9b45-d98e83d09c71.jpeg?h=225&w=225,
291729465,The Collective Passion Fruit Yogurt 450G,https://www.tesco.com/groceries/en-GB/shop/fresh-food/all?department=Yoghurts&viewAll=department&page=,£2.65,£0.59/100g,,,/groceries/en-GB/products/291729465,https://digitalcontent.api.tesco.com/v2/media/ghs/a090dc79-dc40-480c-b592-90b4a3c313e1/730d6b91-a034-4b09-bb5c-e9b198c9a1f0.jpeg?h=225&w=225,
297662176,The Collective Dairy Cherry Yogurt 450G,https://www.tesco.com/groceries/en-GB/shop/fresh-food/all?department=Yoghurts&viewAll=department&page=,£2.65,£0.59/100g,,,/groceries/en-GB/products/297662176,https://digitalcontent.api.tesco.com/v2/media/ghs/043a44a1-9e9a-4b88-b6bf-1debae977f01/0d60816e-eed2-4412-b073-12920a224a8a.jpeg?h=225&w=225,
260378143,St Helens Farm Natural Goats Milk Yogurt 450G,https://www.tesco.com/groceries/en-GB/shop/fresh-food/all?department=Yoghurts&viewAll=department&page=,£2.40,£0.53/100g,,,/groceries/en-GB/products/260378143,https://digitalcontent.api.tesco.com/v2/media/ghs/51a3cb5b-3d72-4c65-ac55-9741b7778480/b376936f-b176-4f8c-9715-e5dd4e45643f.jpeg?h=225&w=225,
311780239,Bonne Maman Rhubarb Yogurt 4X125g,https://www.tesco.com/groceries/en-GB/shop/fresh-food/all?department=Yoghurts&viewAll=department&page=,£2.60,£0.52/100g,,,/groceries/en-GB/products/311780239,https://digitalcontent.api.tesco.com/v2/media/ghs/f0667020-0ae0-4604-a1df-1436e02fcfdc/e40cb30f-49fc-44d9-808d-b411e608fec2.jpeg?h=225&w=225,
312109804,Yeo Valley Organic Greek Style Natural Yogurt 4X110g,https://www.tesco.com/groceries/en-GB/shop/fresh-food/all?department=Yoghurts&viewAll=department&page=,£2.40,£0.55/100g,,New,/groceries/en-GB/products/312109804,https://digitalcontent.api.tesco.com/v2/media/ghs/bfc22da6-68dd-4d4e-b6b1-208a2bab8ac0/053bc0cc-35e2-49c4-a219-91bf3856a24c.jpeg?h=225&w=225,
311673695,Bonne Maman Raspberry Yogurt 4X125g,https://www.tesco.com/groceries/en-GB/shop/fresh-food/all?department=Yoghurts&viewAll=department&page=,£2.60,£0.52/100g,,,/groceries/en-GB/products/311673695,https://digitalcontent.api.tesco.com/v2/media/ghs/cf3ef60b-4ec2-4bd2-ad00-1e9602428564/69472424-3b94-4286-b252-ce0784b11e79.jpeg?h=225&w=225,
259163029,Yeo Valley Blueberry Yogurt 450G,https://www.tesco.com/groceries/en-GB/shop/fresh-food/all?department=Yoghurts&viewAll=department&page=,£2.00,£0.44/100g,,,/groceries/en-GB/products/259163029,https://digitalcontent.api.tesco.com/v2/media/ghs/a0c265dd-1445-4b8c-9860-7be9ccc7a4c2/1899a62f-4da8-44e7-9979-d7a0c41a7169.jpeg?h=225&w=225,
306494279,Actimel Dairy Free Almond Mango & Passion Fruit 600G,https://www.tesco.com/groceries/en-GB/shop/fresh-food/all?department=Yoghurts&viewAll=department&page=,£3.50,£0.58/100g,£2.50 Clubcard Price,,/groceries/en-GB/products/306494279,https://digitalcontent.api.tesco.com/v2/media/ghs/a1365a5e-6fa3-4348-b039-7f60430e0525/aefc4881-608f-4913-bbd7-a8bdda510ee1.jpeg?h=225&w=225,
305955549,Oatly Plain Oatgurt 400G,https://www.tesco.com/groceries/en-GB/shop/fresh-food/all?department=Yoghurts&viewAll=department&page=,£2.20,£0.55/100g,,,/groceries/en-GB/products/305955549,https://digitalcontent.api.tesco.com/v2/media/ghs/49ac5567-c84c-4b91-9023-62c62d338948/4cb381f7-91a1-4477-81d4-282133e1400b_1762296629.jpeg?h=225&w=225,
268783946,Onken Wholegrain Strawberry Yogurt 450G,https://www.tesco.com/groceries/en-GB/shop/fresh-food/all?department=Yoghurts&viewAll=department&page=,£1.75,£0.39/100g,,,/groceries/en-GB/products/268783946,https://digitalcontent.api.tesco.com/v2/media/ghs/da9f9e07-d911-45ee-ac5e-ae0084a8c00a/6b1a5898-c93e-475a-9c6d-3d7617c8f6ef.jpeg?h=225&w=225,
268804969,Onken Biopot Fat Free Mango & Yogurt 450G,https://www.tesco.com/groceries/en-GB/shop/fresh-food/all?department=Yoghurts&viewAll=department&page=,£1.75,£0.39/100g,,,/groceries/en-GB/products/268804969,https://digitalcontent.api.tesco.com/v2/media/ghs/b27f07d0-a9a2-40f7-9ce0-f04f8194ae9a/6342d9aa-5eb4-499a-9482-9b2ee837cb63.jpeg?h=225&w=225,
311229681,Fage Total 5% Fat Greek Recipe Yogurt 150G,https://www.tesco.com/groceries/en-GB/shop/fresh-food/all?department=Yoghurts&viewAll=department&page=,£1.25,£0.83/100g,,,/groceries/en-GB/products/311229681,https://digitalcontent.api.tesco.com/v2/media/ghs/61b65505-9a36-4679-8b66-faea42b2dd51/0a8cc40a-1ade-4f8e-a1e9-924f87c15dec.jpeg?h=225&w=225,
312705867,Biotiful Gut Health Strawberry Kefir Drink 1L,https://www.tesco.com/groceries/en-GB/shop/fresh-food/all?department=Yoghurts&viewAll=department&page=,£2.75,£2.75/litre,,,/groceries/en-GB/products/312705867,https://digitalcontent.api.tesco.com/v2/media/ghs/12e446fc-2402-42d0-8e2f-843f460fa069/5fcd4ced-9bbc-479d-97e0-2280363a1f5b.jpeg?h=225&w=225,
267313123,Yeo Valley Rhubarb Yogurt 450G,https://www.tesco.com/groceries/en-GB/shop/fresh-food/all?department=Yoghurts&viewAll=department&page=,£2.00,£0.44/100g,,,/groceries/en-GB/products/267313123,https://digitalcontent.api.tesco.com/v2/media/ghs/9170f3cb-9e62-45d2-84d9-358bbf8f6293/758d3ca9-9f5c-49c8-9b3a-bdd6c565f6c8.jpeg?h=225&w=225,
305943419,Oatly Strawberry Oatgurt 400G,https://www.tesco.com/groceries/en-GB/shop/fresh-food/all?department=Yoghurts&viewAll=department&page=,£2.20,£0.55/100g,,,/groceries/en-GB/products/305943419,https://digitalcontent.api.tesco.com/v2/media/ghs/e9efbf7d-f12e-43ae-ae3d-8da62836ce6f/962a65cf-7f07-46ec-8967-5b58df74d760_1604169260.jpeg?h=225&w=225,
308456041,Petits Filous No Added Sugar Raspberry & Apple Yogurt Drink 4X100g,https://www.tesco.com/groceries/en-GB/shop/fresh-food/all?department=Yoghurts&viewAll=department&page=,£2.00,£0.50/100g,£1.50 Clubcard Price,,/groceries/en-GB/products/308456041,https://digitalcontent.api.tesco.com/v2/media/ghs/e1bdee9f-7acc-4db3-b494-4aae695ee15a/fd8b6f49-d519-42c0-87d0-a443855b2811.jpeg?h=225&w=225,
311939367,Gut Glory Salted Caramel Yogurt 450G,https://www.tesco.com/groceries/en-GB/shop/fresh-food/all?department=Yoghurts&viewAll=department&page=,£1.80,£0.40/100g,£1.00 Clubcard Price,,/groceries/en-GB/products/311939367,https://digitalcontent.api.tesco.com/v2/media/ghs/0bd3b592-3d5b-474b-9365-9b7aa124917d/2a085210-1bc4-4286-b290-39371248e610.jpeg?h=225&w=225,
312576019,Yeo Valley Organic Little Yeos No Added Sugar Banana Yogurt 4X85g,https://www.tesco.com/groceries/en-GB/shop/fresh-food/all?department=Yoghurts&viewAll=department&page=,£1.70,£0.50/100g,,,/groceries/en-GB/products/312576019,https://digitalcontent.api.tesco.com/v2/media/ghs/c24c581f-7659-4e78-87ca-23fdac75b53c/0724ab46-4d0f-4aaf-8bcb-3c90cc1946ef.jpeg?h=225&w=225,
297860097,Bio-Tiful Dairy Kefir Drink Original 250Ml,https://www.tesco.com/groceries/en-GB/shop/fresh-food/all?department=Yoghurts&viewAll=department&page=,£1.65,£0.66/100ml,,,/groceries/en-GB/products/297860097,https://digitalcontent.api.tesco.com/v2/media/ghs/448073d1-5956-4752-be37-523c7b74dbd7/4dd311ca-1949-42b4-96ad-ce1c4b3a976d.jpeg?h=225&w=225,
304417273,Muller Bliss Mascarpone Peach & Apricot 4 X 110G,https://www.tesco.com/groceries/en-GB/shop/fresh-food/all?department=Yoghurts&viewAll=department&page=,£2.25,£0.51/100g,,,/groceries/en-GB/products/304417273,https://digitalcontent.api.tesco.com/v2/media/ghs/abe41720-ba3e-4632-ad47-cf1040acd7f3/f6af13b1-91a3-4435-8a76-ce290b8e4c3f.jpeg?h=225&w=225,
304398714,Petits Filous No Added Sugar Apple Pear & Banana Fromage Frais 6 X 47G,https://www.tesco.com/groceries/en-GB/shop/fresh-food/all?department=Yoghurts&viewAll=department&page=,£1.60,£0.57/100g,,,/groceries/en-GB/products/304398714,https://digitalcontent.api.tesco.com/v2/media/ghs/a3960371-5fae-4010-b318-eb6050984902/ef87e59d-85f4-4c49-95cb-92fc5c3fe477.jpeg?h=225&w=225,
312082966,Light & Free Greek Style Yogurt Millionaires Shortbread Flavour 4X115g,https://www.tesco.com/groceries/en-GB/shop/fresh-food/all?department=Yoghurts&viewAll=department&page=,£2.35,£5.11/kg,£1.50 Clubcard Price,,/groceries/en-GB/products/312082966,https://digitalcontent.api.tesco.com/v2/media/ghs/cf71dae1-a185-4dd1-97f6-3b5e7c595403/6f3e6f5e-7611-47fb-9300-6306063e7bfa.jpeg?h=225&w=225,
312353888,The Collective Dairy Free Strawberry Suckies 85G,https://www.tesco.com/groceries/en-GB/shop/fresh-food/all?department=Yoghurts&viewAll=department&page=,£1.00,£11.77/kg,,,/groceries/en-GB/products/312353888,https://digitalcontent.api.tesco.com/v2/media/ghs/191d1981-066c-46a2-8e12-4122c0ba15e9/da20d8be-9753-4c44-9bbb-a344bb602b67.jpeg?h=225&w=225,
303673972,Onken Naked Strawberry Yogurt Pouch 110G,https://www.tesco.com/groceries/en-GB/shop/fresh-food/all?department=Yoghurts&viewAll=department&page=,£1.00,£0.91/100g,"£3.40 Meal Deal Clubcard Price £3.90 Meal Deal Regular Price - Selected Drink, Snack, Wrap, Sandwich, Roll, Pasty Or Salad",,/groceries/en-GB/products/303673972,https://digitalcontent.api.tesco.com/v2/media/ghs/ee29697f-d7e1-417d-8cc9-ee65f28c7e7d/2b07c5dd-c9d1-4178-aa77-4ed573c5d618.jpeg?h=225&w=225,
310119778,Wildlife Choobs Variety 6X37g,https://www.tesco.com/groceries/en-GB/shop/fresh-food/all?department=Yoghurts&viewAll=department&page=,£1.00,£0.45/100g,,New,/groceries/en-GB/products/310119778,https://digitalcontent.api.tesco.com/v2/media/ghs/ac802ef6-fd04-465c-b33f-17084178cd21/212b66fd-6f28-4d91-aa81-faea367b39cc.jpeg?h=225&w=225,
312720293,The Collective Suckies No Added Sugar Banana & Cocoa 90G,https://www.tesco.com/groceries/en-GB/shop/fresh-food/all?department=Yoghurts&viewAll=department&page=,£0.85,£0.94/100g,60p Clubcard Price,,/groceries/en-GB/products/312720293,https://digitalcontent.api.tesco.com/v2/media/ghs/9a4c87c2-8b71-4abe-8acd-e78850ce58c4/9500fd2f-d871-4c7c-bf32-fbf1fa140291.jpeg?h=225&w=225,
312982448,Pakeeza Mango Lassi Thick Yogurt Drink 330G,https://www.tesco.com/groceries/en-GB/shop/fresh-food/all?department=Yoghurts&viewAll=department&page=,£1.25,£3.79/kg,,New,/groceries/en-GB/products/312982448,https://digitalcontent.api.tesco.com/v2/media/ghs/755045fb-8551-454c-8581-27ea227f16e6/906b1750-76d3-4996-b4d9-8795a37e70e2.jpeg?h=225&w=225,
313000207,Pakeeza Passion Fruit Lassi Thick Yogurt Drink 330G,https://www.tesco.com/groceries/en-GB/shop/fresh-food/all?department=Yoghurts&viewAll=department&page=,£1.25,£3.79/kg,,New,/groceries/en-GB/products/313000207,https://digitalcontent.api.tesco.com/v2/media/ghs/0f2f323d-e100-4ef5-a08c-3ec81eaf922d/c4c1851b-a784-46d0-9795-116541eba503.jpeg?h=225&w=225,
302329328,The Coconut Collaborative Strawberry & Banana Kids Puree 90G,https://www.tesco.com/groceries/en-GB/shop/fresh-food/all?department=Yoghurts&viewAll=department&page=,£0.85,£0.94/100g,,,/groceries/en-GB/products/302329328,https://digitalcontent.api.tesco.com/v2/media/ghs/08db8f25-87f9-4bd5-ab0c-e007b290d7ac/c6cdcea1-9e67-44ce-acff-d0bb0059fb07_1938527164.jpeg?h=225&w=225,
312106174,Yeo Valley Little Yeos Blueberry & Banana Organic Yogurt 85G,https://www.tesco.com/groceries/en-GB/shop/fresh-food/all?department=Yoghurts&viewAll=department&page=,£0.75,£0.88/100g,,,/groceries/en-GB/products/312106174,https://digitalcontent.api.tesco.com/v2/media/ghs/69131846-a011-4962-a7cd-f75797b7eb76/d388552b-224e-4039-8b04-cc333cb7ca38.jpeg?h=225&w=225,
310097157,Tesco 0% Fat Natural Yogurt 1Kg,https://www.tesco.com/groceries/en-GB/shop/fresh-food/all?department=Yoghurts&viewAll=department&page=,£1.80,£0.18/100g,,,/groceries/en-GB/products/310097157,https://digitalcontent.api.tesco.com/v2/media/ghs/08951355-7bbc-401a-bf21-9585220e93b9/1ef1ccbc-5b28-4f2f-8c58-2f49662b59b5.jpeg?h=225&w=225,
310191051,Tesco Natural Yogurt 1Kg,https://www.tesco.com/groceries/en-GB/shop/fresh-food/all?department=Yoghurts&viewAll=department&page=,£1.80,£0.18/100g,,,/groceries/en-GB/products/310191051,https://digitalcontent.api.tesco.com/v2/media/ghs/7941c39e-259b-47da-9b94-e3a78ee53167/d767b866-a6b3-4e1d-8c39-ea2a7313c343.jpeg?h=225&w=225,
290882116,Lowicz Kefir Yoghurt-Style Drink 400G,https://www.tesco.com/groceries/en-GB/shop/fresh-food/all?department=Yoghurts&viewAll=department&page=,£0.80,£0.20/100g,,,/groceries/en-GB/products/290882116,https://digitalcontent.api.tesco.com/v2/media/ghs/4cc15077-fe77-4fb7-b4eb-e63111647a88/b616e389-5d74-42e4-9d92-6129d76e8eba.jpeg?h=225&w=225,
262162245,Benecol Dairy Free Tropical Drink 6 X 65.5G,https://www.tesco.com/groceries/en-GB/shop/fresh-food/all?department=Yoghurts&viewAll=department&page=,£3.95,£1.01/100g,,,/groceries/en-GB/products/262162245,https://digitalcontent.api.tesco.com/v2/media/ghs/1df1d9cb-7cf8-4638-8a3a-e99f9399cc97/88270c33-9df6-4618-a0cd-d6e40b229f85.jpeg?h=225&w=225,
307133776,Actimel 100% Dairy Free Blueberry Yogurt 6X100g,https://www.tesco.com/groceries/en-GB/shop/fresh-food/all?department=Yoghurts&viewAll=department&page=,£3.50,£5.84/kg,£2.50 Clubcard Price,,/groceries/en-GB/products/307133776,https://digitalcontent.api.tesco.com/v2/media/ghs/96de1082-2f9a-46c2-90a6-6d73e444955f/8603eaaf-6a56-49dc-a307-cd2f58ffe858.jpeg?h=225&w=225,
307743100,Oykos Dairy Free Stracciatella Chocolate 350G,https://www.tesco.com/groceries/en-GB/shop/fresh-food/all?department=Yoghurts&viewAll=department&page=,£2.85,£0.82/100g,,,/groceries/en-GB/products/307743100,https://digitalcontent.api.tesco.com/v2/media/ghs/c951306e-2468-4e7c-a8c1-84b7c71c2a24/475c5c67-09a8-4ad3-bbd5-5f73c6e14cff.jpeg?h=225&w=225,
306802424,The Coconut Collaborative Alphonso Mango Passion Fruit 360G,https://www.tesco.com/groceries/en-GB/shop/fresh-food/all?department=Yoghurts&viewAll=department&page=,£2.75,£0.76/100g,,,/groceries/en-GB/products/306802424,https://digitalcontent.api.tesco.com/v2/media/ghs/803ce36e-af87-42a3-9713-808c0369c90d/0439ae21-c69b-41f7-aea5-d6681162f3c8.jpeg?h=225&w=225,
308852614,Petits Filous Dairy Free Apricot 4X95g,https://www.tesco.com/groceries/en-GB/shop/fresh-food/all?department=Yoghurts&viewAll=department&page=,£2.50,£0.66/100g,,,/groceries/en-GB/products/308852614,https://digitalcontent.api.tesco.com/v2/media/ghs/4d39e1aa-9661-4319-ba4c-a8ebdf89524b/6ecf0da8-413d-44ee-ab6e-460b5f81f991.jpeg?h=225&w=225,
303917633,Actimel Strawberry 00% 12X100g,https://www.tesco.com/groceries/en-GB/shop/fresh-food/all?department=Yoghurts&viewAll=department&page=,£4.20,£3.50/kg,,,/groceries/en-GB/products/303917633,https://digitalcontent.api.tesco.com/v2/media/ghs/db607b18-eeb5-47a0-bb32-b544da3d39a9/10af3b8e-6586-4d44-ab70-aec5b05c5bdf.jpeg?h=225&w=225,
305979515,The Collective Kefir Natural Milk Drink 500Ml,https://www.tesco.com/groceries/en-GB/shop/fresh-food/all?department=Yoghurts&viewAll=department&page=,£2.35,£4.70/litre,,,/groceries/en-GB/products/305979515,https://digitalcontent.api.tesco.com/v2/media/ghs/ac590c49-b10d-4c1c-a63e-97354088ee7a/f17b4542-b617-4e5a-82ac-41ef506d998e.jpeg?h=225&w=225,
312223651,Yeo Valley Organic Mango Pineapple & Passion Fruit 450G,https://www.tesco.com/groceries/en-GB/shop/fresh-food/all?department=Yoghurts&viewAll=department&page=,£2.00,£0.44/100g,,,/groceries/en-GB/products/312223651,https://digitalcontent.api.tesco.com/v2/media/ghs/03d6e359-79c5-451d-84dd-993c7016584e/25ee4db8-8914-477c-b191-71ec88920895.jpeg?h=225&w=225,
311949370,Petit Filous Vitamin Rich Apricot Peach & Carrot 4X100g,https://www.tesco.com/groceries/en-GB/shop/fresh-food/all?department=Yoghurts&viewAll=department&page=,£2.25,£0.56/100g,,,/groceries/en-GB/products/311949370,https://digitalcontent.api.tesco.com/v2/media/ghs/d909899e-629c-4bb2-bb85-599be56d5692/2df4a223-e531-4835-87bd-a68ed8975e82.jpeg?h=225&w=225,
268578971,Nomadic Ayran Natural Yogurt Drink 1 Litre,https://www.tesco.com/groceries/en-GB/shop/fresh-food/all?department=Yoghurts&viewAll=department&page=,£1.70,£0.17/100ml,,,/groceries/en-GB/products/268578971,https://digitalcontent.api.tesco.com/v2/media/ghs/1d81ab00-dad2-47b6-918b-6c96e841158c/44b2a21d-36be-48cb-8e5b-2b7673aa748f.jpeg?h=225&w=225,
308455900,Petits Filous No Added Sugar Banana & Apricot Yogurt Drink 4X100g,https://www.tesco.com/groceries/en-GB/shop/fresh-food/all?department=Yoghurts&viewAll=department&page=,£2.00,£0.50/100g,£1.50 Clubcard Price,,/groceries/en-GB/products/308455900,https://digitalcontent.api.tesco.com/v2/media/ghs/2f44eeb9-fa57-4675-839d-85078c21bc02/7c1fb823-42e7-44c0-91b2-94b3f40dd41e.jpeg?h=225&w=225,
265413941,Nomadic Mango Lassi Yogurt Drink 500Ml,https://www.tesco.com/groceries/en-GB/shop/fresh-food/all?department=Yoghurts&viewAll=department&page=,£1.60,£0.32/100ml,,,/groceries/en-GB/products/265413941,https://digitalcontent.api.tesco.com/v2/media/ghs/fa6776f1-94dd-4258-92e3-0ced059c0693/26804ba6-b726-484f-aaee-fccf780b0174.jpeg?h=225&w=225,
309499086,Strings & Things Frollies Strawberry & Banana 4X25g,https://www.tesco.com/groceries/en-GB/shop/fresh-food/all?department=Yoghurts&viewAll=department&page=,£1.75,£1.75/100g,,,/groceries/en-GB/products/309499086,https://digitalcontent.api.tesco.com/v2/media/ghs/b3615988-64c4-4ed3-a27d-fdf06bc65d9c/8526915f-2ae8-4da5-95da-b9a625aeb282.jpeg?h=225&w=225,
312088787,Petit Filous Vitamin Rich Strawberry & Beetroot 4X100g,https://www.tesco.com/groceries/en-GB/shop/fresh-food/all?department=Yoghurts&viewAll=department&page=,£2.25,£0.56/100g,,,/groceries/en-GB/products/312088787,https://digitalcontent.api.tesco.com/v2/media/ghs/f8994d00-d178-4c6c-98a4-d6cdfe5c3a61/9daf58e7-00b8-4686-bb0f-b525fed0c26b.jpeg?h=225&w=225,
310152841,Wildlife Choobs Strawberry 6X37g,https://www.tesco.com/groceries/en-GB/shop/fresh-food/all?department=Yoghurts&viewAll=department&page=,£1.00,£0.45/100g,,New,/groceries/en-GB/products/310152841,https://digitalcontent.api.tesco.com/v2/media/ghs-mktg/b0b04216-fa73-466d-a9d7-c9fcfa1ce9b3/no-image.jpeg,
311682367,Gut Glory Strawberry Yogurt 450G,https://www.tesco.com/groceries/en-GB/shop/fresh-food/all?department=Yoghurts&viewAll=department&page=,£1.80,£0.40/100g,£1.00 Clubcard Price,,/groceries/en-GB/products/311682367,https://digitalcontent.api.tesco.com/v2/media/ghs/ec2f727d-a576-4116-bd49-b24070e89203/58d564e3-4f11-4674-bbe1-5728b64941db.jpeg?h=225&w=225,
307762139,The Collective Plant-Based Yogurt Alternative Raspberry 135G,https://www.tesco.com/groceries/en-GB/shop/fresh-food/all?department=Yoghurts&viewAll=department&page=,£1.00,£0.74/100g,"£3.40 Meal Deal Clubcard Price £3.90 Meal Deal Regular Price - Selected Drink, Snack, Wrap, Sandwich, Roll, Pasty Or Salad",,/groceries/en-GB/products/307762139,https://digitalcontent.api.tesco.com/v2/media/ghs/a107cdd7-ad05-422d-ab95-76e38cab48cc/58b44231-3c18-4c1b-b237-acfca57c1bc0.jpeg?h=225&w=225,
311424927,The Coconut Collaborative Dairy Free Mango & Passion Fruit 100G,https://www.tesco.com/groceries/en-GB/shop/fresh-food/all?department=Yoghurts&viewAll=department&page=,£1.00,£1.00/100g,"£3.40 Meal Deal Clubcard Price £3.90 Meal Deal Regular Price - Selected Drink, Snack, Wrap, Sandwich, Roll, Pasty Or Salad",,/groceries/en-GB/products/311424927,https://digitalcontent.api.tesco.com/v2/media/ghs/34a3fe32-5759-4d16-b7ab-d337da63ebc8/dd45e08f-5796-4618-b644-dc92e8b2bb75.jpeg?h=225&w=225,
312111294,Actimel 100% Dairy Free Strawberry Yogurt 6 X 100G,https://www.tesco.com/groceries/en-GB/shop/fresh-food/all?department=Yoghurts&viewAll=department&page=,£3.50,£0.58/100g,£2.50 Clubcard Price,,/groceries/en-GB/products/312111294,https://digitalcontent.api.tesco.com/v2/media/ghs/4ae85535-c83d-4133-8356-d049622105dc/ac6074df-1bb4-4055-8f3b-87fdb6eefc87.jpeg?h=225&w=225,
303260366,Flora Light Spread 1Kg,https://www.tesco.com/groceries/en-GB/shop/fresh-food/all?department=Dairy%20Free%20%26%20Dairy%20Alternatives&viewAll=department&page=,£4.60,£4.60/kg,,,/groceries/en-GB/products/303260366,https://digitalcontent.api.tesco.com/v2/media/ghs/b44deaad-3bf3-4780-8376-cf871243d17a/e7f6ba63-828f-453f-9f78-00f718889a43_1561425942.jpeg?h=225&w=225,
267438511,Alpro Junior Growing Up Soya Drink 1Ltr,https://www.tesco.com/groceries/en-GB/shop/fresh-food/all?department=Dairy%20Free%20%26%20Dairy%20Alternatives&viewAll=department&page=,£1.90,£1.90/litre,,,/groceries/en-GB/products/267438511,https://digitalcontent.api.tesco.com/v2/media/ghs/9d42900c-a69a-4a1e-9383-e58c66141ebb/ed776ea9-b312-45eb-9c5c-c3f02006165b.jpeg?h=225&w=225,
251523947,Alpro Original Longlife Soya Drink Alternative 1L,https://www.tesco.com/groceries/en-GB/shop/fresh-food/all?department=Dairy%20Free%20%26%20Dairy%20Alternatives&viewAll=department&page=,£1.90,£1.90/litre,,,/groceries/en-GB/products/251523947,https://digitalcontent.api.tesco.com/v2/media/ghs/b6e29c3f-82cb-4ebd-adf2-64963fbf6010/4507c610-b0c5-4a8e-aa82-1e5637be4ea0.jpeg?h=225&w=225,
260569996,Lactofree Semi Skimmed Longlife 1L,https://www.tesco.com/groceries/en-GB/shop/fresh-food/all?department=Dairy%20Free%20%26%20Dairy%20Alternatives&viewAll=department&page=,£1.90,£1.90/litre,,,/groceries/en-GB/products/260569996,https://digitalcontent.api.tesco.com/v2/media/ghs/bccd373b-e491-4484-ba6e-b2cd0d7453e5/38d19691-d4d4-4fdf-b69d-e71751d3c48b.jpeg?h=225&w=225,
253178655,Alpro Soya No Sugars Long Life Drink 1L,https://www.tesco.com/groceries/en-GB/shop/fresh-food/all?department=Dairy%20Free%20%26%20Dairy%20Alternatives&viewAll=department&page=,£1.90,£1.90/litre,,,/groceries/en-GB/products/253178655,https://digitalcontent.api.tesco.com/v2/media/ghs/ac1efa24-ce46-4fd9-aaa6-245876a886da/0a84089d-09c7-4c0e-a65d-d8ea1785ee3d.jpeg?h=225&w=225,
280832278,Alpro Long Life Oat Drink 1 Litre,https://www.tesco.com/groceries/en-GB/shop/fresh-food/all?department=Dairy%20Free%20%26%20Dairy%20Alternatives&viewAll=department&page=,£1.90,£1.90/litre,,,/groceries/en-GB/products/280832278,https://digitalcontent.api.tesco.com/v2/media/ghs/c80e19cb-6e23-4b60-9eee-99db4b9963fa/e7582c5f-13bd-4797-9418-543201d67b6a.jpeg?h=225&w=225,
304792587,Alpro Oat No Sugars Long Life Drink 1L,https://www.tesco.com/groceries/en-GB/shop/fresh-food/all?department=Dairy%20Free%20%26%20Dairy%20Alternatives&viewAll=department&page=,£1.90,£1.90/litre,,,/groceries/en-GB/products/304792587,https://digitalcontent.api.tesco.com/v2/media/ghs/c638c226-943c-4160-818a-49584c4f4b37/65866d0c-ad1b-40fb-bb40-07d5a2759791.jpeg?h=225&w=225,
276761995,Alpro Almond No Sugars Long Life Drink 1 Litre,https://www.tesco.com/groceries/en-GB/shop/fresh-food/all?department=Dairy%20Free%20%26%20Dairy%20Alternatives&viewAll=department&page=,£1.95,£1.95/litre,,,/groceries/en-GB/products/276761995,https://digitalcontent.api.tesco.com/v2/media/ghs/9f726053-0cb3-4df1-bafb-edb1709fbdc8/5da52b69-7dcc-4a3e-b06e-15cabd7b78b7.jpeg?h=225&w=225,
257159666,Tesco Organic Longlife Soya Drink Unsweetened 1Ltr,https://www.tesco.com/groceries/en-GB/shop/fresh-food/all?department=Dairy%20Free%20%26%20Dairy%20Alternatives&viewAll=department&page=,£1.30,£1.30/litre,,,/groceries/en-GB/products/257159666,https://digitalcontent.api.tesco.com/v2/media/ghs/bd2e146c-798a-4594-bff3-c37f7a883433/2b9ac912-3cb1-4a11-a1df-215dbbb1b205.jpeg?h=225&w=225,
292990463,Oatly Oat Drink Barista Edition 1 Litre,https://www.tesco.com/groceries/en-GB/shop/fresh-food/all?department=Dairy%20Free%20%26%20Dairy%20Alternatives&viewAll=department&page=,£1.90,£1.90/litre,,,/groceries/en-GB/products/292990463,https://digitalcontent.api.tesco.com/v2/media/ghs/2cb52abe-8a87-4ba2-9b88-b6a8b9a95a8c/594d6f38-cb5c-4d4e-8db3-c6c65a30be3f.jpeg?h=225&w=225,
302330090,Oatly Oat Drink Whole 1 Litre,https://www.tesco.com/groceries/en-GB/shop/fresh-food/all?department=Dairy%20Free%20%26%20Dairy%20Alternatives&viewAll=department&page=,£1.90,£1.90/litre,,,/groceries/en-GB/products/302330090,https://digitalcontent.api.tesco.com/v2/media/ghs/e911f614-c21e-44d6-8848-90e69ea275f3/d13de221-d926-424b-adaf-74ad2845d9d5_628648104.jpeg?h=225&w=225,
252098146,Rice Dream Original With Added Calcium Drink Alternative 1 Litre,https://www.tesco.com/groceries/en-GB/shop/fresh-food/all?department=Dairy%20Free%20%26%20Dairy%20Alternatives&viewAll=department&page=,£1.60,£1.60/litre,,,/groceries/en-GB/products/252098146,https://digitalcontent.api.tesco.com/v2/media/ghs/ca77ab79-5202-4ae1-ad50-40a06c8d59bf/be4b1321-9803-49fc-9f4a-89ae6b88c2cb.jpeg?h=225&w=225,
256438810,Tesco Longlife Soya Drink Sweetened 1Ltr,https://www.tesco.com/groceries/en-GB/shop/fresh-food/all?department=Dairy%20Free%20%26%20Dairy%20Alternatives&viewAll=department&page=,£1.15,£1.15/litre,,,/groceries/en-GB/products/256438810,https://digitalcontent.api.tesco.com/v2/media/ghs/54d4a44a-0698-423f-b57e-2cda392b2d8c/d96b54dd-854c-44bc-85be-38efbbc6fe9c.jpeg?h=225&w=225,
295790361,Tesco Longlife Unsweetened Soya Milk Alternative 1L,https://www.tesco.com/groceries/en-GB/shop/fresh-food/all?department=Dairy%20Free%20%26%20Dairy%20Alternatives&viewAll=department&page=,£1.15,£1.15/litre,,,/groceries/en-GB/products/295790361,https://digitalcontent.api.tesco.com/v2/media/ghs/a34d51b1-9634-4096-ab1c-899127133e4a/049259df-fc3f-473b-8775-fec26df1c83e.jpeg?h=225&w=225,
307745622,Tesco Oat Drink 1 Litre,https://www.tesco.com/groceries/en-GB/shop/fresh-food/all?department=Dairy%20Free%20%26%20Dairy%20Alternatives&viewAll=department&page=,£1.30,£1.30/litre,,,/groceries/en-GB/products/307745622,https://digitalcontent.api.tesco.com/v2/media/ghs/76ef12ca-3317-4c5a-846a-90052cc54fe0/2e6c8682-b6a7-4b81-860f-c3b991b7ab39.jpeg?h=225&w=225,
312104631,Oatly The Original Barista Edition Oat Drink 1 Litre,https://www.tesco.com/groceries/en-GB/shop/fresh-food/all?department=Dairy%20Free%20%26%20Dairy%20Alternatives&viewAll=department&page=,£2.00,£2.00/litre,,,/groceries/en-GB/products/312104631,https://digitalcontent.api.tesco.com/v2/media/ghs/0416d4b7-d043-46ff-9ef3-c4773668450c/9f01e020-7594-44c5-aebe-2c3e1d3dd50d_905322901.jpeg?h=225&w=225,
309185561,Jord Organic Oat Drink 1 Litre,https://www.tesco.com/groceries/en-GB/shop/fresh-food/all?department=Dairy%20Free%20%26%20Dairy%20Alternatives&viewAll=department&page=,£1.90,£1.90/litre,,,/groceries/en-GB/products/309185561,https://digitalcontent.api.tesco.com/v2/media/ghs/5ba72e2a-d1f7-4d6f-b132-8e1f797c025f/270672af-fe2f-48ba-ab02-f13a0c03e310.jpeg?h=225&w=225,
300661962,Oatly Oat Drink Semi 1 Litre,https://www.tesco.com/groceries/en-GB/shop/fresh-food/all?department=Dairy%20Free%20%26%20Dairy%20Alternatives&viewAll=department&page=,£1.90,£1.90/litre,,,/groceries/en-GB/products/300661962,https://digitalcontent.api.tesco.com/v2/media/ghs/6e2e00c6-18e2-4a94-ae8d-7545524d0b26/f31b06ac-105b-4972-a44f-7d050fce3b40_1175693738.jpeg?h=225&w=225,
259742068,Lactofree Fresh Whole Milk 1L,https://www.tesco.com/groceries/en-GB/shop/fresh-food/all?department=Dairy%20Free%20%26%20Dairy%20Alternatives&viewAll=department&page=,,,,,/groceries/en-GB/products/259742068,https://digitalcontent.api.tesco.com/v2/media/ghs/3e5a6b9b-454d-41a6-8bc3-a1b45786fc9a/09e0b40e-d822-4b50-b65a-6427452c9172.jpeg?h=225&w=225,This product's currently out of stock
304788437,Alpro Barista Oat Long Life Drink 1 Litre,https://www.tesco.com/groceries/en-GB/shop/fresh-food/all?department=Dairy%20Free%20%26%20Dairy%20Alternatives&viewAll=department&page=,£2.00,£2.00/litre,£1.50 Clubcard Price,,/groceries/en-GB/products/304788437,https://digitalcontent.api.tesco.com/v2/media/ghs/3d52065c-3f1d-446c-9b40-d5e77be93866/fcd50862-6bd3-4e2a-bc76-29255ac24d70.jpeg?h=225&w=225,
258877943,Lactofree Fresh Semi Skimmed Milk 1L,https://www.tesco.com/groceries/en-GB/shop/fresh-food/all?department=Dairy%20Free%20%26%20Dairy%20Alternatives&viewAll=department&page=,,,,,/groceries/en-GB/products/258877943,https://digitalcontent.api.tesco.com/v2/media/ghs/b2998b84-668a-4c36-ac05-7fd3eb94f868/14be8023-4dad-4f67-93dd-d9f96b669381.jpeg?h=225&w=225,This product's currently out of stock
251496638,Oatly Organic Longlife Drink Alternative 1L,https://www.tesco.com/groceries/en-GB/shop/fresh-food/all?department=Dairy%20Free%20%26%20Dairy%20Alternatives&viewAll=department&page=,£1.80,£1.80/litre,£1.30 Clubcard Price,,/groceries/en-GB/products/251496638,https://digitalcontent.api.tesco.com/v2/media/ghs/d90a4375-d88e-4b05-a3fa-51339c4c3729/15569a5d-9771-47a3-9a20-377fae1ba28b_1801778364.jpeg?h=225&w=225,
264930746,Alpro Vanilla Yogurt 500G,https://www.tesco.com/groceries/en-GB/shop/fresh-food/all?department=Dairy%20Free%20%26%20Dairy%20Alternatives&viewAll=department&page=,£1.95,£0.39/100g,,,/groceries/en-GB/products/264930746,,
311797404,Califia Farms Cold Brew Coffee Plus Caramel Oat 750Ml,https://www.tesco.com/groceries/en-GB/shop/fresh-food/all?department=Dairy%20Free%20%26%20Dairy%20Alternatives&viewAll=department&page=,£2.75,£3.67/litre,,New,/groceries/en-GB/products/311797404,,
300118011,Tesco Lactose Free Semi Skimmed Milk 1 Litre,https://www.tesco.com/groceries/en-GB/shop/fresh-food/all?department=Dairy%20Free%20%26%20Dairy%20Alternatives&viewAll=department&page=,£1.35,£1.35/litre,,,/groceries/en-GB/products/300118011,https://digitalcontent.api.tesco.com/v2/media/ghs/a2bc58b2-a09d-41eb-b0a1-9b714eea472d/1169f070-8df1-4886-a922-4466446d1064.jpeg?h=225&w=225,
283788008,Lactofree Mature Cheddar Cheese 200G,https://www.tesco.com/groceries/en-GB/shop/fresh-food/all?department=Dairy%20Free%20%26%20Dairy%20Alternatives&viewAll=department&page=,£2.50,£12.50/kg,,,/groceries/en-GB/products/283788008,https://digitalcontent.api.tesco.com/v2/media/ghs/fe4c5b7a-3e27-404b-8e08-4173bff66480/a736f4de-4f19-4458-aa3d-43b3025902f8.jpeg?h=225&w=225,
261746812,Oatly Longlife Milk Drink 1 Litre,https://www.tesco.com/groceries/en-GB/shop/fresh-food/all?department=Dairy%20Free%20%26%20Dairy%20Alternatives&viewAll=department&page=,£1.60,£1.60/litre,£1.30 Clubcard Price,,/groceries/en-GB/products/261746812,https://digitalcontent.api.tesco.com/v2/media/ghs/cdfcfc2b-f871-409f-84d1-84856137730f/06c3bcdd-7287-4c91-a00c-f6c44081d648.jpeg?h=225&w=225,
253250771,Vitalite Dairy Free Spread 500G,https://www.tesco.com/groceries/en-GB/shop/fresh-food/all?department=Dairy%20Free%20%26%20Dairy%20Alternatives&viewAll=department&page=,£2.25,£4.50/kg,,,/groceries/en-GB/products/253250771,https://digitalcontent.api.tesco.com/v2/media/ghs/aad4f5af-8c24-4e63-9664-6d3dcdebf7ad/52c621bb-bbd4-4a85-b807-946817a2dd90.jpeg?h=225&w=225,
296151638,Alpro Greek Style Strawberry Raspberry Yogurt Alternative 150G,https://www.tesco.com/groceries/en-GB/shop/fresh-food/all?department=Dairy%20Free%20%26%20Dairy%20Alternatives&viewAll=department&page=,£1.00,£0.67/100g,80p Clubcard Price,,/groceries/en-GB/products/296151638,https://digitalcontent.api.tesco.com/v2/media/ghs/e463ff47-911e-49d0-ac92-5843aeefaa53/82cef5f3-7ba7-4acc-8b69-afdf1178bf33.jpeg?h=225&w=225,
302277589,Violife Original Flavour Grated 200G,https://www.tesco.com/groceries/en-GB/shop/fresh-food/all?department=Dairy%20Free%20%26%20Dairy%20Alternatives&viewAll=department&page=,£2.75,£13.75/kg,£2.00 Clubcard Price,,/groceries/en-GB/products/302277589,https://digitalcontent.api.tesco.com/v2/media/ghs/7287feeb-e04b-4491-804d-0db2a09d5da9/4d27c447-762a-4053-8e63-0ca33b7b145f_221646741.jpeg?h=225&w=225,
266567296,Alpro Soya No Sugars Chilled Drink 1 Litre,https://www.tesco.com/groceries/en-GB/shop/fresh-food/all?department=Dairy%20Free%20%26%20Dairy%20Alternatives&viewAll=department&page=,£1.80,£1.80/litre,£1.35 Clubcard Price,,/groceries/en-GB/products/266567296,https://digitalcontent.api.tesco.com/v2/media/ghs/d8490c9a-07ed-48e4-9c6c-622533366d4c/035c2ea0-02a9-476c-aa06-89d163c677b9.jpeg?h=225&w=225,
302565353,Alpro Oat No Sugars Chilled Drink 1 Litre,https://www.tesco.com/groceries/en-GB/shop/fresh-food/all?department=Dairy%20Free%20%26%20Dairy%20Alternatives&viewAll=department&page=,£1.90,£1.90/litre,£1.35 Clubcard Price,,/groceries/en-GB/products/302565353,https://digitalcontent.api.tesco.com/v2/media/ghs/da38811c-1f19-471f-b5ac-336fdad778b8/66128bc7-0069-4447-af3f-a888c8cb9857.jpeg?h=225&w=225,
253528288,Alpro Soya Chilled Drink 1 Litre,https://www.tesco.com/groceries/en-GB/shop/fresh-food/all?department=Dairy%20Free%20%26%20Dairy%20Alternatives&viewAll=department&page=,£1.80,£1.80/litre,£1.35 Clubcard Price,,/groceries/en-GB/products/253528288,https://digitalcontent.api.tesco.com/v2/media/ghs/1aba49df-087e-4913-8fc5-adea0aeca1a0/cffb7e81-6dca-423d-b52b-0f299f1ec277.jpeg?h=225&w=225,
254263443,Stork Original Baking Block 250G,https://www.tesco.com/groceries/en-GB/shop/fresh-food/all?department=Dairy%20Free%20%26%20Dairy%20Alternatives&viewAll=department&page=,£1.50,£6.00/kg,,,/groceries/en-GB/products/254263443,https://digitalcontent.api.tesco.com/v2/media/ghs/784c3d95-6623-42e9-aad2-419645988b9d/361d0642-7069-411c-8282-07bd7a01d4ee_695827020.jpeg?h=225&w=225,
287531928,Tesco Longlife Almond Drink Unsweetened 1Ltr,https://www.tesco.com/groceries/en-GB/shop/fresh-food/all?department=Dairy%20Free%20%26%20Dairy%20Alternatives&viewAll=department&page=,£1.15,£1.15/litre,,,/groceries/en-GB/products/287531928,https://digitalcontent.api.tesco.com/v2/media/ghs/010b9eda-899c-4c38-9ae3-4308635cb0b5/9e0af2d1-cc15-4160-9165-94f41656847a.jpeg?h=225&w=225,
305971345,Pure Dairy Free Buttery Spread 500G,https://www.tesco.com/groceries/en-GB/shop/fresh-food/all?department=Dairy%20Free%20%26%20Dairy%20Alternatives&viewAll=department&page=,£2.15,£4.30/kg,£1.50 Clubcard Price,,/groceries/en-GB/products/305971345,https://digitalcontent.api.tesco.com/v2/media/ghs/0cec4da4-43f9-42d2-ac34-3bceb165b1ef/5c6a6f30-1c36-4c24-ba66-c72b2c3cc7af_2081206467.jpeg?h=225&w=225,
273701571,Almond Breeze Unsweetened Fresh Drink 1 Litre,https://www.tesco.com/groceries/en-GB/shop/fresh-food/all?department=Dairy%20Free%20%26%20Dairy%20Alternatives&viewAll=department&page=,£1.60,£0.16/100ml,,,/groceries/en-GB/products/273701571,https://digitalcontent.api.tesco.com/v2/media/ghs/f98f827a-1269-47c7-8af9-420a53cb0919/fa011711-7679-485c-be0b-5ab9cf52cbac.jpeg?h=225&w=225,
275067782,Alpro Almond No Sugars Chilled Drink 1 Litre,https://www.tesco.com/groceries/en-GB/shop/fresh-food/all?department=Dairy%20Free%20%26%20Dairy%20Alternatives&viewAll=department&page=,£1.95,£1.95/litre,£1.35 Clubcard Price,,/groceries/en-GB/products/275067782,https://digitalcontent.api.tesco.com/v2/media/ghs/2496f1b3-2d7f-422a-ba97-704ebf28b29f/dff20aa4-4532-4079-b82f-b12972b05a60.jpeg?h=225&w=225,
273706064,Blue Diamond Almond Breeze Unsweetened Drink 1L,https://www.tesco.com/groceries/en-GB/shop/fresh-food/all?department=Dairy%20Free%20%26%20Dairy%20Alternatives&viewAll=department&page=,£1.60,£1.60/litre,£1.00 Clubcard Price,,/groceries/en-GB/products/273706064,https://digitalcontent.api.tesco.com/v2/media/ghs/27b55b49-15fb-4f02-be8b-bbff1677b8fe/95c05553-83ea-45ce-9078-4fcfb0048f40.jpeg?h=225&w=225,
286702423,Arla Protein Strawberry 200G,https://www.tesco.com/groceries/en-GB/shop/fresh-food/all?department=Dairy%20Free%20%26%20Dairy%20Alternatives&viewAll=department&page=,£1.25,£0.62/100g,Any 4 for £3 Clubcard Price - Selected Dairy Products 150g - 200g,,/groceries/en-GB/products/286702423,https://digitalcontent.api.tesco.com/v2/media/ghs/8107e88e-7a85-4fb3-8783-e2beac322b54/4716852d-6c93-4649-bc65-0d15b006ded8.jpeg?h=225&w=225,
311785476,Wicked Kitchen Chocolate Shake 250Ml,https://www.tesco.com/groceries/en-GB/shop/fresh-food/all?department=Dairy%20Free%20%26%20Dairy%20Alternatives&viewAll=department&page=,£1.25,£5.00/litre,,New,/groceries/en-GB/products/311785476,https://digitalcontent.api.tesco.com/v2/media/ghs/192b07ad-a2e7-4308-b8cc-a6fdff4d13b6/9b093693-e174-4118-a592-c885ba09004f_64245240.jpeg?h=225&w=225,
286702291,Arla Protein Raspberry 200G,https://www.tesco.com/groceries/en-GB/shop/fresh-food/all?department=Dairy%20Free%20%26%20Dairy%20Alternatives&viewAll=department&page=,£1.25,£0.62/100g,Any 4 for £3 Clubcard Price - Selected Dairy Products 150g - 200g,,/groceries/en-GB/products/286702291,https://digitalcontent.api.tesco.com/v2/media/ghs/c971d8b3-b527-4dee-8820-2d69fff13c5d/d26c7dcb-c5a7-4fc9-9142-4fe0347f82ad.jpeg?h=225&w=225,
311420309,Wicked Kitchen Strawberry Shake 250Ml,https://www.tesco.com/groceries/en-GB/shop/fresh-food/all?department=Dairy%20Free%20%26%20Dairy%20Alternatives&viewAll=department&page=,£1.25,£5.00/litre,,New,/groceries/en-GB/products/311420309,https://digitalcontent.api.tesco.com/v2/media/ghs/124ea2f4-8f17-4796-96bf-fdeecb8c68c7/82eb1ed0-de56-4eec-8863-5d5829525fa2_47739771.jpeg?h=225&w=225,
293860633,Arla Protein Passion Fruit & Papaya 200G,https://www.tesco.com/groceries/en-GB/shop/fresh-food/all?department=Dairy%20Free%20%26%20Dairy%20Alternatives&viewAll=department&page=,£1.25,£0.62/100g,Any 4 for £3 Clubcard Price - Selected Dairy Products 150g - 200g,,/groceries/en-GB/products/293860633,https://digitalcontent.api.tesco.com/v2/media/ghs/f5cd32ec-4930-4929-b93f-f691750e48eb/26b30470-713d-45d3-b2fe-878050686eaa.jpeg?h=225&w=225,
311666560,Wicked Kitchen Banana Shake 250Ml,https://www.tesco.com/groceries/en-GB/shop/fresh-food/all?department=Dairy%20Free%20%26%20Dairy%20Alternatives&viewAll=department&page=,£1.25,£5.00/litre,,,/groceries/en-GB/products/311666560,https://digitalcontent.api.tesco.com/v2/media/ghs/fd3b5caa-8b50-48f5-a113-bc838c974c9c/c5af09ac-6ac9-4587-be63-6f9b5b5ea1ed_28052294.jpeg?h=225&w=225,
286702481,Arla Protein Blueberry 200G,https://www.tesco.com/groceries/en-GB/shop/fresh-food/all?department=Dairy%20Free%20%26%20Dairy%20Alternatives&viewAll=department&page=,£1.25,£0.62/100g,Any 4 for £3 Clubcard Price - Selected Dairy Products 150g - 200g,,/groceries/en-GB/products/286702481,https://digitalcontent.api.tesco.com/v2/media/ghs/96f93681-790f-45a4-900e-34645f8ab7e2/e889118c-b3a1-4406-8aad-4214ee9d757e.jpeg?h=225&w=225,
300661949,Growers Harvest Unsweetened Soya Drink 1L,https://www.tesco.com/groceries/en-GB/shop/fresh-food/all?department=Dairy%20Free%20%26%20Dairy%20Alternatives&viewAll=department&page=,£0.55,£0.55/litre,Aldi Price Match,,/groceries/en-GB/products/300661949,https://digitalcontent.api.tesco.com/v2/media/ghs/a587968f-1361-4ceb-a87f-9e7063a52390/819c8d48-8b4f-4ada-b6b2-641aecbc3a95.jpeg?h=225&w=225,
310662597,Alpro Growing Up Oat Drink 1 Litre,https://www.tesco.com/groceries/en-GB/shop/fresh-food/all?department=Dairy%20Free%20%26%20Dairy%20Alternatives&viewAll=department&page=,£1.95,£1.95/litre,,,/groceries/en-GB/products/310662597,https://digitalcontent.api.tesco.com/v2/media/ghs/3e98c9d7-decb-4da4-8573-34a4d50a1fe8/48b5706c-aaf0-48f7-9a50-71769b882735.jpeg?h=225&w=225,
312563271,Cathedral City Dairy Free Block 280G,https://www.tesco.com/groceries/en-GB/shop/fresh-food/all?department=Dairy%20Free%20%26%20Dairy%20Alternatives&viewAll=department&page=,£3.60,£12.86/kg,,,/groceries/en-GB/products/312563271,https://digitalcontent.api.tesco.com/v2/media/ghs/f50cd2c1-e9ae-4dce-8857-cd0d2da321a8/5a578978-417c-431e-868c-c8b0eee326cf_499322874.jpeg?h=225&w=225,
304406643,Califia Farms Oat Barista Blend 1Ltr,https://www.tesco.com/groceries/en-GB/shop/fresh-food/all?department=Dairy%20Free%20%26%20Dairy%20Alternatives&viewAll=department&page=,£2.10,£2.10/litre,,,/groceries/en-GB/products/304406643,https://digitalcontent.api.tesco.com/v2/media/ghs/62192fdc-5eb1-48fb-9c7a-cede0fc31ec7/a5de91e1-e623-4250-bad9-94a4e10314ae.jpeg?h=225&w=225,
297954925,Coconut Collaborative Dairy Free Natural Coconut Yogurt 350G,https://www.tesco.com/groceries/en-GB/shop/fresh-food/all?department=Dairy%20Free%20%26%20Dairy%20Alternatives&viewAll=department&page=,£2.75,£0.79/100g,,,/groceries/en-GB/products/297954925,https://digitalcontent.api.tesco.com/v2/media/ghs/3f631016-c9ba-47ea-9a6c-5481f75b524a/9b79dd93-b9a0-4c08-b40e-f394836dd80e.jpeg?h=225&w=225,
272012512,Alpro Almond Long Life Drink 1 Litre,https://www.tesco.com/groceries/en-GB/shop/fresh-food/all?department=Dairy%20Free%20%26%20Dairy%20Alternatives&viewAll=department&page=,£1.95,£1.95/litre,,,/groceries/en-GB/products/272012512,https://digitalcontent.api.tesco.com/v2/media/ghs/3221b86f-fc15-472f-baac-5d7e6d7689ed/420605fe-757a-4a79-809e-07405026ec39.jpeg?h=225&w=225,
309175515,Califia Farms Oat Barista Drink 1L,https://www.tesco.com/groceries/en-GB/shop/fresh-food/all?department=Dairy%20Free%20%26%20Dairy%20Alternatives&viewAll=department&page=,£2.10,£0.21/100ml,,,/groceries/en-GB/products/309175515,https://digitalcontent.api.tesco.com/v2/media/ghs/3b5148af-d1cb-4737-b5ea-9963669c8446/793b54f5-7fc8-4515-81d2-1316a050c68d_1673176412.jpeg?h=225&w=225,
264866878,Alpro Natural Yogurt 500G,https://www.tesco.com/groceries/en-GB/shop/fresh-food/all?department=Dairy%20Free%20%26%20Dairy%20Alternatives&viewAll=department&page=,£1.95,£0.39/100g,,,/groceries/en-GB/products/264866878,https://digitalcontent.api.tesco.com/v2/media/ghs/0ec8d458-a82d-49da-95f1-3e611863d853/029248c5-446c-44d5-94d5-e32f66bd97f9.jpeg?h=225&w=225,
297673324,Koko Dairy Free Unsweetened Alternative Longlife Drink 1L,https://www.tesco.com/groceries/en-GB/shop/fresh-food/all?department=Dairy%20Free%20%26%20Dairy%20Alternatives&viewAll=department&page=,£1.60,£1.60/litre,,,/groceries/en-GB/products/297673324,https://digitalcontent.api.tesco.com/v2/media/ghs/bea5a51f-e10e-43c2-894b-9cdc6f3b21ae/cda0e071-a34d-40a8-bf5b-fcfb99badc33.jpeg?h=225&w=225,
309456097,Flora Plant Butter Spreadable 450G,https://www.tesco.com/groceries/en-GB/shop/fresh-food/all?department=Dairy%20Free%20%26%20Dairy%20Alternatives&viewAll=department&page=,£3.60,£8.00/kg,,,/groceries/en-GB/products/309456097,https://digitalcontent.api.tesco.com/v2/media/ghs/eb9ae757-5c46-4870-8198-cd7a977bc9a7/0909d139-719b-42ec-bfc3-567717e03fbd_62455787.jpeg?h=225&w=225,
307758709,Alpro No Bits Strawberry Banana Yogurt Alternative 4X125g,https://www.tesco.com/groceries/en-GB/shop/fresh-food/all?department=Dairy%20Free%20%26%20Dairy%20Alternatives&viewAll=department&page=,£2.10,£4.20/kg,,,/groceries/en-GB/products/307758709,https://digitalcontent.api.tesco.com/v2/media/ghs/cb1a01f8-89b4-4b49-91a9-5162d2aec936/a98e6376-8637-49f2-bca7-199f2d578dc9.jpeg?h=225&w=225,
285363243,Violife Original Soft Cheese Dairy Alternative 200G,https://www.tesco.com/groceries/en-GB/shop/fresh-food/all?department=Dairy%20Free%20%26%20Dairy%20Alternatives&viewAll=department&page=,£2.75,£13.75/kg,,,/groceries/en-GB/products/285363243,https://digitalcontent.api.tesco.com/v2/media/ghs/1a0b7a7c-64f9-405e-abff-60ed098d0e45/c5dac983-8967-4414-8ec4-b56bad8709d9.jpeg?h=225&w=225,
301956559,Hellmann's Vegan Mayonnaise 270G,https://www.tesco.com/groceries/en-GB/shop/fresh-food/all?department=Dairy%20Free%20%26%20Dairy%20Alternatives&viewAll=department&page=,£2.60,£9.63/kg,,,/groceries/en-GB/products/301956559,https://digitalcontent.api.tesco.com/v2/media/ghs/d537cd61-5383-4920-9f66-2c9a2c8848ee/ecf99132-275e-4c20-a09c-75b425cab7c7_953851540.jpeg?h=225&w=225,
300161315,Alpro Plain No Sugars Yogurt Alternative 500G,https://www.tesco.com/groceries/en-GB/shop/fresh-food/all?department=Dairy%20Free%20%26%20Dairy%20Alternatives&viewAll=department&page=,£1.95,£3.90/kg,,,/groceries/en-GB/products/300161315,https://digitalcontent.api.tesco.com/v2/media/ghs/9967bfdf-2d3a-4b5d-b36d-4df6d54330db/cd234d22-3bb5-451a-84c1-12adcc778414.jpeg?h=225&w=225,
293836686,Alpro Greek Style Plain Yogurt Alternative 400G,https://www.tesco.com/groceries/en-GB/shop/fresh-food/all?department=Dairy%20Free%20%26%20Dairy%20Alternatives&viewAll=department&page=,£1.95,£0.49/100g,,,/groceries/en-GB/products/293836686,https://digitalcontent.api.tesco.com/v2/media/ghs/33aebc19-12a7-4ecd-be07-e7e2732d1fb3/02dcaaa4-cbdc-4b92-a93d-fa0b04292d11.jpeg?h=225&w=225,
308104251,Petits Filous Dairy Free Raspberry 4X95g,https://www.tesco.com/groceries/en-GB/shop/fresh-food/all?department=Dairy%20Free%20%26%20Dairy%20Alternatives&viewAll=department&page=,£2.50,£0.66/100g,,,/groceries/en-GB/products/308104251,https://digitalcontent.api.tesco.com/v2/media/ghs/1932835a-98b7-4a04-8f85-30594dc410ad/6b18e7b4-9f6c-42b3-aab8-71f08fd11228.jpeg?h=225&w=225,
307758479,Alpro Peach Yogurt Alternative 4X125g,https://www.tesco.com/groceries/en-GB/shop/fresh-food/all?department=Dairy%20Free%20%26%20Dairy%20Alternatives&viewAll=department&page=,£2.10,£4.20/kg,,,/groceries/en-GB/products/307758479,https://digitalcontent.api.tesco.com/v2/media/ghs/0c954d75-6728-4788-9628-b2c1f12ed019/cf6bf83c-46c1-46d7-bdca-7e9b3d2d0bab.jpeg?h=225&w=225,
285363364,Violife Original Sliced 200G,https://www.tesco.com/groceries/en-GB/shop/fresh-food/all?department=Dairy%20Free%20%26%20Dairy%20Alternatives&viewAll=department&page=,£2.75,£13.75/kg,£2.00 Clubcard Price,,/groceries/en-GB/products/285363364,https://digitalcontent.api.tesco.com/v2/media/ghs/7bb04fb2-95cd-4e9c-aa24-ac7ae3da9124/84537faf-05f7-4de7-bf13-975ccfe98045.jpeg?h=225&w=225,
311262317,Minor Figures Organic Barista Oat Drink 1L,https://www.tesco.com/groceries/en-GB/shop/fresh-food/all?department=Dairy%20Free%20%26%20Dairy%20Alternatives&viewAll=department&page=,£1.90,£1.90/litre,£1.50 Clubcard Price,,/groceries/en-GB/products/311262317,https://digitalcontent.api.tesco.com/v2/media/ghs/cca03340-ffce-4899-8a07-6353f54a369f/af06cc0c-740c-4a28-9174-d51d174746d2.jpeg?h=225&w=225,
306944307,Flora Plant Butter Salted 250G,https://www.tesco.com/groceries/en-GB/shop/fresh-food/all?department=Dairy%20Free%20%26%20Dairy%20Alternatives&viewAll=department&page=,£2.00,£8.00/kg,,,/groceries/en-GB/products/306944307,https://digitalcontent.api.tesco.com/v2/media/ghs/9b4c7e58-3f0e-4344-8f5b-7a3681ede04f/258fc8d4-bb2e-4120-a854-3a6711355889_1016094490.jpeg?h=225&w=225,
312351579,Cathedral City Dairy Free Grated 150G,https://www.tesco.com/groceries/en-GB/shop/fresh-food/all?department=Dairy%20Free%20%26%20Dairy%20Alternatives&viewAll=department&page=,£2.30,£15.34/kg,Any 2 for £4 Clubcard Price - Selected Sliced And Grated Cheese 150g - 250g,,/groceries/en-GB/products/312351579,https://digitalcontent.api.tesco.com/v2/media/ghs/3c59da44-c47b-4377-ab1e-71fbb088fb88/f50194ca-76b5-4ab0-9098-7d1e27649997_1786411197.jpeg?h=225&w=225,
287042159,Alpro Coconut 500G,https://www.tesco.com/groceries/en-GB/shop/fresh-food/all?department=Dairy%20Free%20%26%20Dairy%20Alternatives&viewAll=department&page=,£1.95,£0.39/100g,,,/groceries/en-GB/products/287042159,https://digitalcontent.api.tesco.com/v2/media/ghs/f520ee31-4689-47e0-9cd8-4b90a850b30a/4f8fb3b9-6ca2-456d-b6dd-56596db73a67.jpeg?h=225&w=225,
307741868,Alpro Barista Coconut Drink 1L,https://www.tesco.com/groceries/en-GB/shop/fresh-food/all?department=Dairy%20Free%20%26%20Dairy%20Alternatives&viewAll=department&page=,£2.00,£2.00/litre,£1.50 Clubcard Price,,/groceries/en-GB/products/307741868,https://digitalcontent.api.tesco.com/v2/media/ghs/34fcfebf-b6eb-4d00-a431-9e9bb3b84939/74ab1c54-4753-4f6c-867a-aeb740cd7ec5.jpeg?h=225&w=225,
305972822,Violife Vegan Epic Mature Cheddar Flavoured Block 200G,https://www.tesco.com/groceries/en-GB/shop/fresh-food/all?department=Dairy%20Free%20%26%20Dairy%20Alternatives&viewAll=department&page=,£2.75,£0.00/null,£2.00 Clubcard Price,,/groceries/en-GB/products/305972822,https://digitalcontent.api.tesco.com/v2/media/ghs/b742a9bb-36fa-4bf0-8ea4-e21b3ddf0800/fb207e12-dab1-4b0e-9845-f4917e4be8c3_1605339625.jpeg?h=225&w=225,
293836945,Alpro Yogurt Alternative Cherry 500G,https://www.tesco.com/groceries/en-GB/shop/fresh-food/all?department=Dairy%20Free%20%26%20Dairy%20Alternatives&viewAll=department&page=,£1.95,£0.39/100g,,,/groceries/en-GB/products/293836945,https://digitalcontent.api.tesco.com/v2/media/ghs/fc72e0e0-682d-4533-94bd-de6f745df0fb/f8421da1-3cad-4a70-8e1c-877010775b46.jpeg?h=225&w=225,
254263587,Pure Sunflower 500G,https://www.tesco.com/groceries/en-GB/shop/fresh-food/all?department=Dairy%20Free%20%26%20Dairy%20Alternatives&viewAll=department&page=,£2.15,£4.30/kg,,,/groceries/en-GB/products/254263587,https://digitalcontent.api.tesco.com/v2/media/ghs/f7e59490-35a7-4963-8ce8-641af6789268/ae805406-1156-4a21-9e10-7c9b01a5ffdf.jpeg?h=225&w=225,
262697292,Alpro Dark Chocolate Soya Dessert 4X125g,https://www.tesco.com/groceries/en-GB/shop/fresh-food/all?department=Dairy%20Free%20%26%20Dairy%20Alternatives&viewAll=department&page=,£1.80,£0.36/100g,,,/groceries/en-GB/products/262697292,https://digitalcontent.api.tesco.com/v2/media/ghs/6519cde7-cbfc-4dcb-bcb7-0e165ef4932c/67141e84-a314-4191-ba21-b25c9869bd4f.jpeg?h=225&w=225,
294128716,Jus-Rol Gluten Free Puff Pastry Ready Rolled 280G,https://www.tesco.com/groceries/en-GB/shop/fresh-food/all?department=Dairy%20Free%20%26%20Dairy%20Alternatives&viewAll=department&page=,£2.25,£0.80/100g,,,/groceries/en-GB/products/294128716,https://digitalcontent.api.tesco.com/v2/media/ghs/8b4d8ffb-48de-447e-8e02-057f7eaa201b/9c0b6e91-a824-4c01-a6d4-072e3d7e0bea.jpeg?h=225&w=225,
309167312,Philadelphia Plant-Based Almond & Oat Soft Cheese Alternative 150G,https://www.tesco.com/groceries/en-GB/shop/fresh-food/all?department=Dairy%20Free%20%26%20Dairy%20Alternatives&viewAll=department&page=,£2.75,£18.34/kg,£2.00 Clubcard Price,,/groceries/en-GB/products/309167312,https://digitalcontent.api.tesco.com/v2/media/ghs/528b36fe-4b2d-4f10-9d43-a9338976f45a/2545982f-1b86-4b7f-a682-2ba928e7c351_95769117.jpeg?h=225&w=225,
307760281,Tesco Oat Drink 1L,https://www.tesco.com/groceries/en-GB/shop/fresh-food/all?department=Dairy%20Free%20%26%20Dairy%20Alternatives&viewAll=department&page=,£1.30,£1.30/litre,,,/groceries/en-GB/products/307760281,https://digitalcontent.api.tesco.com/v2/media/ghs/6511f148-d678-4059-bb3e-a90608b67cff/07c95c57-4dfa-44c9-85ba-d7f4a944268c.jpeg?h=225&w=225,
272260505,Lactofree Spreadable 250G,https://www.tesco.com/groceries/en-GB/shop/fresh-food/all?department=Dairy%20Free%20%26%20Dairy%20Alternatives&viewAll=department&page=,£2.25,£9.00/kg,,,/groceries/en-GB/products/272260505,https://digitalcontent.api.tesco.com/v2/media/ghs/f2e7172f-0010-4bd7-b6ae-e009af11d259/b90382ad-aa4e-43b0-a7ba-f34e6965da3a.jpeg?h=225&w=225,
297673042,Koko Dairy Free Unsweetened Alternative Drink 1 Litre,https://www.tesco.com/groceries/en-GB/shop/fresh-food/all?department=Dairy%20Free%20%26%20Dairy%20Alternatives&viewAll=department&page=,£1.70,£1.70/litre,£1.25 Clubcard Price,,/groceries/en-GB/products/297673042,https://digitalcontent.api.tesco.com/v2/media/ghs/b4a62824-5322-48ae-be64-7de07d91acfa/13a9798d-7c67-4104-83fe-b055b739f8c8_1017194306.jpeg?h=225&w=225,
295228677,Swedish Glace Vanilla Non Dairy Frozen Dessert 750Ml,https://www.tesco.com/groceries/en-GB/shop/fresh-food/all?department=Dairy%20Free%20%26%20Dairy%20Alternatives&viewAll=department&page=,£2.50,£0.33/100ml,,,/groceries/en-GB/products/295228677,https://digitalcontent.api.tesco.com/v2/media/ghs/45791e04-cecd-4c22-bf3c-707999157e8d/7ce103af-6ffc-44f3-a1d6-4bb6238f4aa5.jpeg?h=225&w=225,
294083301,Alpro Oat Drink Alternative 1 Litre,https://www.tesco.com/groceries/en-GB/shop/fresh-food/all?department=Dairy%20Free%20%26%20Dairy%20Alternatives&viewAll=department&page=,£1.90,£1.90/litre,£1.35 Clubcard Price,,/groceries/en-GB/products/294083301,https://digitalcontent.api.tesco.com/v2/media/ghs/8c6cbafa-ab78-4e43-bc24-7f47e44ceff3/c8e2b6de-b2b7-42e1-99a9-3cf285819a38.jpeg?h=225&w=225,
310107207,Elmlea Plant Double Alternative To Cream 250Ml,https://www.tesco.com/groceries/en-GB/shop/fresh-food/all?department=Dairy%20Free%20%26%20Dairy%20Alternatives&viewAll=department&page=,£1.65,£0.66/100ml,,,/groceries/en-GB/products/310107207,https://digitalcontent.api.tesco.com/v2/media/ghs/9fd2a676-5b51-43cd-8aba-b7016565960e/900cdf0b-bfad-441d-9523-39b9b7785740_1148091874.jpeg?h=225&w=225,
300118034,Tesco Unsweetened Soya Milk Alternative 1L,https://www.tesco.com/groceries/en-GB/shop/fresh-food/all?department=Dairy%20Free%20%26%20Dairy%20Alternatives&viewAll=department&page=,£1.15,£1.15/litre,,,/groceries/en-GB/products/300118034,https://digitalcontent.api.tesco.com/v2/media/ghs/eb0fa8c6-e87c-41a5-94a4-97db649fb94e/bc8135be-523b-4e26-a9f9-693015bbc1a0.jpeg?h=225&w=225,
293836605,Oatly Creamy Oat 250Ml,https://www.tesco.com/groceries/en-GB/shop/fresh-food/all?department=Dairy%20Free%20%26%20Dairy%20Alternatives&viewAll=department&page=,£1.20,£0.48/100ml,,,/groceries/en-GB/products/293836605,https://digitalcontent.api.tesco.com/v2/media/ghs/7aab6a4d-43b1-4279-b328-aed375cfd4aa/e079469e-e216-4088-b181-669b116dff88_914470490.jpeg?h=225&w=225,
287531842,Tesco Longlife Almond Drink Sweetened 1Ltr,https://www.tesco.com/groceries/en-GB/shop/fresh-food/all?department=Dairy%20Free%20%26%20Dairy%20Alternatives&viewAll=department&page=,£1.15,£1.15/litre,,,/groceries/en-GB/products/287531842,https://digitalcontent.api.tesco.com/v2/media/ghs/c7f212ef-1481-42cb-9729-fd350843248e/a58e360f-76a7-4d91-8f8b-5e1e9f6746a7.jpeg?h=225&w=225,
272153454,Lactofree Cream 250Ml,https://www.tesco.com/groceries/en-GB/shop/fresh-food/all?department=Dairy%20Free%20%26%20Dairy%20Alternatives&viewAll=department&page=,£1.60,£0.64/100ml,,,/groceries/en-GB/products/272153454,https://digitalcontent.api.tesco.com/v2/media/ghs/1df0c497-6cf3-4926-9b5d-b21cefc3caac/dee529a3-6715-482a-8bb9-8e8d5b4df3db.jpeg?h=225&w=225,
261747006,Oatly Chocolate Longlife Drink Alternative 1L,https://www.tesco.com/groceries/en-GB/shop/fresh-food/all?department=Dairy%20Free%20%26%20Dairy%20Alternatives&viewAll=department&page=,£1.70,£1.70/litre,£1.30 Clubcard Price,,/groceries/en-GB/products/261747006,https://digitalcontent.api.tesco.com/v2/media/ghs/3c9f2853-8514-49a6-9083-83370fc602f7/d98d7478-c019-4795-8f7d-f0a6abe4bf3c.jpeg?h=225&w=225,
307759312,Tesco Coconut Drink 1 Litre,https://www.tesco.com/groceries/en-GB/shop/fresh-food/all?department=Dairy%20Free%20%26%20Dairy%20Alternatives&viewAll=department&page=,£1.15,£1.15/litre,,,/groceries/en-GB/products/307759312,https://digitalcontent.api.tesco.com/v2/media/ghs/4ac59b3f-3627-4791-b0b9-443ea431ae67/a427be5d-2e5c-4fb5-855d-d75b7e25d618.jpeg?h=225&w=225,
291730203,Alpro Greek Style Mango Yogurt Alternative 150G,https://www.tesco.com/groceries/en-GB/shop/fresh-food/all?department=Dairy%20Free%20%26%20Dairy%20Alternatives&viewAll=department&page=,£1.00,£0.67/100g,80p Clubcard Price,,/groceries/en-GB/products/291730203,https://digitalcontent.api.tesco.com/v2/media/ghs/acc99b56-b0a5-41d7-aa7e-ea7af3f8b58a/b331ba1f-010c-4a8a-9295-7a1fb807d40c.jpeg?h=225&w=225,
297660437,Tesco Free From Raspberry Strawberry Soya Alternative 4X90g,https://www.tesco.com/groceries/en-GB/shop/fresh-food/all?department=Dairy%20Free%20%26%20Dairy%20Alternatives&viewAll=department&page=,£1.20,£3.34/kg,,,/groceries/en-GB/products/297660437,https://digitalcontent.api.tesco.com/v2/media/ghs/1f7e4be6-e2d2-408c-be84-42becb890c5d/68cb270f-8ed7-4e8c-b32e-dc70090ec086.jpeg?h=225&w=225,
272103255,Alpro Almond Chilled Drink 1 Litre,https://www.tesco.com/groceries/en-GB/shop/fresh-food/all?department=Dairy%20Free%20%26%20Dairy%20Alternatives&viewAll=department&page=,£1.95,£1.95/litre,£1.35 Clubcard Price,,/groceries/en-GB/products/272103255,https://digitalcontent.api.tesco.com/v2/media/ghs/c9dfe19b-1444-4a64-84f2-431dccd235f5/9e976e2e-0c58-4514-9ade-6eaf95363b16.jpeg?h=225&w=225,
255764252,Alpro Single Soya Uht Soya Alternative To Cream 250Ml,https://www.tesco.com/groceries/en-GB/shop/fresh-food/all?department=Dairy%20Free%20%26%20Dairy%20Alternatives&viewAll=department&page=,£1.00,£0.40/100ml,,,/groceries/en-GB/products/255764252,https://digitalcontent.api.tesco.com/v2/media/ghs/9bf71978-e5e8-4681-82e4-3c0973aff90e/3b754c48-99ea-47a6-b108-65f90e5df86d.jpeg?h=225&w=225,
295445707,Tesco Free From Apricot & Banana Soya Yogurt 4X90g,https://www.tesco.com/groceries/en-GB/shop/fresh-food/all?department=Dairy%20Free%20%26%20Dairy%20Alternatives&viewAll=department&page=,£1.20,£0.33/100g,,,/groceries/en-GB/products/295445707,https://digitalcontent.api.tesco.com/v2/media/ghs/d77d8804-6d12-4056-9ba6-2bfdbf2873ea/80564628-67a5-41d2-b445-9f07eed3979a.jpeg?h=225&w=225,
302301545,Alpro Vanilla Soya Custard 525G,https://www.tesco.com/groceries/en-GB/shop/fresh-food/all?department=Dairy%20Free%20%26%20Dairy%20Alternatives&viewAll=department&page=,£1.10,£0.21/100g,,,/groceries/en-GB/products/302301545,https://digitalcontent.api.tesco.com/v2/media/ghs/d560e133-0874-41ca-932d-ca0da85c8947/c3f26459-41d9-4ad9-a55f-975d6479718d_2142016495.jpeg?h=225&w=225,
302308503,Tesco Lactose Free Greek Yogurt 400G,https://www.tesco.com/groceries/en-GB/shop/fresh-food/all?department=Dairy%20Free%20%26%20Dairy%20Alternatives&viewAll=department&page=,£1.25,£0.31/100g,,,/groceries/en-GB/products/302308503,https://digitalcontent.api.tesco.com/v2/media/ghs/00027394-35e7-429b-9d70-9d7851946503/160f95c9-8d97-4910-8347-280623fa959c.jpeg?h=225&w=225,
254196107,Alpro Organic Soya Longlife Drink Alternative 1L,https://www.tesco.com/groceries/en-GB/shop/fresh-food/all?department=Dairy%20Free%20%26%20Dairy%20Alternatives&viewAll=department&page=,£1.95,£1.95/litre,,,/groceries/en-GB/products/254196107,https://digitalcontent.api.tesco.com/v2/media/ghs/1c9297f4-72d1-4bfe-b48d-9fec2bdc9c57/d1fa0a65-2023-4270-af97-080823c56069.jpeg?h=225&w=225,
272012817,Alpro Hazelnut Longlife Drink Alternative 1L,https://www.tesco.com/groceries/en-GB/shop/fresh-food/all?department=Dairy%20Free%20%26%20Dairy%20Alternatives&viewAll=department&page=,£2.00,£2.00/litre,,,/groceries/en-GB/products/272012817,https://digitalcontent.api.tesco.com/v2/media/ghs/62ed481b-2f25-489b-94d7-d8f6c3e9ff9f/c57a5242-287c-4c1f-8bc1-fba83f5763fc.jpeg?h=225&w=225,
252098117,Organic Rice Dream Longlife Drink Alternative 1L,https://www.tesco.com/groceries/en-GB/shop/fresh-food/all?department=Dairy%20Free%20%26%20Dairy%20Alternatives&viewAll=department&page=,£1.60,£1.60/litre,,,/groceries/en-GB/products/252098117,https://digitalcontent.api.tesco.com/v2/media/ghs/f01210a2-2c55-4143-9a73-4b6a7b898eb4/01f98a13-5fdd-4650-ab7d-577c1882a675.jpeg?h=225&w=225,
293624597,Coconut Collaborative Little Chocolate Pots Dairy Free 4X45g,https://www.tesco.com/groceries/en-GB/shop/fresh-food/all?department=Dairy%20Free%20%26%20Dairy%20Alternatives&viewAll=department&page=,£2.75,£1.53/100g,,,/groceries/en-GB/products/293624597,https://digitalcontent.api.tesco.com/v2/media/ghs/d1002e85-60c8-4540-ab8d-c62cc80637f5/5895268e-fa49-4d12-aa69-57e4b70ac879_1178309194.jpeg?h=225&w=225,
276993835,Koko Dairy Free Original Plus Calcium Longlife 1Litre,https://www.tesco.com/groceries/en-GB/shop/fresh-food/all?department=Dairy%20Free%20%26%20Dairy%20Alternatives&viewAll=department&page=,£1.60,£1.60/litre,,,/groceries/en-GB/products/276993835,https://digitalcontent.api.tesco.com/v2/media/ghs/108fec32-e37b-4a74-9d87-3fffee5c41c9/51d8671e-e066-4062-aea9-81da68fc5b29.jpeg?h=225&w=225,
276760184,Alpro Soya Vanilla Drink 1 Litre,https://www.tesco.com/groceries/en-GB/shop/fresh-food/all?department=Dairy%20Free%20%26%20Dairy%20Alternatives&viewAll=department&page=,£1.75,£1.75/litre,,,/groceries/en-GB/products/276760184,https://digitalcontent.api.tesco.com/v2/media/ghs/82156cbc-2947-4bf1-84e5-4aae1ad20061/a5799aa9-7ab7-418a-9ee3-29d896043856.jpeg?h=225&w=225,
311437434,Plenish Organic Almond Milk Alternative 1L,https://www.tesco.com/groceries/en-GB/shop/fresh-food/all?department=Dairy%20Free%20%26%20Dairy%20Alternatives&viewAll=department&page=,£2.25,£2.25/litre,,,/groceries/en-GB/products/311437434,https://digitalcontent.api.tesco.com/v2/media/ghs/0a831e2d-da71-4190-b8b2-c11a7d75e3ea/14b09b12-5302-4bc7-8b0b-6170114858da.jpeg?h=225&w=225,
284904542,Alpro Coconut Uht 1 Litre,https://www.tesco.com/groceries/en-GB/shop/fresh-food/all?department=Dairy%20Free%20%26%20Dairy%20Alternatives&viewAll=department&page=,£1.95,£1.95/litre,,,/groceries/en-GB/products/284904542,https://digitalcontent.api.tesco.com/v2/media/ghs/a8ae53bb-9cf8-4718-b8d7-7b62c56ab759/29941408-a25b-4b8c-9377-a689c75fbe04.jpeg?h=225&w=225,
310689782,Plenish Organic & Unsweetened Oat Milk 1L,https://www.tesco.com/groceries/en-GB/shop/fresh-food/all?department=Dairy%20Free%20%26%20Dairy%20Alternatives&viewAll=department&page=,£2.00,£2.00/litre,,,/groceries/en-GB/products/310689782,https://digitalcontent.api.tesco.com/v2/media/ghs/75d6c0ad-1100-45ba-b597-17ea0926df77/0a01f9ad-7892-46ad-83c5-c14463e7bdd6.jpeg?h=225&w=225,
305520119,Oatly Skinny Oat Drink 1L,https://www.tesco.com/groceries/en-GB/shop/fresh-food/all?department=Dairy%20Free%20%26%20Dairy%20Alternatives&viewAll=department&page=,£1.90,£1.90/litre,,,/groceries/en-GB/products/305520119,https://digitalcontent.api.tesco.com/v2/media/ghs/ee7e7a09-cf28-4b33-b67c-302bcaade05e/3e9b97c8-3818-4edd-a995-949d49be4e74_523284905.jpeg?h=225&w=225,
276745807,Alpro Soya Chocolate Drink 1 Litre,https://www.tesco.com/groceries/en-GB/shop/fresh-food/all?department=Dairy%20Free%20%26%20Dairy%20Alternatives&viewAll=department&page=,£1.80,£1.80/litre,,,/groceries/en-GB/products/276745807,https://digitalcontent.api.tesco.com/v2/media/ghs/7dd479df-1bb4-4bde-93f5-5929dca8821d/1c6f03f5-3e71-4831-943d-9c464b4096f2.jpeg?h=225&w=225,
310656320,Alpro This Is Not M*Lk Whole Oat Drink 1 Litre,https://www.tesco.com/groceries/en-GB/shop/fresh-food/all?department=Dairy%20Free%20%26%20Dairy%20Alternatives&viewAll=department&page=,£1.90,£1.90/litre,,,/groceries/en-GB/products/310656320,https://digitalcontent.api.tesco.com/v2/media/ghs/f6933d25-f758-460b-a56f-5ff3618f0f77/21e2649e-b358-4c61-8062-eacc0e83c5b7.jpeg?h=225&w=225,
302219551,Cathedral City Lactose Free Mature Cheddar 200G,https://www.tesco.com/groceries/en-GB/shop/fresh-food/all?department=Dairy%20Free%20%26%20Dairy%20Alternatives&viewAll=department&page=,£2.65,£13.25/kg,,,/groceries/en-GB/products/302219551,https://digitalcontent.api.tesco.com/v2/media/ghs/776c178e-a123-4925-91aa-32e8effdedc5/7ff2305a-cc80-4de8-9adf-c8ddb8100f56_1158262207.jpeg?h=225&w=225,
250126054,Alpro Soya Longlife Chocolate Shakes 3X250ml,https://www.tesco.com/groceries/en-GB/shop/fresh-food/all?department=Dairy%20Free%20%26%20Dairy%20Alternatives&viewAll=department&page=,£1.70,£2.27/litre,,,/groceries/en-GB/products/250126054,https://digitalcontent.api.tesco.com/v2/media/ghs/bd4dcd7a-6c48-41c1-a7b6-6efef6f1aa57/8c9b8289-40a2-47ba-876f-4891130870e4_1194466144.jpeg?h=225&w=225,
305965900,Oatly Greek Style Oatgurt 400G,https://www.tesco.com/groceries/en-GB/shop/fresh-food/all?department=Dairy%20Free%20%26%20Dairy%20Alternatives&viewAll=department&page=,£2.40,£0.60/100g,,,/groceries/en-GB/products/305965900,https://digitalcontent.api.tesco.com/v2/media/ghs/bb43f6e3-a498-46b6-be42-ce375f971f02/481e6301-c0b2-44c3-98d5-b25f1b256030_2006764223.jpeg?h=225&w=225,
306932137,Flora Plant Butter Unsalted 250G,https://www.tesco.com/groceries/en-GB/shop/fresh-food/all?department=Dairy%20Free%20%26%20Dairy%20Alternatives&viewAll=department&page=,£2.00,£8.00/kg,,,/groceries/en-GB/products/306932137,https://digitalcontent.api.tesco.com/v2/media/ghs/3fbd14df-8278-404e-aefb-80df2b1f4dbb/7095fd96-1d51-4dc8-a518-ad62c2aeb917_104533602.jpeg?h=225&w=225,
307747257,Alpro Raspberry & Cranberry Alternative Yogurt 4X125g,https://www.tesco.com/groceries/en-GB/shop/fresh-food/all?department=Dairy%20Free%20%26%20Dairy%20Alternatives&viewAll=department&page=,£2.10,£0.42/100g,,,/groceries/en-GB/products/307747257,https://digitalcontent.api.tesco.com/v2/media/ghs/9033ed46-3d82-41fa-b6de-2af728c9c856/bd827007-b524-4170-b257-80dfa9d1dbb5.jpeg?h=225&w=225,
305836512,Applewood Vegan Smoky Cheese Alternative 200G,https://www.tesco.com/groceries/en-GB/shop/fresh-food/all?department=Dairy%20Free%20%26%20Dairy%20Alternatives&viewAll=department&page=,£2.30,£1.15/100g,,,/groceries/en-GB/products/305836512,https://digitalcontent.api.tesco.com/v2/media/ghs/72805a00-4792-4c34-99e5-4f8be8de1939/3af3bae4-a944-4c0a-b84e-c4040299fc22_709276889.jpeg?h=225&w=225,
304783080,Alpro Barista Almond Long Life Drink 1 Litre,https://www.tesco.com/groceries/en-GB/shop/fresh-food/all?department=Dairy%20Free%20%26%20Dairy%20Alternatives&viewAll=department&page=,£2.00,£2.00/litre,£1.50 Clubcard Price,,/groceries/en-GB/products/304783080,https://digitalcontent.api.tesco.com/v2/media/ghs/77697c7e-09e1-4d04-8c55-ef928df12917/74b2e73e-7563-4cd2-b6a2-ba773ffbcbf1.jpeg?h=225&w=225,
304799856,Alpro Plant Protein Original Soya Drink 1L,https://www.tesco.com/groceries/en-GB/shop/fresh-food/all?department=Dairy%20Free%20%26%20Dairy%20Alternatives&viewAll=department&page=,£2.00,£2.00/litre,£1.50 Clubcard Price,,/groceries/en-GB/products/304799856,https://digitalcontent.api.tesco.com/v2/media/ghs/b2aa8d51-462a-4ebb-b6d8-f925994a9c5f/8a1be81d-e8a0-45bf-b1b8-a9cd1566bd04.jpeg?h=225&w=225,
288500630,Rude Health Almond Drink 1Ltr,https://www.tesco.com/groceries/en-GB/shop/fresh-food/all?department=Dairy%20Free%20%26%20Dairy%20Alternatives&viewAll=department&page=,£2.20,£2.20/litre,£1.80 Clubcard Price,,/groceries/en-GB/products/288500630,https://digitalcontent.api.tesco.com/v2/media/ghs/cd3bc5fe-3c42-4421-839f-cfc623350312/359dd72c-6df6-46c6-aa85-1129231c6a0f.jpeg?h=225&w=225,
284254950,Alpro Strawberry Yogurt Alternative 500G,https://www.tesco.com/groceries/en-GB/shop/fresh-food/all?department=Dairy%20Free%20%26%20Dairy%20Alternatives&viewAll=department&page=,£1.95,£0.39/100g,,,/groceries/en-GB/products/284254950,https://digitalcontent.api.tesco.com/v2/media/ghs/4956462a-01be-4a81-bf43-ef1f023fc183/aa307d9d-8e25-48c0-9df6-188f3942e1f4.jpeg?h=225&w=225,
312352388,Cathedral City Dairy Free Large Slices 150G,https://www.tesco.com/groceries/en-GB/shop/fresh-food/all?department=Dairy%20Free%20%26%20Dairy%20Alternatives&viewAll=department&page=,£2.30,£15.34/kg,Any 2 for £4 Clubcard Price - Selected Sliced And Grated Cheese 150g - 250g,,/groceries/en-GB/products/312352388,https://digitalcontent.api.tesco.com/v2/media/ghs/4d4c1a97-9028-4162-81e5-1cdb5afcfbc6/9ce36f16-ef0d-4421-8c1d-1c4da87c1193_494809500.jpeg?h=225&w=225,
293836997,Alpro Yogurt Alternative Blueberry 500G,https://www.tesco.com/groceries/en-GB/shop/fresh-food/all?department=Dairy%20Free%20%26%20Dairy%20Alternatives&viewAll=department&page=,£1.95,£0.39/100g,,,/groceries/en-GB/products/293836997,https://digitalcontent.api.tesco.com/v2/media/ghs/1e55e9d1-e7a6-4b44-bce2-cdf1df0e1025/51ec7a4b-769a-441e-8c7e-b36b8ba64f0b.jpeg?h=225&w=225,
305529640,Oatly Oat Drink Chocolate Deluxe I Litre,https://www.tesco.com/groceries/en-GB/shop/fresh-food/all?department=Dairy%20Free%20%26%20Dairy%20Alternatives&viewAll=department&page=,£2.00,£2.00/litre,,,/groceries/en-GB/products/305529640,https://digitalcontent.api.tesco.com/v2/media/ghs/4c9f1fc7-0bf1-4b39-a9d5-c6cddfe417fb/dcaa32ec-f47a-45eb-be0a-c7dd1b81d330_1799870790.jpeg?h=225&w=225,
304797893,Alpro Plant Protein Chocolate Flavoured Soya Drink 1L,https://www.tesco.com/groceries/en-GB/shop/fresh-food/all?department=Dairy%20Free%20%26%20Dairy%20Alternatives&viewAll=department&page=,£2.00,£2.00/litre,£1.50 Clubcard Price,,/groceries/en-GB/products/304797893,https://digitalcontent.api.tesco.com/v2/media/ghs/8859858d-958f-4268-95ee-7887b4a7a789/55b4b970-430d-4387-9119-ce1048bf253a.jpeg?h=225&w=225,
252955739,Alpro Vanilla Soya Dessert 4 X 125G,https://www.tesco.com/groceries/en-GB/shop/fresh-food/all?department=Dairy%20Free%20%26%20Dairy%20Alternatives&viewAll=department&page=,£1.80,£0.36/100g,,,/groceries/en-GB/products/252955739,https://digitalcontent.api.tesco.com/v2/media/ghs/1e663a7f-1871-468d-9755-9dd8157c64f0/9ed2ceb1-7d9a-4412-8b67-e64e525a93b7.jpeg?h=225&w=225,
305944637,Hellmann's Vegan Mayonnaise 430Ml,https://www.tesco.com/groceries/en-GB/shop/fresh-food/all?department=Dairy%20Free%20%26%20Dairy%20Alternatives&viewAll=department&page=,£3.00,£0.70/100ml,,,/groceries/en-GB/products/305944637,https://digitalcontent.api.tesco.com/v2/media/ghs/e461cadf-51aa-4d50-85d4-b95109bca468/81f6e710-22b4-439e-b584-17f48bb2bece_1723101230.jpeg?h=225&w=225,
252955630,Alpro Chocolate Soya Dessert 4 X 125G,https://www.tesco.com/groceries/en-GB/shop/fresh-food/all?department=Dairy%20Free%20%26%20Dairy%20Alternatives&viewAll=department&page=,£1.80,£0.36/100g,,,/groceries/en-GB/products/252955630,https://digitalcontent.api.tesco.com/v2/media/ghs/0256240a-857c-44e3-ae63-88ac935349dd/735bea49-6b46-4c83-b046-dc4afedf626b.jpeg?h=225&w=225,
302296694,Food Heaven Whipped Spray Cream Vegan 200Ml,https://www.tesco.com/groceries/en-GB/shop/fresh-food/all?department=Dairy%20Free%20%26%20Dairy%20Alternatives&viewAll=department&page=,£2.00,£1.00/100ml,,,/groceries/en-GB/products/302296694,https://digitalcontent.api.tesco.com/v2/media/ghs/cb89a54d-8b51-49a5-8462-6843392c019f/a268292e-1044-447a-a5c6-948d4ee46064_1449234183.jpeg?h=225&w=225,
293795635,Koko Dairy Free Original Plain Yogurt 500G,https://www.tesco.com/groceries/en-GB/shop/fresh-food/all?department=Dairy%20Free%20%26%20Dairy%20Alternatives&viewAll=department&page=,£2.00,£0.40/100g,£1.65 Clubcard Price,,/groceries/en-GB/products/293795635,https://digitalcontent.api.tesco.com/v2/media/ghs/3e2ff93a-a4f3-41b7-983f-eb53c0b2325b/ad970fdf-dc05-4248-8625-c641860b4b25_2003817469.jpeg?h=225&w=225,
305943419,Oatly Strawberry Oatgurt 400G,https://www.tesco.com/groceries/en-GB/shop/fresh-food/all?department=Dairy%20Free%20%26%20Dairy%20Alternatives&viewAll=department&page=,£2.20,£0.55/100g,,,/groceries/en-GB/products/305943419,https://digitalcontent.api.tesco.com/v2/media/ghs/e9efbf7d-f12e-43ae-ae3d-8da62836ce6f/962a65cf-7f07-46ec-8967-5b58df74d760_1604169260.jpeg?h=225&w=225,
276993737,Koko Dairy Free Original Plus Calcium 1 Litre,https://www.tesco.com/groceries/en-GB/shop/fresh-food/all?department=Dairy%20Free%20%26%20Dairy%20Alternatives&viewAll=department&page=,£1.70,£1.70/litre,£1.25 Clubcard Price,,/groceries/en-GB/products/276993737,https://digitalcontent.api.tesco.com/v2/media/ghs/b50bdcb4-fb93-4fd2-a5cb-4523c2ccec31/3ea2064c-c825-4227-ae11-087ee9edd76f.jpeg?h=225&w=225,
250139200,Flora Pro Activ Light Spread 250G,https://www.tesco.com/groceries/en-GB/shop/fresh-food/all?department=Dairy%20Free%20%26%20Dairy%20Alternatives&viewAll=department&page=,£2.50,£10.00/kg,,,/groceries/en-GB/products/250139200,https://digitalcontent.api.tesco.com/v2/media/ghs/3b2c1d3f-ecf5-437c-8277-493d80455771/4e20e499-190c-42b5-a315-0b63ae03229e_369580435.jpeg?h=225&w=225,
306663547,Oatly Organic Oat Drink 1 Litre,https://www.tesco.com/groceries/en-GB/shop/fresh-food/all?department=Dairy%20Free%20%26%20Dairy%20Alternatives&viewAll=department&page=,£2.00,£2.00/litre,,,/groceries/en-GB/products/306663547,https://digitalcontent.api.tesco.com/v2/media/ghs/8e9c3520-9a7a-4b90-b762-fbf56abed33f/29ccd4a1-1aa2-45ec-9dcc-8b4cdc56e172_64687980.jpeg?h=225&w=225,
311690288,Wicked Kitchen Oat Barista Blend 1L,https://www.tesco.com/groceries/en-GB/shop/fresh-food/all?department=Dairy%20Free%20%26%20Dairy%20Alternatives&viewAll=department&page=,£1.30,£1.30/litre,,,/groceries/en-GB/products/311690288,https://digitalcontent.api.tesco.com/v2/media/ghs/b377688e-8c27-4a7d-a935-5e26a3001b35/4879a46b-6e9e-4fce-b452-19d19b5ae253_491578968.jpeg?h=225&w=225,
311693106,Tesco Plant Chef Soya Alternative To Plain Yogurt 500G,https://www.tesco.com/groceries/en-GB/shop/fresh-food/all?department=Dairy%20Free%20%26%20Dairy%20Alternatives&viewAll=department&page=,£1.25,£2.50/kg,,,/groceries/en-GB/products/311693106,https://digitalcontent.api.tesco.com/v2/media/ghs/505c32fe-5bc7-4231-b16e-e3dcb9a6d355/783ea079-099a-44fd-8996-84bcf4a83330.jpeg?h=225&w=225,
311961521,Oatly The Original Barista Edition Oat Drink 500Ml,https://www.tesco.com/groceries/en-GB/shop/fresh-food/all?department=Dairy%20Free%20%26%20Dairy%20Alternatives&viewAll=department&page=,£1.20,£2.40/litre,,,/groceries/en-GB/products/311961521,https://digitalcontent.api.tesco.com/v2/media/ghs/63f1ce57-1bf4-4738-b7e8-b70d0ebe5d9c/1bf0a0f9-7475-4e4f-97a3-ac5e57c109d3_774330958.jpeg?h=225&w=225,
282925010,Alpro Coconut Chilled Drink 1 Litre,https://www.tesco.com/groceries/en-GB/shop/fresh-food/all?department=Dairy%20Free%20%26%20Dairy%20Alternatives&viewAll=department&page=,£1.90,£1.90/litre,£1.35 Clubcard Price,,/groceries/en-GB/products/282925010,https://digitalcontent.api.tesco.com/v2/media/ghs/45faff29-51f8-42b6-8227-1e66317ccf81/f4d59497-cd39-462c-8c85-93fa345b9292.jpeg?h=225&w=225,
272103606,Alpro Hazelnut Chilled Drink 1Litre,https://www.tesco.com/groceries/en-GB/shop/fresh-food/all?department=Dairy%20Free%20%26%20Dairy%20Alternatives&viewAll=department&page=,£1.80,£1.80/litre,£1.35 Clubcard Price,,/groceries/en-GB/products/272103606,https://digitalcontent.api.tesco.com/v2/media/ghs/09edd0f5-99c6-4ad7-9918-cfa86fba4769/10d4b9bb-7471-4a05-bc35-c547431eb475.jpeg?h=225&w=225,
272260494,Lactofree Soft White Cheese 200G,https://www.tesco.com/groceries/en-GB/shop/fresh-food/all?department=Dairy%20Free%20%26%20Dairy%20Alternatives&viewAll=department&page=,£1.75,£8.75/kg,,,/groceries/en-GB/products/272260494,https://digitalcontent.api.tesco.com/v2/media/ghs/f28e8cb1-86ed-485e-8160-14dc1871ddb8/b4f23a4c-39e7-45e6-90ec-8298e79e94d8_820699719.jpeg?h=225&w=225,
267309503,Lactofree Milk Longlife Portions 5X20ml,https://www.tesco.com/groceries/en-GB/shop/fresh-food/all?department=Dairy%20Free%20%26%20Dairy%20Alternatives&viewAll=department&page=,£0.75,£7.50/litre,,,/groceries/en-GB/products/267309503,https://digitalcontent.api.tesco.com/v2/media/ghs/b10abccc-c9bb-47fb-8fe5-86f0f6c7368c/d85adfc1-e451-42ff-aca1-78d94e0fba71.jpeg?h=225&w=225,
293836640,Oatly Vanilla Custard 250Ml,https://www.tesco.com/groceries/en-GB/shop/fresh-food/all?department=Dairy%20Free%20%26%20Dairy%20Alternatives&viewAll=department&page=,£1.20,£0.48/100ml,,,/groceries/en-GB/products/293836640,https://digitalcontent.api.tesco.com/v2/media/ghs/5abb56ab-e612-4612-83f3-2b2202179bd3/c63457a4-6f7e-4e54-abcf-85cb0994e350_2127485981.jpeg?h=225&w=225,
300118132,Tesco Unsweetened Almond Milk Alternative 1L,https://www.tesco.com/groceries/en-GB/shop/fresh-food/all?department=Dairy%20Free%20%26%20Dairy%20Alternatives&viewAll=department&page=,£1.15,£1.15/litre,,,/groceries/en-GB/products/300118132,https://digitalcontent.api.tesco.com/v2/media/ghs/ddf2ea45-d40d-4bf9-84a8-6c20fc7515a0/04712bd1-0aff-4f64-a1c7-22039cf8cee7.jpeg?h=225&w=225,
297829781,Alpro Long Life Cashew Original Drink 1 Litre,https://www.tesco.com/groceries/en-GB/shop/fresh-food/all?department=Dairy%20Free%20%26%20Dairy%20Alternatives&viewAll=department&page=,£2.00,£2.00/litre,,,/groceries/en-GB/products/297829781,https://digitalcontent.api.tesco.com/v2/media/ghs/5963ee96-be2a-498e-a50f-a596af496b32/53d18687-866f-4fa3-bcc6-cefd61706434.jpeg?h=225&w=225,
311444765,Minor Figures Barista Oat Drink 1L,https://www.tesco.com/groceries/en-GB/shop/fresh-food/all?department=Dairy%20Free%20%26%20Dairy%20Alternatives&viewAll=department&page=,£2.00,£2.00/litre,,,/groceries/en-GB/products/311444765,https://digitalcontent.api.tesco.com/v2/media/ghs/52363144-0cf5-4b6f-95ec-4539a2ce3015/5befe0dc-eb32-4917-bac6-fd39f2efe980.jpeg?h=225&w=225,
308089256,Applewood Smoky Vegan Cheese Alternative Grated 200G,https://www.tesco.com/groceries/en-GB/shop/fresh-food/all?department=Dairy%20Free%20%26%20Dairy%20Alternatives&viewAll=department&page=,£2.75,£13.75/kg,,,/groceries/en-GB/products/308089256,https://digitalcontent.api.tesco.com/v2/media/ghs/434123e8-e9db-4c51-98be-3c6239abd4b8/c80175f0-107a-45ab-8bc6-f2e7c45dcc6c_979396654.jpeg?h=225&w=225,
303917339,Alpro Coconut No Sugars Long Life Drink 1 Litre,https://www.tesco.com/groceries/en-GB/shop/fresh-food/all?department=Dairy%20Free%20%26%20Dairy%20Alternatives&viewAll=department&page=,£1.95,£1.95/litre,,,/groceries/en-GB/products/303917339,https://digitalcontent.api.tesco.com/v2/media/ghs/439e6922-88d5-44a7-ac23-0d695852ffe0/30067e38-8617-4fce-a585-b5363f7263bd.jpeg?h=225&w=225,
302312238,Violife Vegan Greek White Block 230G,https://www.tesco.com/groceries/en-GB/shop/fresh-food/all?department=Dairy%20Free%20%26%20Dairy%20Alternatives&viewAll=department&page=,£3.00,£13.05/kg,,,/groceries/en-GB/products/302312238,https://digitalcontent.api.tesco.com/v2/media/ghs/71a22c9a-17fd-4697-be6a-5748afe25147/0eaea8aa-be41-4e6e-ac18-a054c7b9fbf5_1552971490.jpeg?h=225&w=225,
309785179,Mighty Barista M.Lk Uht Drink 1 Litre,https://www.tesco.com/groceries/en-GB/shop/fresh-food/all?department=Dairy%20Free%20%26%20Dairy%20Alternatives&viewAll=department&page=,£2.00,£2.00/litre,,,/groceries/en-GB/products/309785179,https://digitalcontent.api.tesco.com/v2/media/ghs/3ec5bb76-7e18-4b77-b39d-771b5a20145e/425089a2-c8bc-4d72-beeb-b6a6e7fa20e5.jpeg?h=225&w=225,
304395556,Califia Farms Xx Espresso Cold Brew Dairy Free Coffee 750Ml,https://www.tesco.com/groceries/en-GB/shop/fresh-food/all?department=Dairy%20Free%20%26%20Dairy%20Alternatives&viewAll=department&page=,£2.75,£0.37/100ml,,,/groceries/en-GB/products/304395556,https://digitalcontent.api.tesco.com/v2/media/ghs/6aab6d35-6c74-4f22-a8a0-5d9e431b475a/951304e2-7b2b-4c40-9a88-3471f499d751_1899268616.jpeg?h=225&w=225,
310650568,Violife Vegan Cheese Alternative Original Flavour Block 200G,https://www.tesco.com/groceries/en-GB/shop/fresh-food/all?department=Dairy%20Free%20%26%20Dairy%20Alternatives&viewAll=department&page=,£2.50,£12.50/kg,,,/groceries/en-GB/products/310650568,https://digitalcontent.api.tesco.com/v2/media/ghs/adc8f570-fa23-49e9-aaeb-814ea8c44103/72fdec6f-7c6b-46b7-a053-08711e4e60db_951230268.jpeg?h=225&w=225,
304370983,Califia Farms Mocha Cold Coffee With Almond 750Ml,https://www.tesco.com/groceries/en-GB/shop/fresh-food/all?department=Dairy%20Free%20%26%20Dairy%20Alternatives&viewAll=department&page=,£2.75,£0.37/100ml,,,/groceries/en-GB/products/304370983,https://digitalcontent.api.tesco.com/v2/media/ghs/44183081-98c0-4f00-8d96-91b5927044c0/3f4744c7-33b0-4ba7-ab39-17e5ca2d9919_1393425783.jpeg?h=225&w=225,
310159079,Plenish Organic & Unsweetened Coconut Milk 1L,https://www.tesco.com/groceries/en-GB/shop/fresh-food/all?department=Dairy%20Free%20%26%20Dairy%20Alternatives&viewAll=department&page=,£2.00,£2.00/litre,,,/groceries/en-GB/products/310159079,https://digitalcontent.api.tesco.com/v2/media/ghs/eea635a1-d282-49d3-9904-afa1a05b90b7/c2be4390-2a8a-4df0-bc62-6e3947ce9a67.jpeg?h=225&w=225,
309197459,Sheese Grated Mature Cheddar 200G,https://www.tesco.com/groceries/en-GB/shop/fresh-food/all?department=Dairy%20Free%20%26%20Dairy%20Alternatives&viewAll=department&page=,£2.50,£12.50/kg,,,/groceries/en-GB/products/309197459,https://digitalcontent.api.tesco.com/v2/media/ghs/68624733-186f-43d3-8f3a-244e175afdc1/2b9317e7-941e-4a46-93e8-9aefcc810be4_1088361167.jpeg?h=225&w=225,
309753880,Plenish Organic Oat Milk Dairy Alternative 1Ltr,https://www.tesco.com/groceries/en-GB/shop/fresh-food/all?department=Dairy%20Free%20%26%20Dairy%20Alternatives&viewAll=department&page=,£2.00,£2.00/litre,£1.75 Clubcard Price,,/groceries/en-GB/products/309753880,https://digitalcontent.api.tesco.com/v2/media/ghs/45614613-f135-47b4-a1f2-1adbbd76a6a1/e385585f-f006-459e-8efa-2770c8e6cb3e_2006644354.jpeg?h=225&w=225,
305205390,Plenish Organic Almond 1Ltr,https://www.tesco.com/groceries/en-GB/shop/fresh-food/all?department=Dairy%20Free%20%26%20Dairy%20Alternatives&viewAll=department&page=,£2.00,£2.00/litre,£1.75 Clubcard Price,,/groceries/en-GB/products/305205390,https://digitalcontent.api.tesco.com/v2/media/ghs/f43ff0b3-ef68-4dd4-8a96-f307cc8a72c7/a57c00e2-f3ab-4cab-863c-b735128763ad_1680747568.jpeg?h=225&w=225,
311439426,Minor Figures Barista Light Oat Drink 1L,https://www.tesco.com/groceries/en-GB/shop/fresh-food/all?department=Dairy%20Free%20%26%20Dairy%20Alternatives&viewAll=department&page=,£1.90,£1.90/litre,£1.50 Clubcard Price,,/groceries/en-GB/products/311439426,https://digitalcontent.api.tesco.com/v2/media/ghs/1f2ade22-82ff-466b-9008-70c36e54e4ba/84afc6a2-d75e-4d3d-95b2-5dc88fc0cf6a.jpeg?h=225&w=225,
311279822,The Coconut Collaborative Dairy Free Raspberry Coconut Yogurt 350G,https://www.tesco.com/groceries/en-GB/shop/fresh-food/all?department=Dairy%20Free%20%26%20Dairy%20Alternatives&viewAll=department&page=,£2.75,£0.79/100g,,,/groceries/en-GB/products/311279822,https://digitalcontent.api.tesco.com/v2/media/ghs/b63a82c1-77e3-4741-847d-e4bf1cda0f2f/1cf407a8-55d9-45d2-baf9-42e54e949d67.jpeg?h=225&w=225,
256334414,Alpro Strawberry Strawberry Shake 3X250ml,https://www.tesco.com/groceries/en-GB/shop/fresh-food/all?department=Dairy%20Free%20%26%20Dairy%20Alternatives&viewAll=department&page=,£1.70,£2.27/litre,,,/groceries/en-GB/products/256334414,https://digitalcontent.api.tesco.com/v2/media/ghs/e1085833-47a3-42bd-8742-de5ebbb9794a/5582b4a2-7365-457e-a140-d8c3e63019af_2021041348.jpeg?h=225&w=225,
306494279,Actimel Dairy Free Almond Mango & Passion Fruit 600G,https://www.tesco.com/groceries/en-GB/shop/fresh-food/all?department=Dairy%20Free%20%26%20Dairy%20Alternatives&viewAll=department&page=,£3.50,£0.58/100g,£2.50 Clubcard Price,,/groceries/en-GB/products/306494279,https://digitalcontent.api.tesco.com/v2/media/ghs/a1365a5e-6fa3-4348-b039-7f60430e0525/aefc4881-608f-4913-bbd7-a8bdda510ee1.jpeg?h=225&w=225,
305955549,Oatly Plain Oatgurt 400G,https://www.tesco.com/groceries/en-GB/shop/fresh-food/all?department=Dairy%20Free%20%26%20Dairy%20Alternatives&viewAll=department&page=,£2.20,£0.55/100g,,,/groceries/en-GB/products/305955549,https://digitalcontent.api.tesco.com/v2/media/ghs/49ac5567-c84c-4b91-9023-62c62d338948/4cb381f7-91a1-4477-81d4-282133e1400b_1762296629.jpeg?h=225&w=225,
285490967,Rude Health Oat Drink Organic 1 Litre,https://www.tesco.com/groceries/en-GB/shop/fresh-food/all?department=Dairy%20Free%20%26%20Dairy%20Alternatives&viewAll=department&page=,£2.20,£2.20/litre,£1.70 Clubcard Price,,/groceries/en-GB/products/285490967,https://digitalcontent.api.tesco.com/v2/media/ghs/2ad61eda-8667-43d2-834a-e8fc92fe84f8/98c6809e-77f4-4b44-8ffd-b3cc8d89d276.jpeg?h=225&w=225,
307133868,Wicked Kitchen Mint Chocolate Chip Ice Dream Treat 500Ml,https://www.tesco.com/groceries/en-GB/shop/fresh-food/all?department=Dairy%20Free%20%26%20Dairy%20Alternatives&viewAll=department&page=,£3.00,£0.60/100ml,,,/groceries/en-GB/products/307133868,https://digitalcontent.api.tesco.com/v2/media/ghs/35907cf5-e91a-429f-8fec-a3c8a45460b7/04bc4857-f8d8-4868-a067-457598553015.jpeg?h=225&w=225,
309171709,Oatly Oat Drink Vanilla 1L,https://www.tesco.com/groceries/en-GB/shop/fresh-food/all?department=Dairy%20Free%20%26%20Dairy%20Alternatives&viewAll=department&page=,£1.60,£1.60/litre,£1.30 Clubcard Price,,/groceries/en-GB/products/309171709,https://digitalcontent.api.tesco.com/v2/media/ghs/e79950bb-e834-4643-92fe-499a83521578/c1b0b953-8370-4f5a-b1bf-fba9b5b306ae.jpeg?h=225&w=225,
254017373,Alpro Caramel Soya Dessert 4 X 125G,https://www.tesco.com/groceries/en-GB/shop/fresh-food/all?department=Dairy%20Free%20%26%20Dairy%20Alternatives&viewAll=department&page=,£1.80,£0.36/100g,,,/groceries/en-GB/products/254017373,https://digitalcontent.api.tesco.com/v2/media/ghs/13a20f57-18c9-4d2c-b440-80a090a24d36/b57a021b-33ab-45cb-a651-549ba844a8c7.jpeg?h=225&w=225,
300118092,Tesco Soya Drink Sweetened 1Ltr,https://www.tesco.com/groceries/en-GB/shop/fresh-food/all?department=Dairy%20Free%20%26%20Dairy%20Alternatives&viewAll=department&page=,£1.15,£1.15/litre,,,/groceries/en-GB/products/300118092,https://digitalcontent.api.tesco.com/v2/media/ghs/60fa75fd-5292-4c3c-af45-eb67ec36db5a/feb4eb2e-1321-4856-8ceb-5711e1a00629.jpeg?h=225&w=225,
307744208,Alpro My Cuppa Soya Drink 750Ml,https://www.tesco.com/groceries/en-GB/shop/fresh-food/all?department=Dairy%20Free%20%26%20Dairy%20Alternatives&viewAll=department&page=,£1.80,£2.40/litre,£1.35 Clubcard Price,,/groceries/en-GB/products/307744208,https://digitalcontent.api.tesco.com/v2/media/ghs/2500ed01-4b42-4c02-bf8a-8b6e16938434/f48b4089-1af5-4cac-a458-e0a2920129a1.jpeg?h=225&w=225,
310150238,Alpro This Is Not M*Lk Semi Oat Drink 1 Litre,https://www.tesco.com/groceries/en-GB/shop/fresh-food/all?department=Dairy%20Free%20%26%20Dairy%20Alternatives&viewAll=department&page=,£1.90,£1.90/litre,,,/groceries/en-GB/products/310150238,https://digitalcontent.api.tesco.com/v2/media/ghs/2d260eb1-051f-4979-9cbd-7927459caf42/594c0eb7-11d3-402a-87c7-7df68e9c8d1b.jpeg?h=225&w=225,
276372021,Tesco Free From Italian Style Coffee Dessert 2X90g,https://www.tesco.com/groceries/en-GB/shop/fresh-food/all?department=Dairy%20Free%20%26%20Dairy%20Alternatives&viewAll=department&page=,£1.90,£1.06/100g,,,/groceries/en-GB/products/276372021,https://digitalcontent.api.tesco.com/v2/media/ghs/b7bfbe52-48d2-433b-93e2-bd66eaf26d87/fdf8fba4-d4a3-4dde-8c22-5c01336b1d80.jpeg?h=225&w=225,
303215277,Innocent Coconut Drink Dairy Free 750Ml,https://www.tesco.com/groceries/en-GB/shop/fresh-food/all?department=Dairy%20Free%20%26%20Dairy%20Alternatives&viewAll=department&page=,£1.75,£2.34/litre,,,/groceries/en-GB/products/303215277,https://digitalcontent.api.tesco.com/v2/media/ghs/d7b892ac-4a19-43a8-bc6c-0238dfbb53c2/cbd65b87-cfda-4a22-983e-026d5b6da36d.jpeg?h=225&w=225,
309187115,Alpro Barista Oat Chilled Drink 750Ml,https://www.tesco.com/groceries/en-GB/shop/fresh-food/all?department=Dairy%20Free%20%26%20Dairy%20Alternatives&viewAll=department&page=,£2.00,£2.67/litre,£1.35 Clubcard Price,,/groceries/en-GB/products/309187115,https://digitalcontent.api.tesco.com/v2/media/ghs/63c758ff-2977-4652-bf90-2865295bca24/4dd3e47e-a6a9-4f21-a16c-f2afe50199c2.jpeg?h=225&w=225,
257159787,Tesco Organic Longlife Soya Drink Sweetened 1Ltr,https://www.tesco.com/groceries/en-GB/shop/fresh-food/all?department=Dairy%20Free%20%26%20Dairy%20Alternatives&viewAll=department&page=,£1.30,£1.30/litre,,,/groceries/en-GB/products/257159787,https://digitalcontent.api.tesco.com/v2/media/ghs/9c88fdeb-2cff-44ea-97b1-c7be80ab9c34/438ee9aa-60fa-429f-b7da-917d0e40e33f.jpeg?h=225&w=225,
312107052,The Coconut Collaborative Vegan Double Cream 220Ml,https://www.tesco.com/groceries/en-GB/shop/fresh-food/all?department=Dairy%20Free%20%26%20Dairy%20Alternatives&viewAll=department&page=,£1.75,£0.80/100ml,,,/groceries/en-GB/products/312107052,https://digitalcontent.api.tesco.com/v2/media/ghs/c1632251-a0bd-44c3-afd4-e61ca56470db/114f0d91-e046-46f4-9d8e-98b53725a312_656773902.jpeg?h=225&w=225,
259160159,Alpro Soya Single Chilled Soya Alternative To Cream 250Ml,https://www.tesco.com/groceries/en-GB/shop/fresh-food/all?department=Dairy%20Free%20%26%20Dairy%20Alternatives&viewAll=department&page=,£1.15,£0.46/100ml,,,/groceries/en-GB/products/259160159,https://digitalcontent.api.tesco.com/v2/media/ghs/8ab166cd-de5f-47c0-9c6c-a147330a2d42/f2ac56a4-ebab-43e8-9c03-5cc41bf8d704.jpeg?h=225&w=225,
303836423,Alpro Coconut No Sugars Chilled Drink 1 Litre,https://www.tesco.com/groceries/en-GB/shop/fresh-food/all?department=Dairy%20Free%20%26%20Dairy%20Alternatives&viewAll=department&page=,£1.90,£1.90/litre,£1.35 Clubcard Price,,/groceries/en-GB/products/303836423,https://digitalcontent.api.tesco.com/v2/media/ghs/01365a39-da0f-47a5-aace-6003d86c7e72/b00c3118-03f0-4102-8183-f52066d50686.jpeg?h=225&w=225,
294793630,Tesco Free From Syrup Sponge 115G,https://www.tesco.com/groceries/en-GB/shop/fresh-food/all?department=Dairy%20Free%20%26%20Dairy%20Alternatives&viewAll=department&page=,£1.25,£1.09/100g,,,/groceries/en-GB/products/294793630,https://digitalcontent.api.tesco.com/v2/media/ghs/afbb52f4-25c0-437d-9017-18381fd2e6f0/302688f3-bf1a-438b-bf2a-8851006041bf_1341785846.jpeg?h=225&w=225,
294793618,Tesco Free From Chocolate Sponge 115G,https://www.tesco.com/groceries/en-GB/shop/fresh-food/all?department=Dairy%20Free%20%26%20Dairy%20Alternatives&viewAll=department&page=,£1.25,£1.09/100g,,,/groceries/en-GB/products/294793618,https://digitalcontent.api.tesco.com/v2/media/ghs/dd5d4213-bb0a-4dc6-b5d2-840982d1a518/47ba3c99-6b7a-48db-bd3a-b1200305ff6c_888925761.jpeg?h=225&w=225,
311442721,Tesco Plant Chef Soya Alternative To Greek Style Yogurt 400G,https://www.tesco.com/groceries/en-GB/shop/fresh-food/all?department=Dairy%20Free%20%26%20Dairy%20Alternatives&viewAll=department&page=,£1.35,£3.38/kg,,,/groceries/en-GB/products/311442721,https://digitalcontent.api.tesco.com/v2/media/ghs/c5e65215-5c4d-429a-a74f-71a21340bca4/2da6382e-a406-43bd-bf35-1453d46b2dc9.jpeg?h=225&w=225,
311674636,Tesco Plant Chef Soya Alternative Mango Yogurts 4X100g,https://www.tesco.com/groceries/en-GB/shop/fresh-food/all?department=Dairy%20Free%20%26%20Dairy%20Alternatives&viewAll=department&page=,£1.50,£0.38/100g,,,/groceries/en-GB/products/311674636,https://digitalcontent.api.tesco.com/v2/media/ghs/e9cf8e12-ca68-43e2-ba45-b344a1dfe029/c88724d6-5ff8-4326-90f0-c29f0cf7a62d.jpeg?h=225&w=225,
300118119,Tesco Sweetened Coconut Milk Alternative 1L,https://www.tesco.com/groceries/en-GB/shop/fresh-food/all?department=Dairy%20Free%20%26%20Dairy%20Alternatives&viewAll=department&page=,£1.15,£1.15/litre,,,/groceries/en-GB/products/300118119,https://digitalcontent.api.tesco.com/v2/media/ghs/741a8a64-ff2e-4761-8e10-b359b8a13c36/22a3d6e8-6120-43d3-9847-a94c9a9e0085.jpeg?h=225&w=225,
255769120,Alpro Soya Chocolate Chilled Drink 1 Litre,https://www.tesco.com/groceries/en-GB/shop/fresh-food/all?department=Dairy%20Free%20%26%20Dairy%20Alternatives&viewAll=department&page=,£1.95,£1.95/litre,£1.35 Clubcard Price,,/groceries/en-GB/products/255769120,https://digitalcontent.api.tesco.com/v2/media/ghs/d1a4a377-fb17-4308-865a-5f9702cc23c8/4ebcd994-1216-4327-85c9-d103ea0f6c10.jpeg?h=225&w=225,
312572162,Minor Figures Everyday Oat Drink 1 Litre,https://www.tesco.com/groceries/en-GB/shop/fresh-food/all?department=Dairy%20Free%20%26%20Dairy%20Alternatives&viewAll=department&page=,£2.00,£2.00/litre,,,/groceries/en-GB/products/312572162,https://digitalcontent.api.tesco.com/v2/media/ghs/6f7d1943-8795-4fab-92a5-8ddbce6c0c7c/dabf891f-f327-46b5-b7df-0d7797e3a874_693083872.jpeg?h=225&w=225,
300661927,Tesco Sweetened Almond Milk Alternative 1L,https://www.tesco.com/groceries/en-GB/shop/fresh-food/all?department=Dairy%20Free%20%26%20Dairy%20Alternatives&viewAll=department&page=,£1.15,£1.15/litre,,,/groceries/en-GB/products/300661927,https://digitalcontent.api.tesco.com/v2/media/ghs/2c895860-1a88-4443-a181-3c68e6257b66/2ac72d6f-0c61-4e24-8424-daead1aec3d8.jpeg?h=225&w=225,
302329328,The Coconut Collaborative Strawberry & Banana Kids Puree 90G,https://www.tesco.com/groceries/en-GB/shop/fresh-food/all?department=Dairy%20Free%20%26%20Dairy%20Alternatives&viewAll=department&page=,£0.85,£0.94/100g,,,/groceries/en-GB/products/302329328,https://digitalcontent.api.tesco.com/v2/media/ghs/08db8f25-87f9-4bd5-ab0c-e007b290d7ac/c6cdcea1-9e67-44ce-acff-d0bb0059fb07_1938527164.jpeg?h=225&w=225,
305047518,Tesco Plant Chef Vegan Mayonnaise 270G,https://www.tesco.com/groceries/en-GB/shop/fresh-food/all?department=Dairy%20Free%20%26%20Dairy%20Alternatives&viewAll=department&page=,£0.80,£0.30/100g,,,/groceries/en-GB/products/305047518,https://digitalcontent.api.tesco.com/v2/media/ghs/5dc6b766-6304-4246-b934-881d9e7f0cb3/cf625e06-a88e-4ef2-9cfc-1b757997728f_1906331415.jpeg?h=225&w=225,
312713707,The Coconut Collaborative Plant-Based Natural Coconut Yogurt 600G,https://www.tesco.com/groceries/en-GB/shop/fresh-food/all?department=Dairy%20Free%20%26%20Dairy%20Alternatives&viewAll=department&page=,£4.00,£6.67/kg,,New,/groceries/en-GB/products/312713707,https://digitalcontent.api.tesco.com/v2/media/ghs/362d1736-0a08-4b5b-9210-18cf1d05d5a6/2b9e0bb2-4ce2-4e59-a903-6024c225d19d_2141824539.jpeg?h=225&w=225,
262162245,Benecol Dairy Free Tropical Drink 6 X 65.5G,https://www.tesco.com/groceries/en-GB/shop/fresh-food/all?department=Dairy%20Free%20%26%20Dairy%20Alternatives&viewAll=department&page=,£3.95,£1.01/100g,,,/groceries/en-GB/products/262162245,https://digitalcontent.api.tesco.com/v2/media/ghs/1df1d9cb-7cf8-4638-8a3a-e99f9399cc97/88270c33-9df6-4618-a0cd-d6e40b229f85.jpeg?h=225&w=225,
307133776,Actimel 100% Dairy Free Blueberry Yogurt 6X100g,https://www.tesco.com/groceries/en-GB/shop/fresh-food/all?department=Dairy%20Free%20%26%20Dairy%20Alternatives&viewAll=department&page=,£3.50,£5.84/kg,£2.50 Clubcard Price,,/groceries/en-GB/products/307133776,https://digitalcontent.api.tesco.com/v2/media/ghs/96de1082-2f9a-46c2-90a6-6d73e444955f/8603eaaf-6a56-49dc-a307-cd2f58ffe858.jpeg?h=225&w=225,
307743100,Oykos Dairy Free Stracciatella Chocolate 350G,https://www.tesco.com/groceries/en-GB/shop/fresh-food/all?department=Dairy%20Free%20%26%20Dairy%20Alternatives&viewAll=department&page=,£2.85,£0.82/100g,,,/groceries/en-GB/products/307743100,https://digitalcontent.api.tesco.com/v2/media/ghs/c951306e-2468-4e7c-a8c1-84b7c71c2a24/475c5c67-09a8-4ad3-bbd5-5f73c6e14cff.jpeg?h=225&w=225,
311933941,Coconut Collaborative Gut Health Coconut Yogurt Strawberry 4X100g,https://www.tesco.com/groceries/en-GB/shop/fresh-food/all?department=Dairy%20Free%20%26%20Dairy%20Alternatives&viewAll=department&page=,£3.00,£7.50/kg,,,/groceries/en-GB/products/311933941,https://digitalcontent.api.tesco.com/v2/media/ghs/7d7efb09-0fc6-4547-8456-7b13ee5f0e7b/00c71527-e39f-420c-8526-9ae4561b69c7.jpeg?h=225&w=225,
306802424,The Coconut Collaborative Alphonso Mango Passion Fruit 360G,https://www.tesco.com/groceries/en-GB/shop/fresh-food/all?department=Dairy%20Free%20%26%20Dairy%20Alternatives&viewAll=department&page=,£2.75,£0.76/100g,,,/groceries/en-GB/products/306802424,https://digitalcontent.api.tesco.com/v2/media/ghs/803ce36e-af87-42a3-9713-808c0369c90d/0439ae21-c69b-41f7-aea5-d6681162f3c8.jpeg?h=225&w=225,
311961573,The Coconut Collaborative Plain Cultured Coconut Yogurt 350G,https://www.tesco.com/groceries/en-GB/shop/fresh-food/all?department=Dairy%20Free%20%26%20Dairy%20Alternatives&viewAll=department&page=,£2.75,£0.79/100g,£2.25 Clubcard Price,,/groceries/en-GB/products/311961573,https://digitalcontent.api.tesco.com/v2/media/ghs/94432b16-e97e-44f6-9129-f3d31b8a8e65/62a6775d-a8e8-46d2-8d74-fe091eed64f2.jpeg?h=225&w=225,
308111759,Gu Free From Lemon Cheesecakes 2X92g,https://www.tesco.com/groceries/en-GB/shop/fresh-food/all?department=Dairy%20Free%20%26%20Dairy%20Alternatives&viewAll=department&page=,£3.85,£2.10/100g,,,/groceries/en-GB/products/308111759,https://digitalcontent.api.tesco.com/v2/media/ghs/940914ed-5ae5-4465-a849-caa15281b270/46a84711-7f3b-44c8-b08b-47c81bd0ac95.jpeg?h=225&w=225,
306649450,Gu Free From Salted Caramel Cheesecake 2 X 83G,https://www.tesco.com/groceries/en-GB/shop/fresh-food/all?department=Dairy%20Free%20%26%20Dairy%20Alternatives&viewAll=department&page=,£3.85,£2.32/100g,,,/groceries/en-GB/products/306649450,https://digitalcontent.api.tesco.com/v2/media/ghs/b3da3ea4-91de-45b9-9c0a-fc36b90b49d5/d1952441-7571-46f3-89d0-831042eb24e0.jpeg?h=225&w=225,
305957392,Ben & Jerry's Non Dairy Chocolate Fudge Brownie Ice Cream 465Ml,https://www.tesco.com/groceries/en-GB/shop/fresh-food/all?department=Dairy%20Free%20%26%20Dairy%20Alternatives&viewAll=department&page=,£4.50,£0.97/100ml,,,/groceries/en-GB/products/305957392,https://digitalcontent.api.tesco.com/v2/media/ghs/12c88d50-338d-463a-818d-650897c0131f/e702142d-7f6a-4dda-975b-fb8cf6aada3e.jpeg?h=225&w=225,
308117627,Violife Smoky Cheddar Flavour Slices 200G,https://www.tesco.com/groceries/en-GB/shop/fresh-food/all?department=Dairy%20Free%20%26%20Dairy%20Alternatives&viewAll=department&page=,£2.80,£14.00/kg,,,/groceries/en-GB/products/308117627,https://digitalcontent.api.tesco.com/v2/media/ghs/b8be491a-b067-43ee-9105-d1d1f75ccee2/26b646fd-2ff7-4bdf-a459-157b791c04b6_374987141.jpeg?h=225&w=225,
302313519,Alpro Caffe Ethiopian Coffee & Soya Caramel 235Ml,https://www.tesco.com/groceries/en-GB/shop/fresh-food/all?department=Dairy%20Free%20%26%20Dairy%20Alternatives&viewAll=department&page=,£1.80,£0.77/100ml,,,/groceries/en-GB/products/302313519,https://digitalcontent.api.tesco.com/v2/media/ghs/90d5ba57-f40a-44fe-a5c0-e139128e0bd3/af956dc4-b138-42da-9425-c506653c8162.jpeg?h=225&w=225,
311794851,Violife Vegan 12 Mozzarella Flavour Slices Cheese Alternative 160G,https://www.tesco.com/groceries/en-GB/shop/fresh-food/all?department=Dairy%20Free%20%26%20Dairy%20Alternatives&viewAll=department&page=,£2.70,£16.88/kg,,,/groceries/en-GB/products/311794851,https://digitalcontent.api.tesco.com/v2/media/ghs/c1954bca-5bf9-49b6-b285-b249dbecce5d/04c270bb-2420-41ed-88a9-e7076c5fa285_7690861.jpeg?h=225&w=225,
310663858,Blue Diamond Almond Breeze Barista 1 Litre,https://www.tesco.com/groceries/en-GB/shop/fresh-food/all?department=Dairy%20Free%20%26%20Dairy%20Alternatives&viewAll=department&page=,£1.90,£1.90/litre,£1.25 Clubcard Price,,/groceries/en-GB/products/310663858,https://digitalcontent.api.tesco.com/v2/media/ghs/0993d331-b9d8-4283-a770-70d7a979f7b0/33e6e9d6-74de-46e8-bc05-a7e2dc0647ce.jpeg?h=225&w=225,
311788640,Tesco Plant Chef Alternative To Grated Mozzarella 200G,https://www.tesco.com/groceries/en-GB/shop/fresh-food/all?department=Dairy%20Free%20%26%20Dairy%20Alternatives&viewAll=department&page=,£2.50,£12.50/kg,,,/groceries/en-GB/products/311788640,https://digitalcontent.api.tesco.com/v2/media/ghs/d107b19e-6566-4969-926b-ab3c84bb8578/74d79e8f-3e10-4782-872b-76c2c3d7faab_416050901.jpeg?h=225&w=225,
307741160,Alpro Double Choc Mousse Dessert 2X70g,https://www.tesco.com/groceries/en-GB/shop/fresh-food/all?department=Dairy%20Free%20%26%20Dairy%20Alternatives&viewAll=department&page=,£2.20,£1.58/100g,,,/groceries/en-GB/products/307741160,https://digitalcontent.api.tesco.com/v2/media/ghs/ae304a4c-5ee8-487e-938c-85e1c574702c/e349bbd1-cb75-4de7-8583-233eb9a900c8.jpeg?h=225&w=225,
309171531,Sheese Mild Cheddar Style Cheese Alternative 200G,https://www.tesco.com/groceries/en-GB/shop/fresh-food/all?department=Dairy%20Free%20%26%20Dairy%20Alternatives&viewAll=department&page=,£2.50,£12.50/kg,,,/groceries/en-GB/products/309171531,https://digitalcontent.api.tesco.com/v2/media/ghs/7591f31a-b12a-40cb-9458-bea38f98d061/7b6ee764-f846-47f8-92a6-78a4f3ffe6e0_186072863.jpeg?h=225&w=225,
312579575,Gu Free From Zillionaires Cheesecake 2X91.5G,https://www.tesco.com/groceries/en-GB/shop/fresh-food/all?department=Dairy%20Free%20%26%20Dairy%20Alternatives&viewAll=department&page=,£3.85,£2.11/100g,,,/groceries/en-GB/products/312579575,https://digitalcontent.api.tesco.com/v2/media/ghs/c94fd3b4-24d3-4420-9d8f-e390cc59a080/676278f1-9cf5-4c05-a795-862647f5fff9.jpeg?h=225&w=225,
311677719,Tesco Plant Chef Alternative To Soft Cheese 150G,https://www.tesco.com/groceries/en-GB/shop/fresh-food/all?department=Dairy%20Free%20%26%20Dairy%20Alternatives&viewAll=department&page=,£2.00,£13.34/kg,,New,/groceries/en-GB/products/311677719,https://digitalcontent.api.tesco.com/v2/media/ghs/db55493c-6e46-406c-970b-e925a8700c53/9bfc31d8-6aa3-4f8a-8b4e-f96e89bda01d_1123912150.jpeg?h=225&w=225,
311690138,Tesco Plant Chef Alternative To Garlic & Herb Soft Cheese 150G,https://www.tesco.com/groceries/en-GB/shop/fresh-food/all?department=Dairy%20Free%20%26%20Dairy%20Alternatives&viewAll=department&page=,£2.00,£13.34/kg,,New,/groceries/en-GB/products/311690138,https://digitalcontent.api.tesco.com/v2/media/ghs/a13358cf-4b18-4290-ac2c-5c9fd60e3fa3/d499ff17-0f02-4913-8f37-c49edc738f05_1984908395.jpeg?h=225&w=225,
310654691,The Coconut Collaborative Chocolate & Cream Dairy Free Dessert 4X60g,https://www.tesco.com/groceries/en-GB/shop/fresh-food/all?department=Dairy%20Free%20%26%20Dairy%20Alternatives&viewAll=department&page=,£2.75,£1.15/100g,£1.95 Clubcard Price,,/groceries/en-GB/products/310654691,https://digitalcontent.api.tesco.com/v2/media/ghs/29a6c7a4-3654-418a-ad05-81b3caae500d/6f2bbba1-e063-49b2-86a3-aef98d2ceb3a.jpeg?h=225&w=225,
310108707,Blue Diamond Almond Breeze Almond & Oat Drink 1 Litre,https://www.tesco.com/groceries/en-GB/shop/fresh-food/all?department=Dairy%20Free%20%26%20Dairy%20Alternatives&viewAll=department&page=,£1.60,£1.60/litre,£1.25 Clubcard Price,,/groceries/en-GB/products/310108707,https://digitalcontent.api.tesco.com/v2/media/ghs/9484caa1-9c2d-44b4-8ca2-0e3e1bb0c130/ebbbf10c-fbfa-4b49-bcb8-9ae97a56adf7.jpeg?h=225&w=225,
311786247,Tesco Plant Chef Alternative To Mature Cheese 200G,https://www.tesco.com/groceries/en-GB/shop/fresh-food/all?department=Dairy%20Free%20%26%20Dairy%20Alternatives&viewAll=department&page=,£2.20,£11.00/kg,,New,/groceries/en-GB/products/311786247,https://digitalcontent.api.tesco.com/v2/media/ghs/1da16fc6-8fdf-45ec-8d7a-776b24b7252b/8f64f394-f397-43c1-89f1-493440d4f125_1585056228.jpeg?h=225&w=225,
308102839,Nescafe Dolce Gusto Coconut Flat White Coffee Pods X12 116.4G,https://www.tesco.com/groceries/en-GB/shop/fresh-food/all?department=Dairy%20Free%20%26%20Dairy%20Alternatives&viewAll=department&page=,£4.00,£3.44/100g,Any 3 for £10 Clubcard Price - Selected Nescafe Coffee Pods,,/groceries/en-GB/products/308102839,https://digitalcontent.api.tesco.com/v2/media/ghs/5d2e660d-b8bc-470e-9e20-721fd2a86fd6/eb48b0e4-8ae1-4ca5-89da-5dd1d1c932a1_1509036898.jpeg?h=225&w=225,
291844921,Swedish Glace Chocolate Non Dairy Ice Cream 750Ml,https://www.tesco.com/groceries/en-GB/shop/fresh-food/all?department=Dairy%20Free%20%26%20Dairy%20Alternatives&viewAll=department&page=,£2.50,£0.33/100ml,,,/groceries/en-GB/products/291844921,https://digitalcontent.api.tesco.com/v2/media/ghs/e497b006-0b84-43c8-9023-621e350364d3/snapshotimagehandler_37662950.jpeg?h=225&w=225,
306495106,Alpro Chocolate Hazelnut 90 Calorie Dessert 2X113g,https://www.tesco.com/groceries/en-GB/shop/fresh-food/all?department=Dairy%20Free%20%26%20Dairy%20Alternatives&viewAll=department&page=,£1.65,£0.73/100g,,,/groceries/en-GB/products/306495106,https://digitalcontent.api.tesco.com/v2/media/ghs/3bc450d0-676b-41ac-9d6f-7440a470d408/b59f5983-f96f-4bd6-afce-b3b92d39e83c.jpeg?h=225&w=225,
305250058,Nando's Vegan Perinaise Peri Peri Mayonnaise 265G,https://www.tesco.com/groceries/en-GB/shop/fresh-food/all?department=Dairy%20Free%20%26%20Dairy%20Alternatives&viewAll=department&page=,£2.00,£0.76/100g,,,/groceries/en-GB/products/305250058,https://digitalcontent.api.tesco.com/v2/media/ghs/05eaa049-8c72-4c0f-8dc6-579b531aa161/9c63801f-d9cc-41e6-b8e6-73b817d66483_1198082811.jpeg?h=225&w=225,
311797525,Tesco Plant Chef Alternative To Grated Hard Cheese 60G,https://www.tesco.com/groceries/en-GB/shop/fresh-food/all?department=Dairy%20Free%20%26%20Dairy%20Alternatives&viewAll=department&page=,£1.80,£30.00/kg,,,/groceries/en-GB/products/311797525,https://digitalcontent.api.tesco.com/v2/media/ghs/3ba8ae9b-933a-4203-a42f-c660bd27cd93/2ed5b14a-0e06-48b7-9736-cce0d079a020_849509674.jpeg?h=225&w=225,
304401389,Good Hemp Creamy Seed Drink 1 Litre,https://www.tesco.com/groceries/en-GB/shop/fresh-food/all?department=Dairy%20Free%20%26%20Dairy%20Alternatives&viewAll=department&page=,£1.65,£1.65/litre,,,/groceries/en-GB/products/304401389,https://digitalcontent.api.tesco.com/v2/media/ghs/3d3ad39f-3bfb-44e8-8728-43f74e4a5145/42f87d4a-17df-45dc-9378-0fc1b07c6ab4.jpeg?h=225&w=225,
312344847,Jord Organic Oat & Vanilla Drink 1L,https://www.tesco.com/groceries/en-GB/shop/fresh-food/all?department=Dairy%20Free%20%26%20Dairy%20Alternatives&viewAll=department&page=,£1.90,£1.90/litre,,,/groceries/en-GB/products/312344847,https://digitalcontent.api.tesco.com/v2/media/ghs/034889cc-cce5-4878-8b0b-6ef8a3a0f393/119299f7-faa9-4501-badf-745792ba96b0.jpeg?h=225&w=225,
306815616,Starbucks Oat Based Vanilla Macchiato 220Ml,https://www.tesco.com/groceries/en-GB/shop/fresh-food/all?department=Dairy%20Free%20%26%20Dairy%20Alternatives&viewAll=department&page=,£2.10,£0.96/100ml,£1.50 Clubcard Price,,/groceries/en-GB/products/306815616,https://digitalcontent.api.tesco.com/v2/media/ghs/60d75717-dd2d-4761-a13b-d5808ea5af52/065ece88-f5ec-4cca-8234-93dd39a2ab5e_33815938.jpeg?h=225&w=225,
308105313,Mighty Pea M.Lk Unsweetened Milk Alternative 1 Litre,https://www.tesco.com/groceries/en-GB/shop/fresh-food/all?department=Dairy%20Free%20%26%20Dairy%20Alternatives&viewAll=department&page=,£2.00,£2.00/litre,,,/groceries/en-GB/products/308105313,https://digitalcontent.api.tesco.com/v2/media/ghs/479ea33a-6231-432c-a0af-3aecbebe03db/f0f9490a-74e0-47d4-9a62-ba9fb70888e9.jpeg?h=225&w=225,
309183429,Wunda Original Plant Based Alternative Milk 950Ml,https://www.tesco.com/groceries/en-GB/shop/fresh-food/all?department=Dairy%20Free%20%26%20Dairy%20Alternatives&viewAll=department&page=,£1.90,£2.00/litre,£1.50 Clubcard Price,,/groceries/en-GB/products/309183429,https://digitalcontent.api.tesco.com/v2/media/ghs/35b9ff50-4cbb-468d-9858-6b51f51f4df4/1b4ff426-b530-4d6c-b2f2-f08d9ceec0d4.jpeg?h=225&w=225,
295445644,Tesco Lactose Free Mozzarella 210G,https://www.tesco.com/groceries/en-GB/shop/fresh-food/all?department=Dairy%20Free%20%26%20Dairy%20Alternatives&viewAll=department&page=,£1.60,£12.80/kg DR.WT,,,/groceries/en-GB/products/295445644,https://digitalcontent.api.tesco.com/v2/media/ghs/e818ef03-12e7-492c-97ac-f69c5a32521f/44a23df2-820f-4a28-ac26-7da01be921bc.jpeg?h=225&w=225,
308099152,Mighty Pea M.Lk Milk Alternative 1 Litre,https://www.tesco.com/groceries/en-GB/shop/fresh-food/all?department=Dairy%20Free%20%26%20Dairy%20Alternatives&viewAll=department&page=,£2.00,£2.00/litre,,,/groceries/en-GB/products/308099152,https://digitalcontent.api.tesco.com/v2/media/ghs/b8531918-b6ba-47a7-b3f2-c4838eeed608/d73e51fe-f2e3-47f8-ac9d-fd2fb0129c03.jpeg?h=225&w=225,
308105169,Mighty Pea Protein Oat M.Ik Milk Alternative 1 Litre,https://www.tesco.com/groceries/en-GB/shop/fresh-food/all?department=Dairy%20Free%20%26%20Dairy%20Alternatives&viewAll=department&page=,£2.00,£2.00/litre,£1.35 Clubcard Price,,/groceries/en-GB/products/308105169,https://digitalcontent.api.tesco.com/v2/media/ghs/8b6cd22c-2946-4026-988c-99650ec394b2/f097a0b2-84de-4848-9dfa-dc60e65b19aa.jpeg?h=225&w=225,
311677662,Wicked Kitchen Soya Barista Blend 1L,https://www.tesco.com/groceries/en-GB/shop/fresh-food/all?department=Dairy%20Free%20%26%20Dairy%20Alternatives&viewAll=department&page=,£1.30,£1.30/litre,,,/groceries/en-GB/products/311677662,https://digitalcontent.api.tesco.com/v2/media/ghs/73043b2d-8a19-437a-9a1e-578150112236/0a156ab7-3a51-4093-932f-7def1d325b2d_698879438.jpeg?h=225&w=225,
312587283,Minor Figures Everyday Oat Light Drink 1 Litre,https://www.tesco.com/groceries/en-GB/shop/fresh-food/all?department=Dairy%20Free%20%26%20Dairy%20Alternatives&viewAll=department&page=,£2.00,£2.00/litre,,,/groceries/en-GB/products/312587283,https://digitalcontent.api.tesco.com/v2/media/ghs/6ab5b4f2-2f30-4040-b12c-3afb026ad261/928239e7-be03-4cdf-a9d3-384e7b5e32c2_1143048910.jpeg?h=225&w=225,
311267243,Wicked Kitchen Coconut Barista Blend 1L,https://www.tesco.com/groceries/en-GB/shop/fresh-food/all?department=Dairy%20Free%20%26%20Dairy%20Alternatives&viewAll=department&page=,£1.30,£1.30/litre,,,/groceries/en-GB/products/311267243,https://digitalcontent.api.tesco.com/v2/media/ghs/4c9ce2ce-8f0c-4bbf-a52c-46523ac40d30/8b966935-23c3-462b-afc5-ce394eecd854_458018212.jpeg?h=225&w=225,
311669643,Wicked Kitchen Almond Barista Blend 1L,https://www.tesco.com/groceries/en-GB/shop/fresh-food/all?department=Dairy%20Free%20%26%20Dairy%20Alternatives&viewAll=department&page=,£1.30,£1.30/litre,,,/groceries/en-GB/products/311669643,https://digitalcontent.api.tesco.com/v2/media/ghs/82904c2b-215c-4b29-b672-b101c515422d/d5cead63-a8f5-491e-8549-42aec14921bd_565421122.jpeg?h=225&w=225,
309194509,Wunda Unsweetened Plant Based Milk Alternative 950Ml,https://www.tesco.com/groceries/en-GB/shop/fresh-food/all?department=Dairy%20Free%20%26%20Dairy%20Alternatives&viewAll=department&page=,£1.90,£2.00/litre,£1.50 Clubcard Price,,/groceries/en-GB/products/309194509,https://digitalcontent.api.tesco.com/v2/media/ghs/13746990-71a4-4409-8bd6-3e28accc1877/3cf5ddd5-137c-4d90-973f-55ad17260386.jpeg?h=225&w=225,
312715075,The Coconut Collaborative Apricot Coconut Yogurt Alternative 4X90g,https://www.tesco.com/groceries/en-GB/shop/fresh-food/all?department=Dairy%20Free%20%26%20Dairy%20Alternatives&viewAll=department&page=,£3.00,£8.34/kg,,,/groceries/en-GB/products/312715075,https://digitalcontent.api.tesco.com/v2/media/ghs/196838ca-f6ee-43e6-9c5f-1a63bdabbafc/e7829af7-0892-4b0b-8cee-ee4962843ea5.jpeg?h=225&w=225,
312095035,Violife Vegan Crumbly Blue Block 150G,https://www.tesco.com/groceries/en-GB/shop/fresh-food/all?department=Dairy%20Free%20%26%20Dairy%20Alternatives&viewAll=department&page=,£3.25,£21.67/kg,,,/groceries/en-GB/products/312095035,https://digitalcontent.api.tesco.com/v2/media/ghs/52b458b1-0775-47fe-b773-e00c2f9fb444/bf265a13-7c06-4d1b-b2af-ee2ad3148330_703708657.jpeg?h=225&w=225,
311674642,Wicked Kitchen Sweet Caramelised Onion Block 150G,https://www.tesco.com/groceries/en-GB/shop/fresh-food/all?department=Dairy%20Free%20%26%20Dairy%20Alternatives&viewAll=department&page=,£2.50,£16.67/kg,,,/groceries/en-GB/products/311674642,https://digitalcontent.api.tesco.com/v2/media/ghs/af6da923-5c2d-44e3-b0e5-7b9e3b4789b1/0106761c-a668-48ef-8404-7caf2206fa79_69816910.jpeg?h=225&w=225,
311793489,Wicked Kitchen Crushed Black Pepper Block 150G,https://www.tesco.com/groceries/en-GB/shop/fresh-food/all?department=Dairy%20Free%20%26%20Dairy%20Alternatives&viewAll=department&page=,£2.50,£16.67/kg,,,/groceries/en-GB/products/311793489,https://digitalcontent.api.tesco.com/v2/media/ghs/06185d62-2028-45c3-99a0-0b443d507434/78c7d92c-9a5b-46c2-8770-c665661ed196_851993586.jpeg?h=225&w=225,
311690392,Califia Farms Medium Roast Coffee 750Ml,https://www.tesco.com/groceries/en-GB/shop/fresh-food/all?department=Dairy%20Free%20%26%20Dairy%20Alternatives&viewAll=department&page=,£2.70,£3.60/litre,,,/groceries/en-GB/products/311690392,https://digitalcontent.api.tesco.com/v2/media/ghs/f79a476f-4f93-48de-98c7-8964e8c1ce12/f358f159-ed58-4808-af4a-b696cb363cbb_1467527328.jpeg?h=225&w=225,
308094819,Hellmann's Vegan Mayonnaise Baconnaise 270G,https://www.tesco.com/groceries/en-GB/shop/fresh-food/all?department=Dairy%20Free%20%26%20Dairy%20Alternatives&viewAll=department&page=,£2.60,£0.96/100g,,,/groceries/en-GB/products/308094819,https://digitalcontent.api.tesco.com/v2/media/ghs/39f4a029-987b-483c-a958-03e16ffd1f34/925e3845-08f2-4bc7-a602-777d5c3b1e82_2006302434.jpeg?h=225&w=225,
311687356,Tesco Plant Chef Alternative To Halloumi 200G,https://www.tesco.com/groceries/en-GB/shop/fresh-food/all?department=Dairy%20Free%20%26%20Dairy%20Alternatives&viewAll=department&page=,£2.30,£11.50/kg,,,/groceries/en-GB/products/311687356,https://digitalcontent.api.tesco.com/v2/media/ghs/59f34424-f702-4383-b9fe-a0514670f978/561ff58f-b072-4dbd-8792-81f6c13a09d7_1366909550.jpeg?h=225&w=225,
312207302,The Coconut Collaborative Plant-Based Chocolate Melt In The Middle Puddings 2X90g,https://www.tesco.com/groceries/en-GB/shop/fresh-food/all?department=Dairy%20Free%20%26%20Dairy%20Alternatives&viewAll=department&page=,£3.30,£1.84/100g,,,/groceries/en-GB/products/312207302,https://digitalcontent.api.tesco.com/v2/media/ghs/35ee376a-8ba2-45b8-b0ce-13b3402a34cf/6f41ffcd-bacf-4c6e-9031-b79a64c8288d.jpeg?h=225&w=225,
312831334,Najma Premium Halal Chicken Slices With Zaatar 130G,https://www.tesco.com/groceries/en-GB/shop/fresh-food/all?department=Dairy%20Free%20%26%20Dairy%20Alternatives&viewAll=department&page=,£2.25,£1.74/100g,,New,/groceries/en-GB/products/312831334,https://digitalcontent.api.tesco.com/v2/media/ghs/238a37d6-a789-4a01-b579-8eb70f4d65dc/8bac71e2-b70d-4cb6-bd95-905d14e1f71d_65624514.jpeg?h=225&w=225,
308118966,Nescafe Dolce Gusto Almond Flat White Coffee Pods 12 Pack 132G,https://www.tesco.com/groceries/en-GB/shop/fresh-food/all?department=Dairy%20Free%20%26%20Dairy%20Alternatives&viewAll=department&page=,£4.00,£3.04/100g,Any 3 for £10 Clubcard Price - Selected Nescafe Coffee Pods,,/groceries/en-GB/products/308118966,https://digitalcontent.api.tesco.com/v2/media/ghs/6912b91a-e68e-4b10-b5c1-3d07d10d2f51/66b14ed0-956a-4555-b42e-4fa50915299d_1669001989.jpeg?h=225&w=225,
309454715,Mighty Shake Chocolate 330Ml,https://www.tesco.com/groceries/en-GB/shop/fresh-food/all?department=Dairy%20Free%20%26%20Dairy%20Alternatives&viewAll=department&page=,£1.60,£0.48/100ml,,,/groceries/en-GB/products/309454715,https://digitalcontent.api.tesco.com/v2/media/ghs/a8e8fb85-65ce-425f-93d5-25cf64debad9/b427b815-ff87-4be1-b97f-d38d56ff1f59_1171902104.jpeg?h=225&w=225,
312208416,Over The Spoon Dreamy Chocolate Pots 4 X 60G,https://www.tesco.com/groceries/en-GB/shop/fresh-food/all?department=Dairy%20Free%20%26%20Dairy%20Alternatives&viewAll=department&page=,£3.00,£1.25/100g,,,/groceries/en-GB/products/312208416,https://digitalcontent.api.tesco.com/v2/media/ghs/446a86e3-7fd0-458c-a5ef-fb3a91e7edf0/bd026ee6-6986-4022-84e2-ffb3359c5f20.jpeg?h=225&w=225,
312563138,Over The Spoon Caramelly Chocolate Pots 4X60g,https://www.tesco.com/groceries/en-GB/shop/fresh-food/all?department=Dairy%20Free%20%26%20Dairy%20Alternatives&viewAll=department&page=,£3.00,£1.25/100g,,,/groceries/en-GB/products/312563138,https://digitalcontent.api.tesco.com/v2/media/ghs/32a0ad0a-7344-421e-9eaf-ce6f2ad557a6/0a7414b0-1125-4317-973c-64e78e6e5dff.jpeg?h=225&w=225,
310175451,Mighty M.Lkology Whole Uht Pea Protein Drink 1 Litre,https://www.tesco.com/groceries/en-GB/shop/fresh-food/all?department=Dairy%20Free%20%26%20Dairy%20Alternatives&viewAll=department&page=,£2.15,£2.15/litre,£1.25 Clubcard Price,,/groceries/en-GB/products/310175451,https://digitalcontent.api.tesco.com/v2/media/ghs/217f773e-0d99-47d9-856e-7601a8d1f8a1/497866c9-2c6d-4bcc-a26d-4427f4141de3_621898493.jpeg?h=225&w=225,
310098749,Mighty M.Lkology Semi Uht Pea Protein Drink 1 Litre,https://www.tesco.com/groceries/en-GB/shop/fresh-food/all?department=Dairy%20Free%20%26%20Dairy%20Alternatives&viewAll=department&page=,£2.15,£2.15/litre,£1.25 Clubcard Price,,/groceries/en-GB/products/310098749,https://digitalcontent.api.tesco.com/v2/media/ghs/0886771b-bd32-4a62-98c8-24e6d591a400/239060af-471a-4939-b908-6d1e2d17a11e_1736561200.jpeg?h=225&w=225,
303350536,The Vegetarian Butcher What The Cluck 160G,https://www.tesco.com/groceries/en-GB/shop/fresh-food/all?department=Chilled%20Vegetarian%20%26%20Vegan&viewAll=department&page=,£3.00,£18.75/kg,,,/groceries/en-GB/products/303350536,https://digitalcontent.api.tesco.com/v2/media/ghs/9a1ccc1a-2a2e-4f42-b8c1-71e391561194/1e0984aa-196e-414d-9f90-f5ce6d5c0cef.jpeg?h=225&w=225,
306819791,The Tofoo Co. Naked Xl Extra Firm Organic Tofu 450G,https://www.tesco.com/groceries/en-GB/shop/fresh-food/all?department=Chilled%20Vegetarian%20%26%20Vegan&viewAll=department&page=,£3.25,£7.23/kg,,,/groceries/en-GB/products/306819791,https://digitalcontent.api.tesco.com/v2/media/ghs/ea20f11e-af2d-469d-bf54-cf27af5518d5/11c7873d-82da-474d-84e3-19029672b024_688950870.jpeg?h=225&w=225,
266728037,Cauldron Foods Marinate Tofu 160G,https://www.tesco.com/groceries/en-GB/shop/fresh-food/all?department=Chilled%20Vegetarian%20%26%20Vegan&viewAll=department&page=,£2.50,£15.63/kg,,,/groceries/en-GB/products/266728037,https://digitalcontent.api.tesco.com/v2/media/ghs/63518eaa-67b8-4da4-a219-06f83218690d/107ae8a6-45b6-4d35-a723-6e5ca13f9f2d.jpeg?h=225&w=225,
308496275,Richmond Meat Free 8 Smoked Rashers 150G,https://www.tesco.com/groceries/en-GB/shop/fresh-food/all?department=Chilled%20Vegetarian%20%26%20Vegan&viewAll=department&page=,£2.70,£18.00/kg,,,/groceries/en-GB/products/308496275,https://digitalcontent.api.tesco.com/v2/media/ghs/bdb46676-62fe-4aa2-b94c-5bc508cc2cc3/c02c3c36-4ce9-45c1-aef3-657dc6511ecc.jpeg?h=225&w=225,
305734051,Beyond Burger Plant Based Patties 226G,https://www.tesco.com/groceries/en-GB/shop/fresh-food/all?department=Chilled%20Vegetarian%20%26%20Vegan&viewAll=department&page=,£4.30,£19.03/kg,,,/groceries/en-GB/products/305734051,https://digitalcontent.api.tesco.com/v2/media/ghs/6dc55347-0dce-43e2-a253-9c5333b390ca/d051321f-1ad5-4b2c-86e1-b66fce54d051.jpeg?h=225&w=225,
304786111,Quorn Mozzarella & Pesto Escalope 240G,https://www.tesco.com/groceries/en-GB/shop/fresh-food/all?department=Chilled%20Vegetarian%20%26%20Vegan&viewAll=department&page=,£3.00,£12.50/kg,,,/groceries/en-GB/products/304786111,https://digitalcontent.api.tesco.com/v2/media/ghs/53dea003-1f42-40f8-aa2c-8251254fcebf/e515db45-7433-498e-92d7-dcf2da7f6c4c.jpeg?h=225&w=225,
300743036,The Tofoo Co. Smoked Organic Tofu 225G,https://www.tesco.com/groceries/en-GB/shop/fresh-food/all?department=Chilled%20Vegetarian%20%26%20Vegan&viewAll=department&page=,£2.70,£12.00/kg,,,/groceries/en-GB/products/300743036,https://digitalcontent.api.tesco.com/v2/media/ghs/c33f76e8-ff3e-46c6-b81b-3ff358c8e988/c7281260-501f-4e8d-8c8e-6e8c7c27708c_1056019468.jpeg?h=225&w=225,
300544554,Vivera Shwarma Kebab 175G,https://www.tesco.com/groceries/en-GB/shop/fresh-food/all?department=Chilled%20Vegetarian%20%26%20Vegan&viewAll=department&page=,£2.60,£1.49/100g,,,/groceries/en-GB/products/300544554,https://digitalcontent.api.tesco.com/v2/media/ghs/81fe03f2-0cdb-4950-9e6f-764b32cff92c/98c6cde5-5309-446a-b8b9-97fe7b78e944.jpeg?h=225&w=225,
304381808,Richmond 8 Meat Free Sausages 336G,https://www.tesco.com/groceries/en-GB/shop/fresh-food/all?department=Chilled%20Vegetarian%20%26%20Vegan&viewAll=department&page=,£2.70,£8.04/kg,,,/groceries/en-GB/products/304381808,https://digitalcontent.api.tesco.com/v2/media/ghs/cad6012e-9dae-405d-a123-7ce1194234ad/ad6acd4e-3de8-4ada-b9e3-98784084e470.jpeg?h=225&w=225,
305968649,This Isn't Bacon Plant-Based Rashers 120G,https://www.tesco.com/groceries/en-GB/shop/fresh-food/all?department=Chilled%20Vegetarian%20%26%20Vegan&viewAll=department&page=,£3.00,£25.00/kg,,,/groceries/en-GB/products/305968649,https://digitalcontent.api.tesco.com/v2/media/ghs/cf0bd613-8cfb-412d-be25-e7a819b48e89/a4530e33-dec4-4f04-a2e3-7360e1ce4f44.jpeg?h=225&w=225,
307149464,Squeaky Bean Ready To Eat Deli Pastrami Sandwich Slice 90G,https://www.tesco.com/groceries/en-GB/shop/fresh-food/all?department=Chilled%20Vegetarian%20%26%20Vegan&viewAll=department&page=,£2.50,£27.78/kg,,,/groceries/en-GB/products/307149464,https://digitalcontent.api.tesco.com/v2/media/ghs/9fb6a1ff-ae9e-4209-9838-ed3bea22a456/9d65e377-1c54-473b-b4b6-5efa3db59758_1803428334.jpeg?h=225&w=225,
285363243,Violife Original Soft Cheese Dairy Alternative 200G,https://www.tesco.com/groceries/en-GB/shop/fresh-food/all?department=Chilled%20Vegetarian%20%26%20Vegan&viewAll=department&page=,£2.75,£13.75/kg,,,/groceries/en-GB/products/285363243,https://digitalcontent.api.tesco.com/v2/media/ghs/1a0b7a7c-64f9-405e-abff-60ed098d0e45/c5dac983-8967-4414-8ec4-b56bad8709d9.jpeg?h=225&w=225,
306946478,Pukka Vegan Chicken & Mushroom Pie,https://www.tesco.com/groceries/en-GB/shop/fresh-food/all?department=Chilled%20Vegetarian%20%26%20Vegan&viewAll=department&page=,£2.00,£2.00/each,,,/groceries/en-GB/products/306946478,https://digitalcontent.api.tesco.com/v2/media/ghs/50f773c8-5bfa-4be1-8315-fd13763620b8/8a4aa5a7-e2c9-4a38-a172-694f72f71f2b.jpeg?h=225&w=225,
285363364,Violife Original Sliced 200G,https://www.tesco.com/groceries/en-GB/shop/fresh-food/all?department=Chilled%20Vegetarian%20%26%20Vegan&viewAll=department&page=,£2.75,£13.75/kg,£2.00 Clubcard Price,,/groceries/en-GB/products/285363364,https://digitalcontent.api.tesco.com/v2/media/ghs/7bb04fb2-95cd-4e9c-aa24-ac7ae3da9124/84537faf-05f7-4de7-bf13-975ccfe98045.jpeg?h=225&w=225,
300544928,Quorn Vegan Chicken Free Slices 100G,https://www.tesco.com/groceries/en-GB/shop/fresh-food/all?department=Chilled%20Vegetarian%20%26%20Vegan&viewAll=department&page=,£2.40,£2.40/100g,,,/groceries/en-GB/products/300544928,https://digitalcontent.api.tesco.com/v2/media/ghs/0da8a2f4-ba96-492f-9f40-203a69193300/1aac496b-7446-4ba0-bfe2-c090760d8354.jpeg?h=225&w=225,
306947517,Pukka Vegan Minced Beef & Onion Pie,https://www.tesco.com/groceries/en-GB/shop/fresh-food/all?department=Chilled%20Vegetarian%20%26%20Vegan&viewAll=department&page=,£2.00,£2.00/each,,,/groceries/en-GB/products/306947517,https://digitalcontent.api.tesco.com/v2/media/ghs/8ccb7909-d289-4ded-af4c-5c8ed6c0d5e6/89ce6849-08e8-477e-ac50-ea72903ed644.jpeg?h=225&w=225,
305836512,Applewood Vegan Smoky Cheese Alternative 200G,https://www.tesco.com/groceries/en-GB/shop/fresh-food/all?department=Chilled%20Vegetarian%20%26%20Vegan&viewAll=department&page=,£2.30,£1.15/100g,,,/groceries/en-GB/products/305836512,https://digitalcontent.api.tesco.com/v2/media/ghs/72805a00-4792-4c34-99e5-4f8be8de1939/3af3bae4-a944-4c0a-b84e-c4040299fc22_709276889.jpeg?h=225&w=225,
294476706,The Tofoo Co Naked Tofu 280G,https://www.tesco.com/groceries/en-GB/shop/fresh-food/all?department=Chilled%20Vegetarian%20%26%20Vegan&viewAll=department&page=,£2.15,£7.68/kg,,,/groceries/en-GB/products/294476706,https://digitalcontent.api.tesco.com/v2/media/ghs/fc09f01b-8058-4a28-969a-fab1891145cc/718ac123-7574-4792-89e9-f305ea5048d0.jpeg?h=225&w=225,
305972822,Violife Vegan Epic Mature Cheddar Flavoured Block 200G,https://www.tesco.com/groceries/en-GB/shop/fresh-food/all?department=Chilled%20Vegetarian%20%26%20Vegan&viewAll=department&page=,£2.75,£0.00/null,£2.00 Clubcard Price,,/groceries/en-GB/products/305972822,https://digitalcontent.api.tesco.com/v2/media/ghs/b742a9bb-36fa-4bf0-8ea4-e21b3ddf0800/fb207e12-dab1-4b0e-9845-f4917e4be8c3_1605339625.jpeg?h=225&w=225,
300544940,Quorn Vegan Smoky Ham Free Slice 100G,https://www.tesco.com/groceries/en-GB/shop/fresh-food/all?department=Chilled%20Vegetarian%20%26%20Vegan&viewAll=department&page=,£2.40,£2.40/100g,,,/groceries/en-GB/products/300544940,https://digitalcontent.api.tesco.com/v2/media/ghs/78d69c80-d511-42dd-8c89-e6c787133672/1c581485-dfd9-428a-8fdf-e44034975ccf.jpeg?h=225&w=225,
266727466,Cauldron Foods Tofu 396G,https://www.tesco.com/groceries/en-GB/shop/fresh-food/all?department=Chilled%20Vegetarian%20%26%20Vegan&viewAll=department&page=,£2.50,£6.32/kg,,,/groceries/en-GB/products/266727466,https://digitalcontent.api.tesco.com/v2/media/ghs/0cf5eddb-f84d-46bc-a38c-fa6e4a2e4e28/0fa974d2-a050-49de-abc6-08167b46b48b.jpeg?h=225&w=225,
264789203,Quorn 3 Sausage Rolls 210G,https://www.tesco.com/groceries/en-GB/shop/fresh-food/all?department=Chilled%20Vegetarian%20%26%20Vegan&viewAll=department&page=,£2.75,£1.31/100g,,,/groceries/en-GB/products/264789203,https://digitalcontent.api.tesco.com/v2/media/ghs/16183ffd-d6ab-47fc-931b-be14029040e2/7fdcd696-4535-4100-8320-0114821fedd3.jpeg?h=225&w=225,
309167312,Philadelphia Plant-Based Almond & Oat Soft Cheese Alternative 150G,https://www.tesco.com/groceries/en-GB/shop/fresh-food/all?department=Chilled%20Vegetarian%20%26%20Vegan&viewAll=department&page=,£2.75,£18.34/kg,£2.00 Clubcard Price,,/groceries/en-GB/products/309167312,https://digitalcontent.api.tesco.com/v2/media/ghs/528b36fe-4b2d-4f10-9d43-a9338976f45a/2545982f-1b86-4b7f-a682-2ba928e7c351_95769117.jpeg?h=225&w=225,
302277589,Violife Original Flavour Grated 200G,https://www.tesco.com/groceries/en-GB/shop/fresh-food/all?department=Chilled%20Vegetarian%20%26%20Vegan&viewAll=department&page=,£2.75,£13.75/kg,£2.00 Clubcard Price,,/groceries/en-GB/products/302277589,https://digitalcontent.api.tesco.com/v2/media/ghs/7287feeb-e04b-4491-804d-0db2a09d5da9/4d27c447-762a-4053-8e63-0ca33b7b145f_221646741.jpeg?h=225&w=225,
266752278,Cauldron 6 Lincolnshire Sausages 276G,https://www.tesco.com/groceries/en-GB/shop/fresh-food/all?department=Chilled%20Vegetarian%20%26%20Vegan&viewAll=department&page=,£2.75,£9.97/kg,£2.00 Clubcard Price,,/groceries/en-GB/products/266752278,https://digitalcontent.api.tesco.com/v2/media/ghs/7b69d39f-3231-4236-a991-fc955b921ba3/db636c53-4f31-433b-ba9e-c54f1c61e1b1.jpeg?h=225&w=225,
313177882,Higgidy 8 Mini Muffins Cheddar & Spinach 160G,https://www.tesco.com/groceries/en-GB/shop/fresh-food/all?department=Chilled%20Vegetarian%20%26%20Vegan&viewAll=department&page=,£3.50,£2.19/100g,,New,/groceries/en-GB/products/313177882,https://digitalcontent.api.tesco.com/v2/media/ghs/56f85bba-176c-4d67-b438-c6262f9c28dc/771935b7-5aea-471b-b62e-b8808e56bfcd.jpeg?h=225&w=225,
304407930,Wicked Kitchen Spinach & Garlic Ravioli 250G,https://www.tesco.com/groceries/en-GB/shop/fresh-food/all?department=Chilled%20Vegetarian%20%26%20Vegan&viewAll=department&page=,£2.50,£1.00/100g,,,/groceries/en-GB/products/304407930,https://digitalcontent.api.tesco.com/v2/media/ghs/a081d37d-fcca-43b1-b86e-d5429babaa3c/b180697d-d473-49ac-9af7-fff070a03614.jpeg?h=225&w=225,
307136525,Richmond 2 Meat Free Burgers 170G,https://www.tesco.com/groceries/en-GB/shop/fresh-food/all?department=Chilled%20Vegetarian%20%26%20Vegan&viewAll=department&page=,£2.15,£12.65/kg,£1.65 Clubcard Price,,/groceries/en-GB/products/307136525,https://digitalcontent.api.tesco.com/v2/media/ghs/255411d6-d92e-46fe-8660-040ea4bc7b6c/9a9498b5-937f-4700-92db-ef7691265e50.jpeg?h=225&w=225,
311222918,Cauldron Smoky Bbq Tofu Block 220G,https://www.tesco.com/groceries/en-GB/shop/fresh-food/all?department=Chilled%20Vegetarian%20%26%20Vegan&viewAll=department&page=,£2.00,£9.10/kg,,New,/groceries/en-GB/products/311222918,https://digitalcontent.api.tesco.com/v2/media/ghs/74e3222e-be57-49fe-9952-bc37a4677fd3/42eb504b-4b5a-4a4a-b940-4936998ae38a.jpeg?h=225&w=225,
303543032,Vivera Veggie Greek Kebab 175G,https://www.tesco.com/groceries/en-GB/shop/fresh-food/all?department=Chilled%20Vegetarian%20%26%20Vegan&viewAll=department&page=,£2.60,£14.86/kg,£2.00 Clubcard Price,,/groceries/en-GB/products/303543032,https://digitalcontent.api.tesco.com/v2/media/ghs/2dd3eb70-cb1d-441a-9107-8044c7a702c9/14818a6a-5338-4b4c-8ba8-0064d42e75b0.jpeg?h=225&w=225,
274886712,Quorn Cocktail Sausages 180G,https://www.tesco.com/groceries/en-GB/shop/fresh-food/all?department=Chilled%20Vegetarian%20%26%20Vegan&viewAll=department&page=,£2.20,£12.23/kg,£1.75 Clubcard Price,,/groceries/en-GB/products/274886712,https://digitalcontent.api.tesco.com/v2/media/ghs/79da5585-3fdb-4ffb-bf37-690fa2335ab2/2e0efe10-922d-4279-85ed-af92cf4a2a83.jpeg?h=225&w=225,
312563714,Linda Mccartney Vegetarian Mini Sausage Rolls 168G,https://www.tesco.com/groceries/en-GB/shop/fresh-food/all?department=Chilled%20Vegetarian%20%26%20Vegan&viewAll=department&page=,£2.25,£1.34/100g,£1.75 Clubcard Price,,/groceries/en-GB/products/312563714,https://digitalcontent.api.tesco.com/v2/media/ghs/2de77953-2630-4dc8-8d5f-077ac5afc0a5/e1933a8b-df71-4dfa-9de6-c19eed8c69e6.jpeg?h=225&w=225,
259363109,Quorn Mince 350G,https://www.tesco.com/groceries/en-GB/shop/fresh-food/all?department=Chilled%20Vegetarian%20%26%20Vegan&viewAll=department&page=,£3.25,£9.29/kg,£2.00 Clubcard Price,,/groceries/en-GB/products/259363109,https://digitalcontent.api.tesco.com/v2/media/ghs/ca625206-a9c9-426d-8ef1-f2017fed5820/d0674b31-9598-4833-b707-9eb6fb7dec1d.jpeg?h=225&w=225,
304797910,Ginsters Vegan Quorn Pasty 180G,https://www.tesco.com/groceries/en-GB/shop/fresh-food/all?department=Chilled%20Vegetarian%20%26%20Vegan&viewAll=department&page=,£1.65,£0.92/100g,,,/groceries/en-GB/products/304797910,https://digitalcontent.api.tesco.com/v2/media/ghs/f24ce906-9dba-4a9e-a15f-703fc62e7a8e/fe217fd4-adc7-4a30-b80a-8c61a9883a91.jpeg?h=225&w=225,
304780273,Wall's Vegan Jumbo Roll 120G,https://www.tesco.com/groceries/en-GB/shop/fresh-food/all?department=Chilled%20Vegetarian%20%26%20Vegan&viewAll=department&page=,£1.25,£1.05/100g,,,/groceries/en-GB/products/304780273,https://digitalcontent.api.tesco.com/v2/media/ghs/f1000997-0bb2-42d1-a160-1a38f1543191/c0259276-fc15-4a3b-8cd5-1e991e23c1ba.jpeg?h=225&w=225,
310132519,Tesco Plant Chef 2 Meat Free Burgers 226G,https://www.tesco.com/groceries/en-GB/shop/fresh-food/all?department=Chilled%20Vegetarian%20%26%20Vegan&viewAll=department&page=,£1.55,£6.86/kg,,,/groceries/en-GB/products/310132519,https://digitalcontent.api.tesco.com/v2/media/ghs/56063d0f-23bd-4aae-b055-654858427d11/a6d82efa-cabf-4ac9-9d73-395a5eec2d55.jpeg?h=225&w=225,
286748743,Quorn Picnic Egg 180G,https://www.tesco.com/groceries/en-GB/shop/fresh-food/all?department=Chilled%20Vegetarian%20%26%20Vegan&viewAll=department&page=,£2.00,£1.12/100g,£1.75 Clubcard Price,,/groceries/en-GB/products/286748743,https://digitalcontent.api.tesco.com/v2/media/ghs/0fe75b46-05c4-464e-935e-03a0887190bc/6e94d808-03ae-49b6-aa45-36d9b73c45cb.jpeg?h=225&w=225,
266727804,Cauldron Falafel 200G,https://www.tesco.com/groceries/en-GB/shop/fresh-food/all?department=Chilled%20Vegetarian%20%26%20Vegan&viewAll=department&page=,£2.45,£1.23/100g,£1.75 Clubcard Price,,/groceries/en-GB/products/266727804,https://digitalcontent.api.tesco.com/v2/media/ghs/2f3c9b1f-4a6c-4ecf-9773-700e1511a4cb/78268cc6-a066-432d-ace9-901fcff8b356.jpeg?h=225&w=225,
304371423,Tesco Plant Chef Coleslaw 250G,https://www.tesco.com/groceries/en-GB/shop/fresh-food/all?department=Chilled%20Vegetarian%20%26%20Vegan&viewAll=department&page=,£1.00,£4.00/kg,,,/groceries/en-GB/products/304371423,https://digitalcontent.api.tesco.com/v2/media/ghs/b2bbf4db-c54f-4ea1-ba70-c716464b4af5/6f87149d-e24f-443b-9b87-9ab27769a843.jpeg?h=225&w=225,
302275621,Tesco Plant Chef 6 Cumberland Style Bangers 350G,https://www.tesco.com/groceries/en-GB/shop/fresh-food/all?department=Chilled%20Vegetarian%20%26%20Vegan&viewAll=department&page=,£2.15,£6.15/kg,,,/groceries/en-GB/products/302275621,https://digitalcontent.api.tesco.com/v2/media/ghs/4fbb4059-86d3-4478-b78b-58d6cbadd2eb/6d2956ab-a7b6-47da-b378-2612e7554065.jpeg?h=225&w=225,
307144291,Tesco Plant Chef 2 Meat Free Sausages Rolls 120G,https://www.tesco.com/groceries/en-GB/shop/fresh-food/all?department=Chilled%20Vegetarian%20%26%20Vegan&viewAll=department&page=,£0.75,£0.62/100g,,,/groceries/en-GB/products/307144291,https://digitalcontent.api.tesco.com/v2/media/ghs/ccea2c66-c47c-43ea-9841-48668d332ef6/3bd703ec-63c7-4923-a767-e1e7ccc9879e.jpeg?h=225&w=225,
251922538,Quorn 2 Peppered Steaks 196G,https://www.tesco.com/groceries/en-GB/shop/fresh-food/all?department=Chilled%20Vegetarian%20%26%20Vegan&viewAll=department&page=,£3.20,£16.33/kg,,,/groceries/en-GB/products/251922538,https://digitalcontent.api.tesco.com/v2/media/ghs/bc9b5276-b2f8-4a93-862d-20356052ab9e/681fcc2c-9351-4c81-8b4a-5ce945ebc39d_1497951570.jpeg?h=225&w=225,
258961100,Quorn Pieces 350G,https://www.tesco.com/groceries/en-GB/shop/fresh-food/all?department=Chilled%20Vegetarian%20%26%20Vegan&viewAll=department&page=,£3.25,£9.29/kg,,,/groceries/en-GB/products/258961100,https://digitalcontent.api.tesco.com/v2/media/ghs/37006d9b-4577-4600-af8b-f6fa62ab4593/f3f0e0ef-ad62-449f-8056-1bf27270c880.jpeg?h=225&w=225,
310188793,This Isn't Pork Plant-Based Sausages 230G,https://www.tesco.com/groceries/en-GB/shop/fresh-food/all?department=Chilled%20Vegetarian%20%26%20Vegan&viewAll=department&page=,£3.00,£13.05/kg,,,/groceries/en-GB/products/310188793,https://digitalcontent.api.tesco.com/v2/media/ghs/1e3117ce-c2aa-405d-88f4-bc338473e28f/ee4bacff-c0d1-47f7-9409-3495ea64f06c.jpeg?h=225&w=225,
306494659,Tesco Finest 4 Vintage Cheddar & Caramelised Onion Rolls 188G,https://www.tesco.com/groceries/en-GB/shop/fresh-food/all?department=Chilled%20Vegetarian%20%26%20Vegan&viewAll=department&page=,£2.50,£1.33/100g,,,/groceries/en-GB/products/306494659,https://digitalcontent.api.tesco.com/v2/media/ghs/37154a16-3065-45fa-ba1a-4edf3adde405/bef7d6f8-9a69-41ee-ae8d-d68316ec696a.jpeg?h=225&w=225,
309454243,Quorn Sweet Chilli Bites 180G,https://www.tesco.com/groceries/en-GB/shop/fresh-food/all?department=Chilled%20Vegetarian%20%26%20Vegan&viewAll=department&page=,£2.50,£1.39/100g,,,/groceries/en-GB/products/309454243,https://digitalcontent.api.tesco.com/v2/media/ghs/877ca06b-b410-4ebe-bcf7-f61605808bd2/8e0209a1-efca-484d-b19a-8adcc568a966.jpeg?h=225&w=225,
312085963,Quorn Vegan Finely Sliced Ham Style Slices 120G,https://www.tesco.com/groceries/en-GB/shop/fresh-food/all?department=Chilled%20Vegetarian%20%26%20Vegan&viewAll=department&page=,£3.00,£2.50/100g,,New,/groceries/en-GB/products/312085963,https://digitalcontent.api.tesco.com/v2/media/ghs/976be7df-89c0-4afc-9722-452b4fc3fd09/a6882d1a-6143-43ed-b6a8-75fc9a669bdd.jpeg?h=225&w=225,
305975992,Squeaky Bean Ready To Eat Chicken Style Pieces Tikka 160G,https://www.tesco.com/groceries/en-GB/shop/fresh-food/all?department=Chilled%20Vegetarian%20%26%20Vegan&viewAll=department&page=,£3.00,£18.75/kg,,,/groceries/en-GB/products/305975992,https://digitalcontent.api.tesco.com/v2/media/ghs/722989ca-9a1c-4cde-921c-7373aa977521/a009ddcc-b8ad-4592-94ca-e2fa53b4a2b9.jpeg?h=225&w=225,
304403024,Vivera Veggie Bacon Pieces 175G,https://www.tesco.com/groceries/en-GB/shop/fresh-food/all?department=Chilled%20Vegetarian%20%26%20Vegan&viewAll=department&page=,£3.15,£18.00/kg,£2.50 Clubcard Price,,/groceries/en-GB/products/304403024,https://digitalcontent.api.tesco.com/v2/media/ghs/0d1b79bd-d2da-4a65-8dcb-07c386e261b6/bafbfa49-fd24-4c3f-b29e-1c091dd3ac29.jpeg?h=225&w=225,
310176997,Richmond Meat Free Vegan No Beef Mince 245G,https://www.tesco.com/groceries/en-GB/shop/fresh-food/all?department=Chilled%20Vegetarian%20%26%20Vegan&viewAll=department&page=,£2.50,£10.21/kg,,,/groceries/en-GB/products/310176997,https://digitalcontent.api.tesco.com/v2/media/ghs/670c7aec-682f-43ad-8e32-af96fa8f5468/ee3641e2-0802-47cc-a009-22e345a7fe38.jpeg?h=225&w=225,
303543019,Vivera Veggie Mince 220G,https://www.tesco.com/groceries/en-GB/shop/fresh-food/all?department=Chilled%20Vegetarian%20%26%20Vegan&viewAll=department&page=,£2.60,£11.82/kg,,,/groceries/en-GB/products/303543019,https://digitalcontent.api.tesco.com/v2/media/ghs/3a65462b-a7ea-4483-b041-4c80ab2767a9/19e7e9b3-9faf-4922-af81-3303acc14dfe.jpeg?h=225&w=225,
303969755,Tofoo Co Tempeh 200G,https://www.tesco.com/groceries/en-GB/shop/fresh-food/all?department=Chilled%20Vegetarian%20%26%20Vegan&viewAll=department&page=,£2.75,£13.75/kg,,,/groceries/en-GB/products/303969755,https://digitalcontent.api.tesco.com/v2/media/ghs/acc64dfa-e8c8-4d59-9948-570429c72966/ee27d1e3-613f-4f3c-8d2b-8eab1ec9dfd3.jpeg?h=225&w=225,
258292396,Quorn 2 Cheese Escalopes 220G,https://www.tesco.com/groceries/en-GB/shop/fresh-food/all?department=Chilled%20Vegetarian%20%26%20Vegan&viewAll=department&page=,£3.00,£13.64/kg,£2.00 Clubcard Price,,/groceries/en-GB/products/258292396,https://digitalcontent.api.tesco.com/v2/media/ghs/cb3235c2-931d-46e1-a825-3d8d74389a06/5fe84adf-d70d-452b-931f-20424cf475f0_1774495566.jpeg?h=225&w=225,
308462603,This Isn't Bacon Plant Based Lardons 120G,https://www.tesco.com/groceries/en-GB/shop/fresh-food/all?department=Chilled%20Vegetarian%20%26%20Vegan&viewAll=department&page=,£3.00,£25.00/kg,,,/groceries/en-GB/products/308462603,https://digitalcontent.api.tesco.com/v2/media/ghs/1f5597a8-590d-4c46-a343-6d0bb5724e55/4cf3a7a8-e8b6-4dd1-82af-a3c7fe676e89.jpeg?h=225&w=225,
313005539,The Meatless Farm Plant Based Mince 350G,https://www.tesco.com/groceries/en-GB/shop/fresh-food/all?department=Chilled%20Vegetarian%20%26%20Vegan&viewAll=department&page=,£3.00,£8.58/kg,,New,/groceries/en-GB/products/313005539,https://digitalcontent.api.tesco.com/v2/media/ghs/edc6b8e9-8cd6-48f7-8d8e-60dd21627c36/da4e1f29-468e-4441-a6fd-8eeb241bbe67.jpeg?h=225&w=225,
311799293,Vegetarian Butcher Vegan Impeckable Chicken Breast 180G,https://www.tesco.com/groceries/en-GB/shop/fresh-food/all?department=Chilled%20Vegetarian%20%26%20Vegan&viewAll=department&page=,£3.00,£16.67/kg,£2.50 Clubcard Price,,/groceries/en-GB/products/311799293,https://digitalcontent.api.tesco.com/v2/media/ghs/a04801bc-2fb2-4c90-89d1-54f7435b74fe/f6437526-236d-4d41-8d47-aaae6b1370a5.jpeg?h=225&w=225,
309452216,Higgidy Porcini Mushroom & Spinach Vegan Rolls 160G,https://www.tesco.com/groceries/en-GB/shop/fresh-food/all?department=Chilled%20Vegetarian%20%26%20Vegan&viewAll=department&page=,£3.10,£1.94/100g,,,/groceries/en-GB/products/309452216,https://digitalcontent.api.tesco.com/v2/media/ghs/ca5f46d6-479e-48d0-bf43-4aef6fc5a28d/71cfc656-e550-4a2d-b16d-a83e3d2b79d7.jpeg?h=225&w=225,
308850419,Quorn Vegan Pepperoni Slices 100G,https://www.tesco.com/groceries/en-GB/shop/fresh-food/all?department=Chilled%20Vegetarian%20%26%20Vegan&viewAll=department&page=,£2.40,£2.40/100g,,,/groceries/en-GB/products/308850419,https://digitalcontent.api.tesco.com/v2/media/ghs/41356dd6-94b7-4801-b915-0f21aaf27d90/e8057930-74ae-4e3b-9aed-1ceb3013249c_1776734812.jpeg?h=225&w=225,
311268207,Richmond 8 Back Bacon Meat Free Rashers 150G,https://www.tesco.com/groceries/en-GB/shop/fresh-food/all?department=Chilled%20Vegetarian%20%26%20Vegan&viewAll=department&page=,£2.70,£18.00/kg,,,/groceries/en-GB/products/311268207,https://digitalcontent.api.tesco.com/v2/media/ghs/ac7f6e0a-d944-412d-9f5a-cb5885ff4c11/ca1e6e00-e934-4b43-ba27-6cd07e12c55b.jpeg?h=225&w=225,
297661822,Quorn Spinach And Red Pepper Slices 100G,https://www.tesco.com/groceries/en-GB/shop/fresh-food/all?department=Chilled%20Vegetarian%20%26%20Vegan&viewAll=department&page=,£2.40,£24.00/kg,,,/groceries/en-GB/products/297661822,https://digitalcontent.api.tesco.com/v2/media/ghs/905dca7d-961b-4d5e-b10d-4d6c25711511/80f41422-5f93-4b05-a402-d5cde1ff269c.jpeg?h=225&w=225,
311267024,Heck Meat Free 8 Chipolatas 300G,https://www.tesco.com/groceries/en-GB/shop/fresh-food/all?department=Chilled%20Vegetarian%20%26%20Vegan&viewAll=department&page=,£2.00,£6.67/kg,,,/groceries/en-GB/products/311267024,https://digitalcontent.api.tesco.com/v2/media/ghs/0fca2915-fc90-481a-8722-7ceb4d6f2607/b5fd8ef2-94f6-4a9b-b3c5-f5023821fd1f.jpeg?h=225&w=225,
310147341,Richmond 12 Meat Free Meatballs 264G,https://www.tesco.com/groceries/en-GB/shop/fresh-food/all?department=Chilled%20Vegetarian%20%26%20Vegan&viewAll=department&page=,£2.50,£9.47/kg,,,/groceries/en-GB/products/310147341,https://digitalcontent.api.tesco.com/v2/media/ghs/514f3189-bc52-4070-a51e-93a5bfc2ecac/6cb5c408-ffda-40bc-ac1e-b2e51474b24c.jpeg?h=225&w=225,
267265296,Quorn Bacon Style Rashers 120G,https://www.tesco.com/groceries/en-GB/shop/fresh-food/all?department=Chilled%20Vegetarian%20%26%20Vegan&viewAll=department&page=,£2.20,£18.34/kg,,,/groceries/en-GB/products/267265296,https://digitalcontent.api.tesco.com/v2/media/ghs/7fbdcc19-7122-4305-8467-6e888deba7de/710787b4-2cba-4a7e-a4e4-eed0f33c6d6a.jpeg?h=225&w=225,
304411475,Tesco Plant Chef Margherita Pizza 269G,https://www.tesco.com/groceries/en-GB/shop/fresh-food/all?department=Chilled%20Vegetarian%20%26%20Vegan&viewAll=department&page=,£3.15,£1.18/100g,,,/groceries/en-GB/products/304411475,https://digitalcontent.api.tesco.com/v2/media/ghs/7cf50668-74f9-4f39-91cb-3888667703a7/d6e2b605-ff6c-4348-a79c-5a50fd68b7e4.jpeg?h=225&w=225,
305980518,Gosh Veggie Cocktail Sausages Sage & Black Pepper 240G,https://www.tesco.com/groceries/en-GB/shop/fresh-food/all?department=Chilled%20Vegetarian%20%26%20Vegan&viewAll=department&page=,£2.00,£0.83/100g,,,/groceries/en-GB/products/305980518,https://digitalcontent.api.tesco.com/v2/media/ghs/35daebb3-8e29-42ef-bd56-e856d814a6a3/83edc326-1ac6-4bbe-b519-da2a9623bac2.jpeg?h=225&w=225,
310190288,Bol Sweet Potato Katsu Curry Power Pot 450G,https://www.tesco.com/groceries/en-GB/shop/fresh-food/all?department=Chilled%20Vegetarian%20%26%20Vegan&viewAll=department&page=,£2.70,£6.00/kg,£2.20 Clubcard Price,,/groceries/en-GB/products/310190288,https://digitalcontent.api.tesco.com/v2/media/ghs/d6493f18-c099-41c2-a0cd-51a83c37adfc/f0bd94f9-52f5-44d4-9a1a-9fe7edd9294e.jpeg?h=225&w=225,
309209569,Bol Spanish Smoky Butter Bean Stew Power Pot 450G,https://www.tesco.com/groceries/en-GB/shop/fresh-food/all?department=Chilled%20Vegetarian%20%26%20Vegan&viewAll=department&page=,£2.70,£6.00/kg,£2.20 Clubcard Price,,/groceries/en-GB/products/309209569,https://digitalcontent.api.tesco.com/v2/media/ghs/528ba50b-7590-4235-a3f3-9151f1d1421c/43db39b3-7032-4391-bf9f-81c870ff7e0a.jpeg?h=225&w=225,
309206774,Bol Creamy Coconut Turmeric Daal Power Pot 450G,https://www.tesco.com/groceries/en-GB/shop/fresh-food/all?department=Chilled%20Vegetarian%20%26%20Vegan&viewAll=department&page=,£2.70,£6.00/kg,£2.20 Clubcard Price,,/groceries/en-GB/products/309206774,https://digitalcontent.api.tesco.com/v2/media/ghs/38b299a4-8581-46f6-b414-51342e70a3fd/c9cfd6f2-86fd-44fc-af00-4521709a3f9b.jpeg?h=225&w=225,
310161784,Wicked Kitchen 12 Italian Inspired Amazeballs 336G,https://www.tesco.com/groceries/en-GB/shop/fresh-food/all?department=Chilled%20Vegetarian%20%26%20Vegan&viewAll=department&page=,£2.75,£8.19/kg,,,/groceries/en-GB/products/310161784,https://digitalcontent.api.tesco.com/v2/media/ghs/77ddce3d-ffbe-4e22-86cb-e5baa2e43ec7/341661bc-49f5-4eef-8877-ce3638c79cdd.jpeg?h=225&w=225,
310700268,Tesco Plant Chef Meat Free Mince 300G,https://www.tesco.com/groceries/en-GB/shop/fresh-food/all?department=Chilled%20Vegetarian%20%26%20Vegan&viewAll=department&page=,£1.95,£6.50/kg,,,/groceries/en-GB/products/310700268,https://digitalcontent.api.tesco.com/v2/media/ghs/b8261702-5737-4755-8196-0fe40b96f083/f0f0a6d9-c7a3-438a-a0e0-423b0ce1875f.jpeg?h=225&w=225,
311786193,Squeaky Bean Applewood Smoked Ham Style Slices 80G,https://www.tesco.com/groceries/en-GB/shop/fresh-food/all?department=Chilled%20Vegetarian%20%26%20Vegan&viewAll=department&page=,£2.00,£2.50/100g,,,/groceries/en-GB/products/311786193,https://digitalcontent.api.tesco.com/v2/media/ghs/92758226-b371-4358-853b-7485e7c9c463/97770a39-0d55-4e8b-8d83-33c726bca70c.jpeg?h=225&w=225,
309745671,Ginster Pasty Bombay Potato & Spinach 180G,https://www.tesco.com/groceries/en-GB/shop/fresh-food/all?department=Chilled%20Vegetarian%20%26%20Vegan&viewAll=department&page=,£1.65,£0.92/100g,,,/groceries/en-GB/products/309745671,https://digitalcontent.api.tesco.com/v2/media/ghs/eb94a563-b829-404f-b813-a5c0d3204f25/7d009d2e-afb3-4864-8a81-d4e27a3538fd.jpeg?h=225&w=225,
303646705,Vivera Veggie Steak 200G,https://www.tesco.com/groceries/en-GB/shop/fresh-food/all?department=Chilled%20Vegetarian%20%26%20Vegan&viewAll=department&page=,£3.00,£15.00/kg,£2.50 Clubcard Price,,/groceries/en-GB/products/303646705,https://digitalcontent.api.tesco.com/v2/media/ghs/66c47765-ad7c-4211-bc65-eeacae6ebc69/f1e89f46-ae41-4d85-a93f-a92544ee069f.jpeg?h=225&w=225,
311681610,Quorn Sweet Chilli Mini Fillets 138G,https://www.tesco.com/groceries/en-GB/shop/fresh-food/all?department=Chilled%20Vegetarian%20%26%20Vegan&viewAll=department&page=,£2.75,£2.00/100g,£1.75 Clubcard Price,,/groceries/en-GB/products/311681610,https://digitalcontent.api.tesco.com/v2/media/ghs/8715bb87-22cb-4984-bca0-7138735ed2f8/6a5f0861-2ee0-43a5-864c-5c00c42e1473.jpeg?h=225&w=225,
311689057,Peperami Vegerami Sticks 3 X 20G,https://www.tesco.com/groceries/en-GB/shop/fresh-food/all?department=Chilled%20Vegetarian%20%26%20Vegan&viewAll=department&page=,£1.50,£2.50/100g,£1.25 Clubcard Price,,/groceries/en-GB/products/311689057,https://digitalcontent.api.tesco.com/v2/media/ghs/7b1e40c4-44bc-451a-bbe9-e46fa527fe5b/580fd897-4698-41e5-8486-87727b2d70e3.jpeg?h=225&w=225,
310668830,Rustlers Meatless Maverik Classic Burger 196G,https://www.tesco.com/groceries/en-GB/shop/fresh-food/all?department=Chilled%20Vegetarian%20%26%20Vegan&viewAll=department&page=,£2.00,£10.21/kg,£1.50 Clubcard Price,,/groceries/en-GB/products/310668830,https://digitalcontent.api.tesco.com/v2/media/ghs/8b8bb083-afec-4775-b5cf-b74875988f8d/a0f3fb4c-18b8-49d2-944a-e8ebe4ffee6b.jpeg?h=225&w=225,
311798979,Fridge Raiders Meat Free Slow Roasted Bites 65G,https://www.tesco.com/groceries/en-GB/shop/fresh-food/all?department=Chilled%20Vegetarian%20%26%20Vegan&viewAll=department&page=,£1.25,£1.93/100g,,,/groceries/en-GB/products/311798979,https://digitalcontent.api.tesco.com/v2/media/ghs/f5cbed51-ecd7-4513-a00b-e70e48c56aa6/88a7c6ed-86fe-4d08-b693-4d8b01273e57.jpeg?h=225&w=225,
306807125,Tesco Plant Chef Caramelised Onion Meat Free Bangers 350G,https://www.tesco.com/groceries/en-GB/shop/fresh-food/all?department=Chilled%20Vegetarian%20%26%20Vegan&viewAll=department&page=,£2.15,£6.15/kg,,,/groceries/en-GB/products/306807125,https://digitalcontent.api.tesco.com/v2/media/ghs/d55f83ab-4024-4cd9-8902-963720d27151/e8484286-4702-49a6-aea1-53355516f607.jpeg?h=225&w=225,
304390901,Linda Mccartney Vegetable Hoisin Duck Meal Kit 350G,https://www.tesco.com/groceries/en-GB/shop/fresh-food/all?department=Chilled%20Vegetarian%20%26%20Vegan&viewAll=department&page=,£5.00,£14.29/kg,,,/groceries/en-GB/products/304390901,https://digitalcontent.api.tesco.com/v2/media/ghs/99075f02-acf6-48e0-9d64-cb685ab7508f/f829b47c-f03d-4be3-9503-ed95b92686b4.jpeg?h=225&w=225,
311210307,The Tofoo Co. Sriracha Tofu 280G,https://www.tesco.com/groceries/en-GB/shop/fresh-food/all?department=Chilled%20Vegetarian%20%26%20Vegan&viewAll=department&page=,£2.85,£10.18/kg,,,/groceries/en-GB/products/311210307,https://digitalcontent.api.tesco.com/v2/media/ghs/07721823-dadd-4986-86ed-621444add2c4/d3b2b52c-b791-4a59-86d6-9354eec02562_330522089.jpeg?h=225&w=225,
309763159,Vivera Plant Chicken Breast 180G,https://www.tesco.com/groceries/en-GB/shop/fresh-food/all?department=Chilled%20Vegetarian%20%26%20Vegan&viewAll=department&page=,£3.00,£16.67/kg,,,/groceries/en-GB/products/309763159,https://digitalcontent.api.tesco.com/v2/media/ghs/f0b1d4f1-4b42-498a-bf2e-08710fe0dfea/be794027-6ebb-45b8-9ec0-a4a0406a766b.jpeg?h=225&w=225,
308853596,The Tofoo Co. Organic Tofu Teriyaki 280G,https://www.tesco.com/groceries/en-GB/shop/fresh-food/all?department=Chilled%20Vegetarian%20%26%20Vegan&viewAll=department&page=,£2.90,£10.36/kg,,,/groceries/en-GB/products/308853596,https://digitalcontent.api.tesco.com/v2/media/ghs/616da775-3c42-47eb-b7b1-c1a30acd0907/ce843a5d-9796-45a2-becc-d91272c5a8f4_1905665849.jpeg?h=225&w=225,
305834877,Squeaky Bean Ready To Eat Chicken Syle Pieces Bbq 160G,https://www.tesco.com/groceries/en-GB/shop/fresh-food/all?department=Chilled%20Vegetarian%20%26%20Vegan&viewAll=department&page=,£3.00,£18.75/kg,,,/groceries/en-GB/products/305834877,https://digitalcontent.api.tesco.com/v2/media/ghs/8a5eb9ac-e6ed-4dfb-ade0-091bf11a01a0/41a052b7-e3ca-4364-84d7-b335a176fdde.jpeg?h=225&w=225,
311422866,Cauldron Hoisin Tofu Pieces 160G,https://www.tesco.com/groceries/en-GB/shop/fresh-food/all?department=Chilled%20Vegetarian%20%26%20Vegan&viewAll=department&page=,£2.50,£15.63/kg,,,/groceries/en-GB/products/311422866,https://digitalcontent.api.tesco.com/v2/media/ghs/78d275c8-384c-4b8a-9212-075bc1642c3c/ebc1bfb2-c29e-4494-9849-8b7c3db4c8a1_1960931308.jpeg?h=225&w=225,
312346505,Quorn Vegan Roast Beef Style Slices 105G,https://www.tesco.com/groceries/en-GB/shop/fresh-food/all?department=Chilled%20Vegetarian%20%26%20Vegan&viewAll=department&page=,£3.00,£2.86/100g,,,/groceries/en-GB/products/312346505,https://digitalcontent.api.tesco.com/v2/media/ghs/9b0a41d0-b514-4b6d-a5c8-3164bd34f518/b37686c7-41fd-420f-8a89-b2ea5e8ef1f5.jpeg?h=225&w=225,
306649450,Gu Free From Salted Caramel Cheesecake 2 X 83G,https://www.tesco.com/groceries/en-GB/shop/fresh-food/all?department=Chilled%20Vegetarian%20%26%20Vegan&viewAll=department&page=,£3.85,£2.32/100g,,,/groceries/en-GB/products/306649450,https://digitalcontent.api.tesco.com/v2/media/ghs/b3da3ea4-91de-45b9-9c0a-fc36b90b49d5/d1952441-7571-46f3-89d0-831042eb24e0.jpeg?h=225&w=225,
309172674,Bol Posh Noodles Korean Chilli Ramen 345G,https://www.tesco.com/groceries/en-GB/shop/fresh-food/all?department=Chilled%20Vegetarian%20%26%20Vegan&viewAll=department&page=,£3.25,£9.43/kg,£2.75 Clubcard Price,,/groceries/en-GB/products/309172674,https://digitalcontent.api.tesco.com/v2/media/ghs/0a3c68d9-d12c-4e5e-8e97-b18769b1f582/f0917500-3da5-42ba-b5d5-e52755168f7e.jpeg?h=225&w=225,
312347723,Quorn Vegan Yorkshire Ham Style Slices 105G,https://www.tesco.com/groceries/en-GB/shop/fresh-food/all?department=Chilled%20Vegetarian%20%26%20Vegan&viewAll=department&page=,£3.00,£2.86/100g,,New,/groceries/en-GB/products/312347723,https://digitalcontent.api.tesco.com/v2/media/ghs/914593b1-1e8c-480b-9e93-54f00da05f37/5ed5b4c3-f7a1-465f-955e-b191a0e49731.jpeg?h=225&w=225,
308490051,Higgidy Mini No-Pork Pies 4 Pack 176G,https://www.tesco.com/groceries/en-GB/shop/fresh-food/all?department=Chilled%20Vegetarian%20%26%20Vegan&viewAll=department&page=,£3.10,£1.77/100g,,,/groceries/en-GB/products/308490051,https://digitalcontent.api.tesco.com/v2/media/ghs/72b2fbad-854f-4c2b-b8ae-6613191b18fa/de38664b-dcab-4691-a29d-f8239e49be44.jpeg?h=225&w=225,
308845744,Squeaky Bean Chargrilled Mini Fillets Memphis Bbq 120G,https://www.tesco.com/groceries/en-GB/shop/fresh-food/all?department=Chilled%20Vegetarian%20%26%20Vegan&viewAll=department&page=,£3.00,£2.50/100g,,,/groceries/en-GB/products/308845744,https://digitalcontent.api.tesco.com/v2/media/ghs/083cf13d-de9b-4105-b7e9-18035d4a6064/fe312cdf-7f07-4ba8-85f7-9d9f69e138e7.jpeg?h=225&w=225,
294237380,Bol Thai Coconut Curry 345G,https://www.tesco.com/groceries/en-GB/shop/fresh-food/all?department=Chilled%20Vegetarian%20%26%20Vegan&viewAll=department&page=,£3.25,£9.43/kg,£2.75 Clubcard Price,,/groceries/en-GB/products/294237380,https://digitalcontent.api.tesco.com/v2/media/ghs/8305303e-c18a-47e1-ba14-92c5e7a47538/85aef8bb-b677-4838-87db-473d6d627aab.jpeg?h=225&w=225,
307156582,Tesco Plant Chef Mushroom Fettuccine Pasta 400G,https://www.tesco.com/groceries/en-GB/shop/fresh-food/all?department=Chilled%20Vegetarian%20%26%20Vegan&viewAll=department&page=,£3.00,£7.50/kg,,,/groceries/en-GB/products/307156582,https://digitalcontent.api.tesco.com/v2/media/ghs/f2f03111-34c9-4e6c-a9e8-b6c2ceebaafc/06e98be1-c513-4be9-84f4-d6070deaf941.jpeg?h=225&w=225,
308117627,Violife Smoky Cheddar Flavour Slices 200G,https://www.tesco.com/groceries/en-GB/shop/fresh-food/all?department=Chilled%20Vegetarian%20%26%20Vegan&viewAll=department&page=,£2.80,£14.00/kg,,,/groceries/en-GB/products/308117627,https://digitalcontent.api.tesco.com/v2/media/ghs/b8be491a-b067-43ee-9105-d1d1f75ccee2/26b646fd-2ff7-4bdf-a459-157b791c04b6_374987141.jpeg?h=225&w=225,
266749507,Quorn Roast Style Sliced Fillets 140G,https://www.tesco.com/groceries/en-GB/shop/fresh-food/all?department=Chilled%20Vegetarian%20%26%20Vegan&viewAll=department&page=,£2.75,£19.65/kg,,,/groceries/en-GB/products/266749507,https://digitalcontent.api.tesco.com/v2/media/ghs/c7f573ce-6631-48cf-bb79-7f3af2d2e256/31f52246-17e2-49db-b7a4-553586fecd65.jpeg?h=225&w=225,
309197459,Sheese Grated Mature Cheddar 200G,https://www.tesco.com/groceries/en-GB/shop/fresh-food/all?department=Chilled%20Vegetarian%20%26%20Vegan&viewAll=department&page=,£2.50,£12.50/kg,,,/groceries/en-GB/products/309197459,https://digitalcontent.api.tesco.com/v2/media/ghs/68624733-186f-43d3-8f3a-244e175afdc1/2b9317e7-941e-4a46-93e8-9aefcc810be4_1088361167.jpeg?h=225&w=225,
309497670,Soulful One Pot Sweet Potato Tika Wit Cauliflower & Rice 380G,https://www.tesco.com/groceries/en-GB/shop/fresh-food/all?department=Chilled%20Vegetarian%20%26%20Vegan&viewAll=department&page=,£2.50,£6.58/kg,,,/groceries/en-GB/products/309497670,https://digitalcontent.api.tesco.com/v2/media/ghs/f6f40dc1-4508-4e5f-97a0-c71d66304c4e/1ea87d46-85cd-4051-946e-8aabf81e25c9.jpeg?h=225&w=225,
309191432,Bol Sweet Potato Cauli-Daal Power Soup 600G,https://www.tesco.com/groceries/en-GB/shop/fresh-food/all?department=Chilled%20Vegetarian%20%26%20Vegan&viewAll=department&page=,£3.00,£0.50/100g,£2.50 Clubcard Price,,/groceries/en-GB/products/309191432,https://digitalcontent.api.tesco.com/v2/media/ghs/799ef110-df97-40fc-b27d-b2041b223772/2d15db05-f4f0-46ed-8913-27252481933c.jpeg?h=225&w=225,
310116539,Squeaky Bean Spanish Chorizo Style Slices 90G,https://www.tesco.com/groceries/en-GB/shop/fresh-food/all?department=Chilled%20Vegetarian%20%26%20Vegan&viewAll=department&page=,£2.50,£2.78/100g,,,/groceries/en-GB/products/310116539,https://digitalcontent.api.tesco.com/v2/media/ghs/fe027103-aa30-4cd4-80a4-b12d64fcec0a/fbf51000-b37f-4932-91f2-11e25963e0a8.jpeg?h=225&w=225,
310148927,Quorn Garlic & Herb Bites 180G,https://www.tesco.com/groceries/en-GB/shop/fresh-food/all?department=Chilled%20Vegetarian%20%26%20Vegan&viewAll=department&page=,£2.50,£1.39/100g,,,/groceries/en-GB/products/310148927,https://digitalcontent.api.tesco.com/v2/media/ghs/539eab76-4a55-4230-951a-5e0274bd762a/88bf0043-ddc8-43f7-9693-24b38b313398.jpeg?h=225&w=225,
309160319,Bol Creamy Corn & Sweet Potato Power Soup 600G,https://www.tesco.com/groceries/en-GB/shop/fresh-food/all?department=Chilled%20Vegetarian%20%26%20Vegan&viewAll=department&page=,£3.00,£0.50/100g,£2.50 Clubcard Price,,/groceries/en-GB/products/309160319,https://digitalcontent.api.tesco.com/v2/media/ghs/e0050a3c-3c3a-4f42-b4fc-d2e1818dff59/3514c620-d638-45f8-9e5c-c24a7e626ded.jpeg?h=225&w=225,
310104867,Wicked Kitchen Gunpowder Chickpea Jalfrezi 400G,https://www.tesco.com/groceries/en-GB/shop/fresh-food/all?department=Chilled%20Vegetarian%20%26%20Vegan&viewAll=department&page=,£3.50,£8.75/kg,,,/groceries/en-GB/products/310104867,https://digitalcontent.api.tesco.com/v2/media/ghs/ab66a257-5cae-4b43-80d0-33883ec88733/0574d5dc-a5bb-49a9-9a3b-629035ffcbe6.jpeg?h=225&w=225,
309181997,Bol Roasted Red Pepper & Tomato Power Soup 600G,https://www.tesco.com/groceries/en-GB/shop/fresh-food/all?department=Chilled%20Vegetarian%20%26%20Vegan&viewAll=department&page=,£3.00,£0.50/100g,£2.50 Clubcard Price,,/groceries/en-GB/products/309181997,https://digitalcontent.api.tesco.com/v2/media/ghs/401795b6-9b73-48af-b482-6d1112dbff29/f71a7efe-3348-4b65-bc1a-14732eb4819c.jpeg?h=225&w=225,
304385509,Wicked Kitchen 2 Jalapeno Griller Patties 226G,https://www.tesco.com/groceries/en-GB/shop/fresh-food/all?department=Chilled%20Vegetarian%20%26%20Vegan&viewAll=department&page=,£2.60,£1.16/100g,,,/groceries/en-GB/products/304385509,https://digitalcontent.api.tesco.com/v2/media/ghs/c709b73a-68b1-4625-932c-73dfeaccb383/b7d975f5-b82b-4c2b-b934-b702d920030e.jpeg?h=225&w=225,
309186151,Bol Piri Piri Sweet Potato & Coconut Power Pot 450G,https://www.tesco.com/groceries/en-GB/shop/fresh-food/all?department=Chilled%20Vegetarian%20%26%20Vegan&viewAll=department&page=,£2.70,£6.00/kg,£2.20 Clubcard Price,,/groceries/en-GB/products/309186151,https://digitalcontent.api.tesco.com/v2/media/ghs/c53aec9d-358e-4fcb-99d4-3a7fd9b97b81/e59c1b02-50da-4b2e-a166-cbe89792104f.jpeg?h=225&w=225,
312717205,Squeaky Bean Potato & Onion Tortilla 250G,https://www.tesco.com/groceries/en-GB/shop/fresh-food/all?department=Chilled%20Vegetarian%20%26%20Vegan&viewAll=department&page=,£2.00,£0.80/100g,,,/groceries/en-GB/products/312717205,https://digitalcontent.api.tesco.com/v2/media/ghs/b101b631-f0d9-4cce-be8a-3e05db7ac3d2/6a93bcad-97e9-4af2-aa10-d6322de1b319_705483070.jpeg?h=225&w=225,
304377152,Tesco Plant Chef Mushroom Pizza 289G,https://www.tesco.com/groceries/en-GB/shop/fresh-food/all?department=Chilled%20Vegetarian%20%26%20Vegan&viewAll=department&page=,£3.15,£1.09/100g,,,/groceries/en-GB/products/304377152,https://digitalcontent.api.tesco.com/v2/media/ghs/8ac25bdb-50d4-4bff-abbc-7444f1a81d45/e993f3cd-3e9a-406e-8a93-5300496b3e9c.jpeg?h=225&w=225,
311276451,Quorn Jerk Mini Fillets 138G,https://www.tesco.com/groceries/en-GB/shop/fresh-food/all?department=Chilled%20Vegetarian%20%26%20Vegan&viewAll=department&page=,£2.75,£2.00/100g,£1.75 Clubcard Price,,/groceries/en-GB/products/311276451,https://digitalcontent.api.tesco.com/v2/media/ghs/ee16c3dc-936b-43fe-ad3b-f7f153982c20/10e55f18-9ede-476c-ae5f-35b9266911dc.jpeg?h=225&w=225,
308091356,Tesco Plant Chef 2 Garlic Kievs 260G,https://www.tesco.com/groceries/en-GB/shop/fresh-food/all?department=Chilled%20Vegetarian%20%26%20Vegan&viewAll=department&page=,£2.40,£9.24/kg,,,/groceries/en-GB/products/308091356,https://digitalcontent.api.tesco.com/v2/media/ghs/94cf9b3b-663a-4080-8f7a-af0bbf015c98/5a355ef1-a104-4bac-98e7-a1c3cc70f42d_1940603568.jpeg?h=225&w=225,
310686186,Tesco Plant Chef 12 Meat Free Balls 336G,https://www.tesco.com/groceries/en-GB/shop/fresh-food/all?department=Chilled%20Vegetarian%20%26%20Vegan&viewAll=department&page=,£2.25,£6.70/kg,,,/groceries/en-GB/products/310686186,https://digitalcontent.api.tesco.com/v2/media/ghs/94d59e7a-7ce7-4474-8490-a95a745f0518/423d9dcf-ec9c-4b89-af81-c16b838858b4.jpeg?h=225&w=225,
308107553,Peperami Vegerami Smokin' Chick' Nless Bites 40G,https://www.tesco.com/groceries/en-GB/shop/fresh-food/all?department=Chilled%20Vegetarian%20%26%20Vegan&viewAll=department&page=,£1.00,£25.00/kg,,,/groceries/en-GB/products/308107553,https://digitalcontent.api.tesco.com/v2/media/ghs/c2617584-e934-4286-854c-2538be5e9930/1380bc00-df81-4e8c-8306-28c8c2307088.jpeg?h=225&w=225,
312559075,Rustlers Meatless Chick Un Fillet 162G,https://www.tesco.com/groceries/en-GB/shop/fresh-food/all?department=Chilled%20Vegetarian%20%26%20Vegan&viewAll=department&page=,£2.00,£1.24/100g,£1.50 Clubcard Price,,/groceries/en-GB/products/312559075,https://digitalcontent.api.tesco.com/v2/media/ghs/5f52ede8-60a9-42fa-a16d-1749b6e0a99d/7b4b4747-ca07-4125-9cfe-a7c8ab564db2.jpeg?h=225&w=225,
310688685,Tesco Plant Chef Meat Free Chicken Style 200G,https://www.tesco.com/groceries/en-GB/shop/fresh-food/all?department=Chilled%20Vegetarian%20%26%20Vegan&viewAll=department&page=,£1.75,£8.75/kg,,,/groceries/en-GB/products/310688685,https://digitalcontent.api.tesco.com/v2/media/ghs/20f9868b-efe0-45fa-91cc-59bf3cc6e3d2/3a4db4f2-4418-47a6-a6cb-f310a2ed8d01.jpeg?h=225&w=225,
305963954,Wicked Kitchen 6 Chorizo Style Bangers 350G,https://www.tesco.com/groceries/en-GB/shop/fresh-food/all?department=Chilled%20Vegetarian%20%26%20Vegan&viewAll=department&page=,£2.50,£7.15/kg,,,/groceries/en-GB/products/305963954,https://digitalcontent.api.tesco.com/v2/media/ghs/aea6778d-8eb6-4e21-bd44-2b262d004798/6ff0ad46-ed62-402f-b8df-ec315bed311a.jpeg?h=225&w=225,
306811816,Tesco Plant Chef Meat-Free Chipolatas 350G,https://www.tesco.com/groceries/en-GB/shop/fresh-food/all?department=Chilled%20Vegetarian%20%26%20Vegan&viewAll=department&page=,£2.15,£6.15/kg,,,/groceries/en-GB/products/306811816,https://digitalcontent.api.tesco.com/v2/media/ghs/db9a38b9-9e51-4697-a785-8118a7445c63/799593a7-8b8a-4c71-800a-78e16d969b37.jpeg?h=225&w=225,
312566734,Meatless Farm Plant-Based Chicken Joint 380G,https://www.tesco.com/groceries/en-GB/shop/fresh-food/all?department=Chilled%20Vegetarian%20%26%20Vegan&viewAll=department&page=,£4.50,£11.85/kg,,,/groceries/en-GB/products/312566734,https://digitalcontent.api.tesco.com/v2/media/ghs/8ffe8de9-0007-4862-95f0-11e3c611b9db/132f544a-0417-48af-a2f7-867dfb060b4f.jpeg?h=225&w=225,
310140884,Bol Vanilla Almond Oats Power Shake 450G,https://www.tesco.com/groceries/en-GB/shop/fresh-food/all?department=Chilled%20Vegetarian%20%26%20Vegan&viewAll=department&page=,£3.50,£7.78/kg,,,/groceries/en-GB/products/310140884,https://digitalcontent.api.tesco.com/v2/media/ghs/24c84995-db1a-4a20-bb74-e963c2586ed2/fdb63229-6a11-46b8-aa36-23edf28ed5d2.jpeg?h=225&w=225,
312226170,Quorn Tikka Masala With Rice 400G,https://www.tesco.com/groceries/en-GB/shop/fresh-food/all?department=Chilled%20Vegetarian%20%26%20Vegan&viewAll=department&page=,£3.50,£8.75/kg,,,/groceries/en-GB/products/312226170,https://digitalcontent.api.tesco.com/v2/media/ghs/ae989960-e58e-4119-b666-00f25c69189d/13aac218-1435-444c-b7c1-78c92c286ae6.jpeg?h=225&w=225,
311682557,Quorn Lasagne 380G,https://www.tesco.com/groceries/en-GB/shop/fresh-food/all?department=Chilled%20Vegetarian%20%26%20Vegan&viewAll=department&page=,£3.50,£9.22/kg,,,/groceries/en-GB/products/311682557,https://digitalcontent.api.tesco.com/v2/media/ghs/774702f4-ff98-4be2-9619-103f341b7829/36faa351-db23-4308-918d-3a4978c0b1a6.jpeg?h=225&w=225,
310146768,Bol Protein Boosting Creamy Chick'n Vegetable Soup 600G,https://www.tesco.com/groceries/en-GB/shop/fresh-food/all?department=Chilled%20Vegetarian%20%26%20Vegan&viewAll=department&page=,£3.00,£0.50/100g,£2.50 Clubcard Price,,/groceries/en-GB/products/310146768,https://digitalcontent.api.tesco.com/v2/media/ghs/ef7cdaa0-31a9-42bc-9c41-864c01db376d/55a107e4-7f61-44e7-a73b-970d54c6ff75.jpeg?h=225&w=225,
309778476,The Tofoo Co. Organic Scrambled Tofu 200G,https://www.tesco.com/groceries/en-GB/shop/fresh-food/all?department=Chilled%20Vegetarian%20%26%20Vegan&viewAll=department&page=,£2.85,£14.25/kg,,,/groceries/en-GB/products/309778476,https://digitalcontent.api.tesco.com/v2/media/ghs/14942b0a-a2ba-4b53-b171-af34fbaf1ba9/0f03e141-bbff-4f79-a1ed-3d8f58646297_8528248.jpeg?h=225&w=225,
312573397,Quorn Thai Style Green Curry With Rice 400G,https://www.tesco.com/groceries/en-GB/shop/fresh-food/all?department=Chilled%20Vegetarian%20%26%20Vegan&viewAll=department&page=,£3.50,£8.75/kg,£3.00 Clubcard Price,,/groceries/en-GB/products/312573397,https://digitalcontent.api.tesco.com/v2/media/ghs/f77ace1c-b239-4228-8722-67130ed47edf/6d82546b-5001-4bf7-afd8-ddc5bb42c06e.jpeg?h=225&w=225,
312088142,Quorn Chilli With Rice 400G,https://www.tesco.com/groceries/en-GB/shop/fresh-food/all?department=Chilled%20Vegetarian%20%26%20Vegan&viewAll=department&page=,£3.50,£8.75/kg,£3.00 Clubcard Price,,/groceries/en-GB/products/312088142,https://digitalcontent.api.tesco.com/v2/media/ghs/db69af5a-d35f-4d35-b831-dbaf68f9ac90/5e9e2682-e904-4ed8-a30f-2c2e7faf9cad.jpeg?h=225&w=225,
310172460,Bol Posh Noodles Japanese Yakisoba 345G,https://www.tesco.com/groceries/en-GB/shop/fresh-food/all?department=Chilled%20Vegetarian%20%26%20Vegan&viewAll=department&page=,£3.25,£9.43/kg,£2.75 Clubcard Price,,/groceries/en-GB/products/310172460,https://digitalcontent.api.tesco.com/v2/media/ghs/0d2eba95-d37b-454b-9ea3-f959395ea8f2/7be30b43-2c3d-4602-b99a-1e6a3a2989dd.jpeg?h=225&w=225,
312230187,Quorn Sweet & Sour With Rice 400G,https://www.tesco.com/groceries/en-GB/shop/fresh-food/all?department=Chilled%20Vegetarian%20%26%20Vegan&viewAll=department&page=,£3.50,£8.75/kg,£3.00 Clubcard Price,,/groceries/en-GB/products/312230187,https://digitalcontent.api.tesco.com/v2/media/ghs/a29fbdba-20de-4c89-b21b-9c2d04c929c4/6a77d71b-ba3f-416d-86d1-06e16093ebb2.jpeg?h=225&w=225,
309202339,Bol Posh Noodles Thai Aromatic Charcoal Noodles 345G,https://www.tesco.com/groceries/en-GB/shop/fresh-food/all?department=Chilled%20Vegetarian%20%26%20Vegan&viewAll=department&page=,£3.25,£9.43/kg,£2.75 Clubcard Price,,/groceries/en-GB/products/309202339,https://digitalcontent.api.tesco.com/v2/media/ghs/860e85c7-58ea-4248-955d-0d3af2846568/e7c02eb5-0f5e-4931-b3a6-8c61f3748a9a.jpeg?h=225&w=225,
310166836,Bol Mediterranean Pesto Pasta Fresh Vegetable Pot 345G,https://www.tesco.com/groceries/en-GB/shop/fresh-food/all?department=Chilled%20Vegetarian%20%26%20Vegan&viewAll=department&page=,£3.25,£9.43/kg,£2.75 Clubcard Price,,/groceries/en-GB/products/310166836,https://digitalcontent.api.tesco.com/v2/media/ghs/9c32653c-6fd5-4d21-a7f3-0af5c2b7654d/f30b5381-c727-4c89-9125-be550a64e539.jpeg?h=225&w=225,
311204747,This Isn’T Pork Plant-Based Caramelised Onion Sausages 230G,https://www.tesco.com/groceries/en-GB/shop/fresh-food/all?department=Chilled%20Vegetarian%20%26%20Vegan&viewAll=department&page=,£3.00,£13.05/kg,,,/groceries/en-GB/products/311204747,https://digitalcontent.api.tesco.com/v2/media/ghs/50d2d22d-a213-4a9f-8fcf-f1ad93255863/098a52c7-bc6b-4ec3-b868-88fdf2cf4128.jpeg?h=225&w=225,
308841512,Squeaky Bean Chargrilled Mini Fillets Cajun 120G,https://www.tesco.com/groceries/en-GB/shop/fresh-food/all?department=Chilled%20Vegetarian%20%26%20Vegan&viewAll=department&page=,£3.00,£2.50/100g,,,/groceries/en-GB/products/308841512,https://digitalcontent.api.tesco.com/v2/media/ghs/157d08eb-858e-4e43-9859-6d12688cc838/1e287af5-423f-4ddd-8110-ecdf1f97f7ff.jpeg?h=225&w=225,
309171531,Sheese Mild Cheddar Style Cheese Alternative 200G,https://www.tesco.com/groceries/en-GB/shop/fresh-food/all?department=Chilled%20Vegetarian%20%26%20Vegan&viewAll=department&page=,£2.50,£12.50/kg,,,/groceries/en-GB/products/309171531,https://digitalcontent.api.tesco.com/v2/media/ghs/7591f31a-b12a-40cb-9458-bea38f98d061/7b6ee764-f846-47f8-92a6-78a4f3ffe6e0_186072863.jpeg?h=225&w=225,
310141111,Squeaky Bean Milano Salami Style Slices 90G,https://www.tesco.com/groceries/en-GB/shop/fresh-food/all?department=Chilled%20Vegetarian%20%26%20Vegan&viewAll=department&page=,£2.50,£2.78/100g,,,/groceries/en-GB/products/310141111,https://digitalcontent.api.tesco.com/v2/media/ghs/933ab2e0-edd0-4f85-8e82-c5c141281f97/90751ec4-746f-4e5e-829b-4138a62bee78_1251156163.jpeg?h=225&w=225,
311935187,Crackd The No-Egg Egg Replacer 346G,https://www.tesco.com/groceries/en-GB/shop/fresh-food/all?department=Chilled%20Vegetarian%20%26%20Vegan&viewAll=department&page=,£3.00,£8.68/kg,,,/groceries/en-GB/products/311935187,https://digitalcontent.api.tesco.com/v2/media/ghs/7ec75bfa-d07a-4224-bebb-8b1ec698ccc5/9bcd5aff-dc3f-443b-85c0-5b4f96750951_870124359.jpeg?h=225&w=225,
309788746,Tesco Plant Chef Meat Free Lasagne 450G,https://www.tesco.com/groceries/en-GB/shop/fresh-food/all?department=Chilled%20Vegetarian%20%26%20Vegan&viewAll=department&page=,£3.00,£6.67/kg,,,/groceries/en-GB/products/309788746,https://digitalcontent.api.tesco.com/v2/media/ghs/53972b38-9bea-4607-827b-72ee3365f5d6/8425d940-9ae2-4b26-b136-0ae91bd5eae2.jpeg?h=225&w=225,
308456352,Wicked Kitchen Meat Free Crumbed Ham Style Slices 125G,https://www.tesco.com/groceries/en-GB/shop/fresh-food/all?department=Chilled%20Vegetarian%20%26%20Vegan&viewAll=department&page=,£2.50,£2.00/100g,,,/groceries/en-GB/products/308456352,https://digitalcontent.api.tesco.com/v2/media/ghs/b0287b5e-4c48-4a27-9fc7-5cd5b1d3ec42/de73399a-2a84-4fd0-ae77-ac788b98d436.jpeg?h=225&w=225,
311676029,Quorn Creamy Korma Bites 180G,https://www.tesco.com/groceries/en-GB/shop/fresh-food/all?department=Chilled%20Vegetarian%20%26%20Vegan&viewAll=department&page=,£2.50,£1.39/100g,,,/groceries/en-GB/products/311676029,https://digitalcontent.api.tesco.com/v2/media/ghs/4d143beb-ada4-45f5-a19b-56758e86e28f/b3aded25-2d49-4549-b0ab-e726a15a54bd.jpeg?h=225&w=225,
306808723,Tesco Plant Chef Sweet & Sour Soya Strips 400G,https://www.tesco.com/groceries/en-GB/shop/fresh-food/all?department=Chilled%20Vegetarian%20%26%20Vegan&viewAll=department&page=,£3.00,£7.50/kg,,,/groceries/en-GB/products/306808723,https://digitalcontent.api.tesco.com/v2/media/ghs/3240fc53-0249-4f0f-ab4a-e38953fdda0e/509db729-31eb-48a8-b90a-126ce668ebcc.jpeg?h=225&w=225,
307339239,Bol Japanese Katsu Curry Vegetable Pot 345G,https://www.tesco.com/groceries/en-GB/shop/fresh-food/all?department=Chilled%20Vegetarian%20%26%20Vegan&viewAll=department&page=,£3.25,£9.43/kg,£2.75 Clubcard Price,,/groceries/en-GB/products/307339239,https://digitalcontent.api.tesco.com/v2/media/ghs/9a5736cf-309f-4101-bebf-f6948e504bff/dde9f8cc-6285-457e-9820-6c1e97fdd603.jpeg?h=225&w=225,
307152972,Wicked Kitchen Asparagus & Peppercorn Ravioli 250G,https://www.tesco.com/groceries/en-GB/shop/fresh-food/all?department=Chilled%20Vegetarian%20%26%20Vegan&viewAll=department&page=,£2.50,£10.00/kg,,,/groceries/en-GB/products/307152972,https://digitalcontent.api.tesco.com/v2/media/ghs/1ddf6eaa-871e-4f7c-a677-ebd7595bcaba/4e3d0c33-eeee-4b1b-b61d-44fe3f48bb15.jpeg?h=225&w=225,
312350367,This Isn't Beef Plant Based Burgers 226G,https://www.tesco.com/groceries/en-GB/shop/fresh-food/all?department=Chilled%20Vegetarian%20%26%20Vegan&viewAll=department&page=,£3.00,£13.28/kg,,,/groceries/en-GB/products/312350367,https://digitalcontent.api.tesco.com/v2/media/ghs/c9131238-3a25-484d-ab34-81043d13db80/4e2e1e15-0f95-41ab-87b4-b3a524d2e558.jpeg?h=225&w=225,
308827991,Wicked Kitchen Meat Free Hoisin & Rice 380G,https://www.tesco.com/groceries/en-GB/shop/fresh-food/all?department=Chilled%20Vegetarian%20%26%20Vegan&viewAll=department&page=,£3.50,£9.22/kg,,,/groceries/en-GB/products/308827991,https://digitalcontent.api.tesco.com/v2/media/ghs/3b863241-ff7f-4c14-bee1-239a7ff97df6/5bc7ca7a-f3d5-4ac7-bbda-5a24515cf748.jpeg?h=225&w=225,
311445127,Fridge Raiders Meat Free Katsu Tasty Bites 65G,https://www.tesco.com/groceries/en-GB/shop/fresh-food/all?department=Chilled%20Vegetarian%20%26%20Vegan&viewAll=department&page=,£1.25,£1.93/100g,,,/groceries/en-GB/products/311445127,https://digitalcontent.api.tesco.com/v2/media/ghs/9097c7aa-7573-4a47-aab3-58d190d6646c/bb226f92-4c8c-46bb-8343-aadad4e04e3c.jpeg?h=225&w=225,
298910550,Wicked Kitchen Nana's Mushroom Bolognese 400G,https://www.tesco.com/groceries/en-GB/shop/fresh-food/all?department=Chilled%20Vegetarian%20%26%20Vegan&viewAll=department&page=,£3.50,£8.75/kg,,,/groceries/en-GB/products/298910550,https://digitalcontent.api.tesco.com/v2/media/ghs/6d5727e8-b938-44e9-8539-cfc673b9bc29/76eddf05-9ff6-4a33-8bac-ea404142b145.jpeg?h=225&w=225,
304399892,Tesco Plant Chef Potato Salad 250G,https://www.tesco.com/groceries/en-GB/shop/fresh-food/all?department=Chilled%20Vegetarian%20%26%20Vegan&viewAll=department&page=,£1.00,£4.00/kg,,,/groceries/en-GB/products/304399892,https://digitalcontent.api.tesco.com/v2/media/ghs/405189a3-98c7-4628-bfff-eca3e2701d11/90a9aefa-91fa-4b67-a8e1-4a7dfcf1f745.jpeg?h=225&w=225,
311435511,Wicked Kitchen Nana's Lasagne 700G,https://www.tesco.com/groceries/en-GB/shop/fresh-food/all?department=Chilled%20Vegetarian%20%26%20Vegan&viewAll=department&page=,£5.00,£7.15/kg,Wicked Kitchen Meal Deal for £8 Clubcard Price - Buy 1 Main 2 Sides Or Desserts,,/groceries/en-GB/products/311435511,https://digitalcontent.api.tesco.com/v2/media/ghs/e14b71d7-3d50-471b-8de6-fe96a609f61b/e1a0c1c0-e74f-4dc1-9aca-e443503eb70b.jpeg?h=225&w=225,
312570890,This Isn't Chicken Thai Green Curry 380G,https://www.tesco.com/groceries/en-GB/shop/fresh-food/all?department=Chilled%20Vegetarian%20%26%20Vegan&viewAll=department&page=,£3.95,£10.40/kg,,New,/groceries/en-GB/products/312570890,https://digitalcontent.api.tesco.com/v2/media/ghs/901c4003-4d1e-42c4-9194-0128905b24d9/bc60bd4c-b11a-46c0-b876-635c12809f76.jpeg?h=225&w=225,
312089383,Squeaky Bean Chargrilled Steak Strips 120G,https://www.tesco.com/groceries/en-GB/shop/fresh-food/all?department=Chilled%20Vegetarian%20%26%20Vegan&viewAll=department&page=,£3.00,£2.50/100g,,,/groceries/en-GB/products/312089383,https://digitalcontent.api.tesco.com/v2/media/ghs/5560b364-b726-4e2d-9711-7da74d0be352/c4411979-64dc-4afa-b995-0ba1c1bd58e2.jpeg?h=225&w=225,
310658669,Bol Chocolate & Peanut Butter Power Shake 450G,https://www.tesco.com/groceries/en-GB/shop/fresh-food/all?department=Chilled%20Vegetarian%20%26%20Vegan&viewAll=department&page=,£3.50,£7.78/kg,,,/groceries/en-GB/products/310658669,https://digitalcontent.api.tesco.com/v2/media/ghs/d896beed-e902-4c7a-9079-fb289749756b/ed2e4f2e-fbbf-44c5-8cdd-6746cb068157.jpeg?h=225&w=225,
309747571,Wicked Kitchen Wicked Mac 2.0 375G,https://www.tesco.com/groceries/en-GB/shop/fresh-food/all?department=Chilled%20Vegetarian%20%26%20Vegan&viewAll=department&page=,£3.50,£9.34/kg,,,/groceries/en-GB/products/309747571,https://digitalcontent.api.tesco.com/v2/media/ghs/73fdff11-8057-4486-a104-d89cc8468a95/b94408aa-7bdd-46cc-bfc6-a07c9111ea50.jpeg?h=225&w=225,
311950309,Bol Creamy Tikka Masala Fresh Vegetable Pot 345G,https://www.tesco.com/groceries/en-GB/shop/fresh-food/all?department=Chilled%20Vegetarian%20%26%20Vegan&viewAll=department&page=,£3.25,£9.43/kg,£2.75 Clubcard Price,,/groceries/en-GB/products/311950309,https://digitalcontent.api.tesco.com/v2/media/ghs/258256c4-becc-4104-820c-e9927b42464c/d26bb34b-831f-4301-a066-59e4b549cb4a.jpeg?h=225&w=225,
312085773,The Tofoo Co. Naked Twin Pack 2 X 170G,https://www.tesco.com/groceries/en-GB/shop/fresh-food/all?department=Chilled%20Vegetarian%20%26%20Vegan&viewAll=department&page=,£2.70,£7.95/kg,,,/groceries/en-GB/products/312085773,https://digitalcontent.api.tesco.com/v2/media/ghs/39a5ee47-0131-408b-afdd-b687a78021e1/33fdeafd-fea3-4a39-80de-17971a466493_94050194.jpeg?h=225&w=225,
311801412,Wicked Kitchen Cheeky Cauliflower Tikka 600G,https://www.tesco.com/groceries/en-GB/shop/fresh-food/all?department=Chilled%20Vegetarian%20%26%20Vegan&viewAll=department&page=,£5.00,£8.34/kg,Wicked Kitchen Meal Deal for £8 Clubcard Price - Buy 1 Main 2 Sides Or Desserts,,/groceries/en-GB/products/311801412,https://digitalcontent.api.tesco.com/v2/media/ghs/9e6f6d77-b963-4cbe-b392-ddaab5c5a59e/c69c242e-e1cb-467f-ae0d-2f2c2ba5468c.jpeg?h=225&w=225,
308484479,T.P/Chef No Beef Black Bean Sauce With Rice 380G,https://www.tesco.com/groceries/en-GB/shop/fresh-food/all?department=Chilled%20Vegetarian%20%26%20Vegan&viewAll=department&page=,£3.00,£7.90/kg,,,/groceries/en-GB/products/308484479,https://digitalcontent.api.tesco.com/v2/media/ghs/3ae05582-6739-4736-b1f5-271868441009/7e435c89-65f8-4c5b-8ad9-9ac85c4bfb35.jpeg?h=225&w=225,
312565954,Higgidy 8 Spinach & Red Pepper Mini Vegan Muffins 160G,https://www.tesco.com/groceries/en-GB/shop/fresh-food/all?department=Chilled%20Vegetarian%20%26%20Vegan&viewAll=department&page=,£3.50,£2.19/100g,,,/groceries/en-GB/products/312565954,https://digitalcontent.api.tesco.com/v2/media/ghs/2f50a3f9-6494-47d0-be43-44cd7971f027/e43dffc0-271b-42bd-b80b-350bead5e50f.jpeg?h=225&w=225,
310119087,Bol Posh Noodles Spicy Firecracker Udon 345G,https://www.tesco.com/groceries/en-GB/shop/fresh-food/all?department=Chilled%20Vegetarian%20%26%20Vegan&viewAll=department&page=,£3.25,£9.43/kg,£2.75 Clubcard Price,,/groceries/en-GB/products/310119087,https://digitalcontent.api.tesco.com/v2/media/ghs/e34dd380-89d7-41ef-92bc-1b2ebc79b5e2/cf025000-47bb-4532-81f7-904eba75fdbf.jpeg?h=225&w=225,
310114547,Wicked Kitchen Rockin' Red Onion Flatbread 175G,https://www.tesco.com/groceries/en-GB/shop/fresh-food/all?department=Chilled%20Vegetarian%20%26%20Vegan&viewAll=department&page=,£2.50,£1.43/100g,Wicked Kitchen Meal Deal for £8 Clubcard Price - Buy 1 Main 2 Sides Or Desserts,,/groceries/en-GB/products/310114547,https://digitalcontent.api.tesco.com/v2/media/ghs/445485f6-decf-4566-89b1-f1d2c759a9dd/8be8498f-3d3a-4625-9821-808a139dddcd.jpeg?h=225&w=225,
312586480,Bol Spiced Purple Carrot Power Soup 600G,https://www.tesco.com/groceries/en-GB/shop/fresh-food/all?department=Chilled%20Vegetarian%20%26%20Vegan&viewAll=department&page=,£2.95,£4.92/kg,£2.45 Clubcard Price,,/groceries/en-GB/products/312586480,https://digitalcontent.api.tesco.com/v2/media/ghs/8935d4e9-8f05-46bc-aaee-4dfcc975cb54/ebbae197-95ca-4dc0-a2a0-1cc99c60ec95.jpeg?h=225&w=225,
312367048,Tesco Plant Chef Hunter Style No Chicken Tray Bake 370G,https://www.tesco.com/groceries/en-GB/shop/fresh-food/all?department=Chilled%20Vegetarian%20%26%20Vegan&viewAll=department&page=,£3.50,£9.46/kg,,,/groceries/en-GB/products/312367048,https://digitalcontent.api.tesco.com/v2/media/ghs/50feafbc-0ab6-46f5-84a2-a44af44a713d/0b729256-b5dd-4c28-9441-e5a59fcac9ca.jpeg?h=225&w=225,
312557889,Vivera Plant Drumsticks 4 Pieces 216G,https://www.tesco.com/groceries/en-GB/shop/fresh-food/all?department=Chilled%20Vegetarian%20%26%20Vegan&viewAll=department&page=,£2.50,£11.58/kg,£2.00 Clubcard Price,,/groceries/en-GB/products/312557889,https://digitalcontent.api.tesco.com/v2/media/ghs/d6610833-0833-4123-8cbc-afa11b13fde4/4baadf61-fee9-4c0d-97f1-8b3ff2a6cc76.jpeg?h=225&w=225,
312571177,Squeaky Bean Chargrilled Mini Piri Piri Fillets 120G,https://www.tesco.com/groceries/en-GB/shop/fresh-food/all?department=Chilled%20Vegetarian%20%26%20Vegan&viewAll=department&page=,£3.00,£2.50/100g,,,/groceries/en-GB/products/312571177,https://digitalcontent.api.tesco.com/v2/media/ghs/78a19058-635a-4d16-bd65-1fe75d6281aa/d69f93d7-40a5-4100-906c-9ea93efd0725.jpeg?h=225&w=225,
312341793,Linda Mccartney Vegetarian Mini Pulled Pork Rolls 168G,https://www.tesco.com/groceries/en-GB/shop/fresh-food/all?department=Chilled%20Vegetarian%20%26%20Vegan&viewAll=department&page=,£2.25,£1.34/100g,£1.75 Clubcard Price,,/groceries/en-GB/products/312341793,https://digitalcontent.api.tesco.com/v2/media/ghs/8d1e2362-3cae-4ec1-93a4-66ea0b212910/71cde7e9-9a5f-43e7-9297-201628fca8ec.jpeg?h=225&w=225,
309779020,Wicked Kitchen Smoky Vegan Bake With White Wine 150G,https://www.tesco.com/groceries/en-GB/shop/fresh-food/all?department=Chilled%20Vegetarian%20%26%20Vegan&viewAll=department&page=,£3.50,£23.34/kg,,New,/groceries/en-GB/products/309779020,https://digitalcontent.api.tesco.com/v2/media/ghs/e5b53987-39a2-4ebe-b420-85dec5741236/9f7cb4e1-02d7-4431-b0f9-7a980c8e489c_1043160011.jpeg?h=225&w=225,
311780268,Squeaky Bean Roast Chicken Style Slices 80G,https://www.tesco.com/groceries/en-GB/shop/fresh-food/all?department=Chilled%20Vegetarian%20%26%20Vegan&viewAll=department&page=,£2.00,£2.50/100g,,,/groceries/en-GB/products/311780268,https://digitalcontent.api.tesco.com/v2/media/ghs/c2b89f78-e973-48c4-909d-11fbc3b1f4e9/149dcf18-5b7a-4a54-9cc3-131e942fe346.jpeg?h=225&w=225,
308085099,Tesco Plant Chef Meat Free Beef Style Pieces 200G,https://www.tesco.com/groceries/en-GB/shop/fresh-food/all?department=Chilled%20Vegetarian%20%26%20Vegan&viewAll=department&page=,£1.75,£8.75/kg,,,/groceries/en-GB/products/308085099,https://digitalcontent.api.tesco.com/v2/media/ghs/c071d09b-ea9f-44fb-b2a9-9ffbefefef25/cd4b7062-25b0-4efb-9a72-299d16f89460_1871785335.jpeg?h=225&w=225,
306501763,Tesco Plant Chef Fish Free Cakes 270G,https://www.tesco.com/groceries/en-GB/shop/fresh-food/all?department=Chilled%20Vegetarian%20%26%20Vegan&viewAll=department&page=,,,,,/groceries/en-GB/products/306501763,https://digitalcontent.api.tesco.com/v2/media/ghs/0825e2cc-0557-4747-a8a4-485c1bd7b316/031d85a5-cfde-4a37-988f-ed64b8a30967.jpeg?h=225&w=225,This product's currently out of stock
312234816,Tesco Plant Chef 6 Leek & Mushroom Meat Free Bangers 300G,https://www.tesco.com/groceries/en-GB/shop/fresh-food/all?department=Chilled%20Vegetarian%20%26%20Vegan&viewAll=department&page=,£2.15,£7.17/kg,,,/groceries/en-GB/products/312234816,https://digitalcontent.api.tesco.com/v2/media/ghs/ddb95cf7-53f6-4a54-b24b-02b1020c0794/fdc81f97-eb53-4e1d-9586-8f1ea59c435c.jpeg?h=225&w=225,
312089020,Wicked Kitchen Spicy Pepper-No-Ni Pizza 390G,https://www.tesco.com/groceries/en-GB/shop/fresh-food/all?department=Chilled%20Vegetarian%20%26%20Vegan&viewAll=department&page=,£4.50,£1.16/100g,,,/groceries/en-GB/products/312089020,https://digitalcontent.api.tesco.com/v2/media/ghs/bb0bec14-36db-4831-a2d7-271e908af06e/e27d1ea2-897d-400c-ae8c-2346b06c59b3.jpeg?h=225&w=225,
311433507,Wicked Kitchen Bbq Pulled No-Pork 350G,https://www.tesco.com/groceries/en-GB/shop/fresh-food/all?department=Chilled%20Vegetarian%20%26%20Vegan&viewAll=department&page=,£3.50,£10.00/kg,,,/groceries/en-GB/products/311433507,https://digitalcontent.api.tesco.com/v2/media/ghs/019d0409-f676-4747-b374-8a4a0af8e00f/1fd96d92-21d6-4138-82d3-4e2d5cbd4ec2.jpeg?h=225&w=225,
309455207,Wicked Kitchen Katsu Curry 350G,https://www.tesco.com/groceries/en-GB/shop/fresh-food/all?department=Chilled%20Vegetarian%20%26%20Vegan&viewAll=department&page=,£3.50,£10.00/kg,,,/groceries/en-GB/products/309455207,https://digitalcontent.api.tesco.com/v2/media/ghs/da4ecc59-7ac2-4b49-bdc8-a24c4f765eeb/e2abf8cc-b5ce-4b56-9e8f-3f7c33dba39c.jpeg?h=225&w=225,
311950119,Wicked Kitchen Bbq Chillin & Sweetcorn Pizza 420G,https://www.tesco.com/groceries/en-GB/shop/fresh-food/all?department=Chilled%20Vegetarian%20%26%20Vegan&viewAll=department&page=,£4.50,£1.08/100g,,,/groceries/en-GB/products/311950119,,
310691337,Tesco Plant Chef 2 Meat Free Steaks With Garlic Melt 210G,https://www.tesco.com/groceries/en-GB/shop/fresh-food/all?department=Chilled%20Vegetarian%20%26%20Vegan&viewAll=department&page=,£3.10,£14.77/kg,,,/groceries/en-GB/products/310691337,https://digitalcontent.api.tesco.com/v2/media/ghs/79bf0773-f9bc-4110-867b-3d882e1529af/4bd4a083-ad42-4792-a3b9-615e9617e339.jpeg?h=225&w=225,
312560026,Quorn Cajun Wings 230G,https://www.tesco.com/groceries/en-GB/shop/fresh-food/all?department=Chilled%20Vegetarian%20%26%20Vegan&viewAll=department&page=,£3.00,£13.05/kg,,New,/groceries/en-GB/products/312560026,https://digitalcontent.api.tesco.com/v2/media/ghs/843b3a74-7155-46ba-a881-ae6085e23110/33ccdc66-4e5a-4fc8-a205-be581f0769e3.jpeg?h=225&w=225,
312207302,The Coconut Collaborative Plant-Based Chocolate Melt In The Middle Puddings 2X90g,https://www.tesco.com/groceries/en-GB/shop/fresh-food/all?department=Chilled%20Vegetarian%20%26%20Vegan&viewAll=department&page=,£3.30,£1.84/100g,,,/groceries/en-GB/products/312207302,https://digitalcontent.api.tesco.com/v2/media/ghs/35ee376a-8ba2-45b8-b0ce-13b3402a34cf/6f41ffcd-bacf-4c6e-9031-b79a64c8288d.jpeg?h=225&w=225,
312349024,Vivera Plant Tex Mex Strips 160G,https://www.tesco.com/groceries/en-GB/shop/fresh-food/all?department=Chilled%20Vegetarian%20%26%20Vegan&viewAll=department&page=,£2.50,£15.63/kg,,,/groceries/en-GB/products/312349024,https://digitalcontent.api.tesco.com/v2/media/ghs/34fba8dd-b614-42a8-831c-3285f698cd82/fcf4f35a-3e01-4bfd-8011-43b2b364ece9.jpeg?h=225&w=225,
307149752,Foodologie 5 A Day Chilli Verde Plant Pot 400G,https://www.tesco.com/groceries/en-GB/shop/fresh-food/all?department=Chilled%20Vegetarian%20%26%20Vegan&viewAll=department&page=,£2.50,£6.25/kg,,,/groceries/en-GB/products/307149752,https://digitalcontent.api.tesco.com/v2/media/ghs/78c77f46-bed7-4c90-b2bf-9016c75662c2/df7ce9c9-8299-458d-89c7-f6329347bc9e.jpeg?h=225&w=225,
307365449,Foodologie 5 A Day Burrito Bowl Plant Pot 400G,https://www.tesco.com/groceries/en-GB/shop/fresh-food/all?department=Chilled%20Vegetarian%20%26%20Vegan&viewAll=department&page=,£2.50,£6.25/kg,,,/groceries/en-GB/products/307365449,https://digitalcontent.api.tesco.com/v2/media/ghs/06c5eb6e-9bb4-40d0-ad03-e551146f4b1c/cd9295f4-10bc-413f-a8d6-f33019117ca3.jpeg?h=225&w=225,
308080916,Wicked Kitchen 2 Kickin' Katsu Kievs 260G,https://www.tesco.com/groceries/en-GB/shop/fresh-food/all?department=Chilled%20Vegetarian%20%26%20Vegan&viewAll=department&page=,£2.50,£9.62/kg,,,/groceries/en-GB/products/308080916,https://digitalcontent.api.tesco.com/v2/media/ghs/6cca1eef-fe0b-4ecf-bf1a-6d427d4f76a3/dca2c88e-ce35-4736-920d-14a85569d193.jpeg?h=225&w=225,
307358441,Foodologie 5 A Day Turmeric & Lentil Daal 400G,https://www.tesco.com/groceries/en-GB/shop/fresh-food/all?department=Chilled%20Vegetarian%20%26%20Vegan&viewAll=department&page=,£2.50,£6.25/kg,,,/groceries/en-GB/products/307358441,https://digitalcontent.api.tesco.com/v2/media/ghs/e8ea723b-2b5a-43b5-be45-c046201c24c0/f543307c-99c2-4d83-a1af-98c0a0cc365f.jpeg?h=225&w=225,
305983629,Higgidy 10 Cheddar & Chives Dinky Rolls 170G,https://www.tesco.com/groceries/en-GB/shop/fresh-food/all?department=Chilled%20Vegetarian%20%26%20Vegan&viewAll=department&page=,£3.50,£2.06/100g,,New,/groceries/en-GB/products/305983629,https://digitalcontent.api.tesco.com/v2/media/ghs/6fdfcb2d-7aab-497f-9782-5b2e0e8042f9/d1f00b69-722f-4ded-826d-7ea5189c2b25.jpeg?h=225&w=225,
312581963,Cauldron Fajita Bites With Salsa Centre 300G,https://www.tesco.com/groceries/en-GB/shop/fresh-food/all?department=Chilled%20Vegetarian%20%26%20Vegan&viewAll=department&page=,£3.75,£1.25/100g,,,/groceries/en-GB/products/312581963,https://digitalcontent.api.tesco.com/v2/media/ghs/4fb578f6-59a4-4b43-b94c-925dd0121d29/9e59b6ea-2065-400c-9e31-c7d948b3f68b.jpeg?h=225&w=225,
308826773,Wicked Kitchen Meat Free Chicken Style Slices 125G,https://www.tesco.com/groceries/en-GB/shop/fresh-food/all?department=Chilled%20Vegetarian%20%26%20Vegan&viewAll=department&page=,£2.50,£2.00/100g,,,/groceries/en-GB/products/308826773,https://digitalcontent.api.tesco.com/v2/media/ghs/f4e387e0-bc71-4dea-95d0-b9d523b98fd6/8105175f-2689-4c99-b64e-c8a9952a078e.jpeg?h=225&w=225,
310173997,Wicked Kitchen 2 Bbq No Pork Burgers 226G,https://www.tesco.com/groceries/en-GB/shop/fresh-food/all?department=Chilled%20Vegetarian%20%26%20Vegan&viewAll=department&page=,£2.60,£11.51/kg,,,/groceries/en-GB/products/310173997,https://digitalcontent.api.tesco.com/v2/media/ghs/3c55cd6f-4310-49ae-8fec-ee648a686c57/3d222462-55df-4b82-b4ed-25ebbf504dab.jpeg?h=225&w=225,
309790247,Tesco Plant Chef Dip Selection 400G,https://www.tesco.com/groceries/en-GB/shop/fresh-food/all?department=Chilled%20Vegetarian%20%26%20Vegan&viewAll=department&page=,£2.25,£0.56/100g,,,/groceries/en-GB/products/309790247,https://digitalcontent.api.tesco.com/v2/media/ghs/1fdb9d7a-8a45-414a-884f-cea05cf59961/4d4a855b-c84d-43d4-9b77-9284fa85427d.jpeg?h=225&w=225,
304784469,Tesco Plant Chef Breaded Meat Free Goujons 190G,https://www.tesco.com/groceries/en-GB/shop/fresh-food/all?department=Chilled%20Vegetarian%20%26%20Vegan&viewAll=department&page=,£1.75,£9.22/kg,,,/groceries/en-GB/products/304784469,https://digitalcontent.api.tesco.com/v2/media/ghs/47649aba-2ad6-4eab-9d06-31f5aae7544c/d56471ae-7701-426c-adb2-aaaff4b99edf.jpeg?h=225&w=225,
311779461,Wicked Kitchen 2 Millionaire's Pots 230G,https://www.tesco.com/groceries/en-GB/shop/fresh-food/all?department=Chilled%20Vegetarian%20%26%20Vegan&viewAll=department&page=,£3.00,£1.31/100g,Wicked Kitchen Meal Deal for £8 Clubcard Price - Buy 1 Main 2 Sides Or Desserts,,/groceries/en-GB/products/311779461,https://digitalcontent.api.tesco.com/v2/media/ghs/c2882125-16a3-41a1-8c3b-cf925598ba8c/edab37e3-aea7-474f-9c1a-0c4d0227d960.jpeg?h=225&w=225,
304417139,Tesco Finest Sweet Potato & Red Cabbage Christmas Log Serves 4,https://www.tesco.com/groceries/en-GB/shop/fresh-food/all?department=Chilled%20Vegetarian%20%26%20Vegan&viewAll=department&page=,£11.00,£1.30/100g,,,/groceries/en-GB/products/304417139,https://digitalcontent.api.tesco.com/v2/media/ghs/dc744927-2f49-4fbc-a861-9fb8dee997a1/a8ab1693-e59a-4451-8f26-d2456a39b8fd.jpeg?h=225&w=225,
302063457,Tesco Finest Stuffed Half Butternut Squash Serves 4,https://www.tesco.com/groceries/en-GB/shop/fresh-food/all?department=Chilled%20Vegetarian%20%26%20Vegan&viewAll=department&page=,£10.00,£1.54/100g,,,/groceries/en-GB/products/302063457,https://digitalcontent.api.tesco.com/v2/media/ghs/f2c4dd9b-6490-45f3-be88-724731e9fc36/e9327c6c-2c4c-4a1a-bcc3-8c568b06794b.jpeg?h=225&w=225,
310121567,Plant Chef Roasted Vegetable Puff Pastry Crown with Cranberry Dip Serves 10,https://www.tesco.com/groceries/en-GB/shop/fresh-food/all?department=Chilled%20Vegetarian%20%26%20Vegan&viewAll=department&page=,£9.50,£1.83/100g,,,/groceries/en-GB/products/310121567,https://digitalcontent.api.tesco.com/v2/media/ghs/f7cb5c80-ee74-4a9c-b244-24d27e70b3cb/c94fe1b2-bb1d-4894-9fb7-d5993b2af86b.jpeg?h=225&w=225,
312580296,Wicked Kitchen Wicked Wellington Serves 4,https://www.tesco.com/groceries/en-GB/shop/fresh-food/all?department=Chilled%20Vegetarian%20%26%20Vegan&viewAll=department&page=,£5.00,£10.31/kg,,,/groceries/en-GB/products/312580296,https://digitalcontent.api.tesco.com/v2/media/ghs/de885a09-8a7d-4d07-b517-d2435a7ecd29/4dc5cd38-a14a-41a8-afbe-a4374bc48d6c.jpeg?h=225&w=225,
309790725,Wicked Kitchen No-Turkey Roast Crown Serves 4,https://www.tesco.com/groceries/en-GB/shop/fresh-food/all?department=Chilled%20Vegetarian%20%26%20Vegan&viewAll=department&page=,£5.00,£8.93/kg,,,/groceries/en-GB/products/309790725,https://digitalcontent.api.tesco.com/v2/media/ghs/f92b3fee-5984-4ba5-8297-8981f10b4f4e/d9cdf5a4-bcfa-49ba-82ad-cef6daa7e7bd.jpeg?h=225&w=225,
300726005,Tesco Finest Lasagne 400G,https://www.tesco.com/groceries/en-GB/shop/fresh-food/all?department=Finest%20Fresh%20Food&viewAll=department&page=,£4.00,£10.00/kg,Any 2 for £7 Clubcard Price - Selected Tesco Finest* Ready Meals 350g - 475g,,/groceries/en-GB/products/300726005,https://digitalcontent.api.tesco.com/v2/media/ghs/2017ec1d-1bae-48a7-801e-d8a52418c59d/f4208471-fc44-455e-b44c-e9e02001d6f5.jpeg?h=225&w=225,
309198897,Tesco Finest Roasted Garlic Chicken Kiev With Salted Butter 385G,https://www.tesco.com/groceries/en-GB/shop/fresh-food/all?department=Finest%20Fresh%20Food&viewAll=department&page=,£4.80,£12.47/kg,£4.30 Clubcard Price,,/groceries/en-GB/products/309198897,https://digitalcontent.api.tesco.com/v2/media/ghs/ab660987-18d8-48ac-989f-948ff61641f6/8dbafd1b-6a1e-457a-acac-970ed1d19780.jpeg?h=225&w=225,
296070820,Tesco Finest Wiltshire Crumbed Ham 125G,https://www.tesco.com/groceries/en-GB/shop/fresh-food/all?department=Finest%20Fresh%20Food&viewAll=department&page=,,,,,/groceries/en-GB/products/296070820,https://digitalcontent.api.tesco.com/v2/media/ghs/69bfc6e5-0612-4b03-af12-1e9c733ae372/ccf8253c-f621-4912-9e5d-aa378d5ec33e.jpeg?h=225&w=225,This product's currently out of stock
291818567,Tesco Finest 2 Cod & Parsley Fishcakes 290G,https://www.tesco.com/groceries/en-GB/shop/fresh-food/all?department=Finest%20Fresh%20Food&viewAll=department&page=,£2.75,£9.49/kg,,,/groceries/en-GB/products/291818567,https://digitalcontent.api.tesco.com/v2/media/ghs/47175005-ebff-418f-b678-05db1276fec2/0235b837-69e8-4b20-a2d9-e68780f7d7ff.jpeg?h=225&w=225,
255211164,Tesco Finest 6 Pork & Caramelised Onion Sausages 400G,https://www.tesco.com/groceries/en-GB/shop/fresh-food/all?department=Finest%20Fresh%20Food&viewAll=department&page=,£3.00,£7.50/kg,,,/groceries/en-GB/products/255211164,https://digitalcontent.api.tesco.com/v2/media/ghs/be714e01-13ee-48e5-a580-8e76da1abeb6/b8a44de2-2acc-4419-9597-2b44dcc68b34.jpeg?h=225&w=225,
296070912,Tesco Finest Honey Roast Ham 125G,https://www.tesco.com/groceries/en-GB/shop/fresh-food/all?department=Finest%20Fresh%20Food&viewAll=department&page=,£3.00,£2.40/100g,,,/groceries/en-GB/products/296070912,https://digitalcontent.api.tesco.com/v2/media/ghs/15ce496b-c4b7-4d04-b3f3-635f87e0ea32/89db7f19-e31f-4fff-bb09-5c2d3413ba63.jpeg?h=225&w=225,
280010485,Tesco Finest 10 Pork Sausages 667G,https://www.tesco.com/groceries/en-GB/shop/fresh-food/all?department=Finest%20Fresh%20Food&viewAll=department&page=,,,,,/groceries/en-GB/products/280010485,https://digitalcontent.api.tesco.com/v2/media/ghs/203d61c8-662e-4343-90e9-3f49fec08a96/6ed506e6-1cba-4e38-8a9c-492a9cf46f5f.jpeg?h=225&w=225,This product's currently out of stock
296070935,Tesco Finest Finely Sliced Wiltshire Ham 250G,https://www.tesco.com/groceries/en-GB/shop/fresh-food/all?department=Finest%20Fresh%20Food&viewAll=department&page=,£4.00,£1.60/100g,,,/groceries/en-GB/products/296070935,https://digitalcontent.api.tesco.com/v2/media/ghs/2f3f2ab4-437a-45ee-baf1-495902d999e8/03b2b212-1223-4064-b5a1-9a05c6867f41.jpeg?h=225&w=225,
275399728,Tesco Finest 6 Free Range Chestnut Maran Eggs,https://www.tesco.com/groceries/en-GB/shop/fresh-food/all?department=Finest%20Fresh%20Food&viewAll=department&page=,£2.30,£0.38/each,,,/groceries/en-GB/products/275399728,https://digitalcontent.api.tesco.com/v2/media/ghs/b6b36ec4-0921-4d0f-9aab-fa20782dc701/14797077-5ad3-4ff1-9cda-71f0fe8a419b.jpeg?h=225&w=225,
279992532,Tesco Finest 10 Pigs In Blankets 210G,https://www.tesco.com/groceries/en-GB/shop/fresh-food/all?department=Finest%20Fresh%20Food&viewAll=department&page=,£3.00,£14.29/kg,,,/groceries/en-GB/products/279992532,https://digitalcontent.api.tesco.com/v2/media/ghs/bbc4c6cd-99f6-4e43-8f12-160f58f9796c/3ae0c437-77df-4a8e-89b9-5f384812eb5e.jpeg?h=225&w=225,
296071030,Tesco Finest Roast Turkey Breast 125G,https://www.tesco.com/groceries/en-GB/shop/fresh-food/all?department=Finest%20Fresh%20Food&viewAll=department&page=,,,,,/groceries/en-GB/products/296071030,https://digitalcontent.api.tesco.com/v2/media/ghs/830bac5d-1187-4190-831b-18b5f8222f6c/68e20a6a-b934-4b3c-9a71-698cf9b714f1.jpeg?h=225&w=225,This product's currently out of stock
279992854,Tesco Finest Gluten Free 18 British Pork Cocktail Sausages 270G,https://www.tesco.com/groceries/en-GB/shop/fresh-food/all?department=Finest%20Fresh%20Food&viewAll=department&page=,£3.00,£11.12/kg,,New,/groceries/en-GB/products/279992854,https://digitalcontent.api.tesco.com/v2/media/ghs/5c2d8a10-ac94-4c77-8099-babd628fc1a0/3f475c1b-8c3e-4268-bf15-4c73842e20a3.jpeg?h=225&w=225,
275216612,Tesco Finest 4 British Beef Steak Burgers 454G,https://www.tesco.com/groceries/en-GB/shop/fresh-food/all?department=Finest%20Fresh%20Food&viewAll=department&page=,£4.00,£8.82/kg,,,/groceries/en-GB/products/275216612,https://digitalcontent.api.tesco.com/v2/media/ghs/63fd8228-d98a-4321-9755-8679d8d2cf0a/fc4cbd55-5a91-453b-a300-2dcaabcfd9a5.jpeg?h=225&w=225,
256381115,Tesco Finest Greek Yogurt 500G,https://www.tesco.com/groceries/en-GB/shop/fresh-food/all?department=Finest%20Fresh%20Food&viewAll=department&page=,£2.25,£0.45/100g,,,/groceries/en-GB/products/256381115,https://digitalcontent.api.tesco.com/v2/media/ghs/f7bcd577-ecd6-457b-bb5b-537798f5459b/18d0476d-b774-47c0-8b47-e8588c55387f.jpeg?h=225&w=225,
289647218,Tesco Finest Jacket Potatoes 4 Pack,https://www.tesco.com/groceries/en-GB/shop/fresh-food/all?department=Finest%20Fresh%20Food&viewAll=department&page=,£1.60,£0.40/each,,,/groceries/en-GB/products/289647218,https://digitalcontent.api.tesco.com/v2/media/ghs/9ef5b0a5-433d-4c8f-ab5c-b05db7df3378/817f0fa7-1650-4c28-a7c9-c80263c113ab.jpeg?h=225&w=225,
309202594,Tesco Finest Tomatoes On The Vine 450G,https://www.tesco.com/groceries/en-GB/shop/fresh-food/all?department=Finest%20Fresh%20Food&viewAll=department&page=,£2.00,£4.45/kg,,,/groceries/en-GB/products/309202594,https://digitalcontent.api.tesco.com/v2/media/ghs/303e9633-8823-41aa-b180-50dde9a0272f/59bf07c6-ef65-4b06-97d2-e6f262074366.jpeg?h=225&w=225,
259703288,Tesco Finest Unsmoked Wiltshire Cured Bacon 240G,https://www.tesco.com/groceries/en-GB/shop/fresh-food/all?department=Finest%20Fresh%20Food&viewAll=department&page=,£3.25,£13.55/kg,,,/groceries/en-GB/products/259703288,https://digitalcontent.api.tesco.com/v2/media/ghs/d9d06249-1dfa-4ef7-bfc7-9b218d196281/5977ff4e-3463-4e27-8f4d-2648ac2cd885.jpeg?h=225&w=225,
282025194,Tesco Finest 12 Beef & Herb Meatballs 336G,https://www.tesco.com/groceries/en-GB/shop/fresh-food/all?department=Finest%20Fresh%20Food&viewAll=department&page=,£3.15,£9.38/kg,£2.65 Clubcard Price,,/groceries/en-GB/products/282025194,https://digitalcontent.api.tesco.com/v2/media/ghs/48296f9a-f5f7-4a77-b7de-cb223119190e/14f5d751-019a-4527-a7de-d03d318a5207_2017485529.jpeg?h=225&w=225,
280002909,Tesco Finest 6 Pork & Bramley Apple Sausages 400G,https://www.tesco.com/groceries/en-GB/shop/fresh-food/all?department=Finest%20Fresh%20Food&viewAll=department&page=,,,,,/groceries/en-GB/products/280002909,,This product's currently out of stock
279993208,Tesco Finest 6 Cumberland Pork Sausages 400G,https://www.tesco.com/groceries/en-GB/shop/fresh-food/all?department=Finest%20Fresh%20Food&viewAll=department&page=,,,,,/groceries/en-GB/products/279993208,,This product's currently out of stock
251523740,Tesco Finest 12 Pork British Chipolata 375G,https://www.tesco.com/groceries/en-GB/shop/fresh-food/all?department=Finest%20Fresh%20Food&viewAll=department&page=,,,,,/groceries/en-GB/products/251523740,,This product's currently out of stock
304395549,Tesco Finest Coleslaw 300G,https://www.tesco.com/groceries/en-GB/shop/fresh-food/all?department=Finest%20Fresh%20Food&viewAll=department&page=,£1.60,£0.53/100g,,,/groceries/en-GB/products/304395549,,
273150945,Tesco Finest Baby Potatoes 750G,https://www.tesco.com/groceries/en-GB/shop/fresh-food/all?department=Finest%20Fresh%20Food&viewAll=department&page=,£1.40,£1.87/kg,,,/groceries/en-GB/products/273150945,,
288115395,Tesco Finest Clementine Or Sweet Easy Peeler 600G,https://www.tesco.com/groceries/en-GB/shop/fresh-food/all?department=Finest%20Fresh%20Food&viewAll=department&page=,£2.50,£4.17/kg,£1.85 Clubcard Price,,/groceries/en-GB/products/288115395,,
296814552,Tesco Finest Spanish Chorizo Ring 225G,https://www.tesco.com/groceries/en-GB/shop/fresh-food/all?department=Finest%20Fresh%20Food&viewAll=department&page=,£2.50,£1.12/100g,£2.00 Clubcard Price,,/groceries/en-GB/products/296814552,https://digitalcontent.api.tesco.com/v2/media/ghs/ab40a3d7-342c-42ac-9d45-1e299a049e4e/c3848eaa-e0fa-4b15-b9d4-1a2369c6eb56_2037965451.jpeg?h=225&w=225,
308859578,Tesco Finest Green Grapes Seedless 400G,https://www.tesco.com/groceries/en-GB/shop/fresh-food/all?department=Finest%20Fresh%20Food&viewAll=department&page=,,,,,/groceries/en-GB/products/308859578,https://digitalcontent.api.tesco.com/v2/media/ghs/55d0dbcc-3229-4b36-9bdc-858bae9f354b/8b35a40a-2037-4451-89f4-7778a5716e8c.jpeg?h=225&w=225,This product's currently out of stock
296070866,Tesco Finest Wiltshire Finely Sliced Ham 125G,https://www.tesco.com/groceries/en-GB/shop/fresh-food/all?department=Finest%20Fresh%20Food&viewAll=department&page=,,,,,/groceries/en-GB/products/296070866,https://digitalcontent.api.tesco.com/v2/media/ghs/0da847f8-af66-4c2c-932d-ddd26eef3b7a/8ca699fc-6e1b-434a-a180-11bd9d1f8e62.jpeg?h=225&w=225,This product's currently out of stock
280002982,Tesco Finest British Pork Sausages 400G,https://www.tesco.com/groceries/en-GB/shop/fresh-food/all?department=Finest%20Fresh%20Food&viewAll=department&page=,,,,,/groceries/en-GB/products/280002982,https://digitalcontent.api.tesco.com/v2/media/ghs/5234539c-7cf7-41d9-ba5d-70d82ff19410/f9efebe3-cf22-443f-b226-aa2e884ea6a9.jpeg?h=225&w=225,This product's currently out of stock
308091212,Tesco Finest Piccobella Tomatoes 220G,https://www.tesco.com/groceries/en-GB/shop/fresh-food/all?department=Finest%20Fresh%20Food&viewAll=department&page=,£1.75,£7.96/kg,,,/groceries/en-GB/products/308091212,https://digitalcontent.api.tesco.com/v2/media/ghs/8dddc877-295e-494b-92df-442663c27ca1/ac50def1-324d-40c7-b2e6-339e56ae023a.jpeg?h=225&w=225,
261958659,Tesco Finest Aberdeen Angus Steak Mince 500G,https://www.tesco.com/groceries/en-GB/shop/fresh-food/all?department=Finest%20Fresh%20Food&viewAll=department&page=,£4.45,£8.90/kg,£3.75 Clubcard Price,,/groceries/en-GB/products/261958659,https://digitalcontent.api.tesco.com/v2/media/ghs/87c37934-48f2-4a98-9709-d7344cf86608/65e3c69e-97a4-4a9d-8532-584da2c61f84.jpeg?h=225&w=225,
276252774,Tesco Finest Coleslaw 180G,https://www.tesco.com/groceries/en-GB/shop/fresh-food/all?department=Finest%20Fresh%20Food&viewAll=department&page=,£1.10,£0.61/100g,,,/groceries/en-GB/products/276252774,https://digitalcontent.api.tesco.com/v2/media/ghs/1002727a-c176-4776-90ef-8e77c772cf38/54894ca3-e0d7-46e1-b2c0-6c9d0436176c.jpeg?h=225&w=225,
309452019,Tesco Finest 5% Aberdeen Angus Steak Mince 500G,https://www.tesco.com/groceries/en-GB/shop/fresh-food/all?department=Finest%20Fresh%20Food&viewAll=department&page=,£4.25,£8.50/kg,,,/groceries/en-GB/products/309452019,https://digitalcontent.api.tesco.com/v2/media/ghs/e3f7ef44-577f-4139-a982-0eae21171f4c/2744f6f2-9851-4d90-8429-d90941505926.jpeg?h=225&w=225,
304792155,Tesco Finest British Red Potatoes 2Kg,https://www.tesco.com/groceries/en-GB/shop/fresh-food/all?department=Finest%20Fresh%20Food&viewAll=department&page=,£2.20,£1.10/kg,,,/groceries/en-GB/products/304792155,https://digitalcontent.api.tesco.com/v2/media/ghs/046d9678-0955-44e1-a3e9-afa49f3829c6/77f863ba-a828-4685-912c-817a79aa91fc.jpeg?h=225&w=225,
308481534,Tesco Finest Sugarbelle Tomatoes 220G,https://www.tesco.com/groceries/en-GB/shop/fresh-food/all?department=Finest%20Fresh%20Food&viewAll=department&page=,£1.75,£7.96/kg,,,/groceries/en-GB/products/308481534,https://digitalcontent.api.tesco.com/v2/media/ghs/5a2af6e6-4413-4c67-a9c8-929916cbc0f8/be239cc0-2fb9-4f05-895a-84a7586f358c.jpeg?h=225&w=225,
287377771,Tesco Finest Raspberries 150G,https://www.tesco.com/groceries/en-GB/shop/fresh-food/all?department=Finest%20Fresh%20Food&viewAll=department&page=,£2.50,£16.67/kg,,,/groceries/en-GB/products/287377771,https://digitalcontent.api.tesco.com/v2/media/ghs/cc7ecc2b-38df-4036-ae3c-554c87d29f41/1f42c910-2e07-45ce-bf48-9af991cf0147.jpeg?h=225&w=225,
275174349,Tesco Finest Unsmoked Drycure Back Bacon 8 Rashers 240G,https://www.tesco.com/groceries/en-GB/shop/fresh-food/all?department=Finest%20Fresh%20Food&viewAll=department&page=,£3.25,£13.55/kg,£2.50 Clubcard Price,,/groceries/en-GB/products/275174349,https://digitalcontent.api.tesco.com/v2/media/ghs/966d6ee5-0a23-429c-9c75-f36163521a30/a35acdcc-fac7-42a5-8865-3ed4f82f0b12.jpeg?h=225&w=225,
297888940,Tesco Finest Sweet & Fiery Beetroot 180G,https://www.tesco.com/groceries/en-GB/shop/fresh-food/all?department=Finest%20Fresh%20Food&viewAll=department&page=,£1.60,£8.89/kg,,,/groceries/en-GB/products/297888940,https://digitalcontent.api.tesco.com/v2/media/ghs/434fee9a-0a93-4825-95bc-cacd42864da9/246b0cd0-0b55-4bc1-a306-1843cbcb9387.jpeg?h=225&w=225,
308495443,Tesco Finest Sirloin Steak 227G,https://www.tesco.com/groceries/en-GB/shop/fresh-food/all?department=Finest%20Fresh%20Food&viewAll=department&page=,£5.05,£22.25/kg,,,/groceries/en-GB/products/308495443,https://digitalcontent.api.tesco.com/v2/media/ghs/843ffbf0-9d33-465c-b75f-7d975908959d/f968333a-ee6f-4303-9cea-a435d7ff42fc.jpeg?h=225&w=225,
292606718,Tesco Finest 2 Cornfed Free Range Chicken Fillets 270G-470G,https://www.tesco.com/groceries/en-GB/shop/fresh-food/all?department=Finest%20Fresh%20Food&viewAll=department&page=,£4.95,£16.50/kg,,,/groceries/en-GB/products/292606718,https://digitalcontent.api.tesco.com/v2/media/ghs/f14ba2c0-6d38-4c64-84e0-21a3d3e4c58f/5538e139-bbdc-4a41-8e74-276e7cb54db5.jpeg?h=225&w=225,
275174361,Tesco Finest Smoked Dry Cure Back Bacon 8 Rashers 240G,https://www.tesco.com/groceries/en-GB/shop/fresh-food/all?department=Finest%20Fresh%20Food&viewAll=department&page=,£3.25,£13.55/kg,£2.50 Clubcard Price,,/groceries/en-GB/products/275174361,https://digitalcontent.api.tesco.com/v2/media/ghs/d1eb543f-0f03-4fa4-b705-d7ca9f89612e/567a1548-149a-4eb4-8a7d-a70b4d3703a8.jpeg?h=225&w=225,
305041628,Tesco Finest Extra Fine Beans 200G,https://www.tesco.com/groceries/en-GB/shop/fresh-food/all?department=Finest%20Fresh%20Food&viewAll=department&page=,£1.75,£8.75/kg,£1.30 Clubcard Price,,/groceries/en-GB/products/305041628,https://digitalcontent.api.tesco.com/v2/media/ghs/74a80d14-0157-43f7-8331-d5ec488649be/bc3a3be7-9b94-4cd3-909c-0b12847cf40d.jpeg?h=225&w=225,
279899286,Tesco Finest Ham Hock Leek & Potato Gratin 400G,https://www.tesco.com/groceries/en-GB/shop/fresh-food/all?department=Finest%20Fresh%20Food&viewAll=department&page=,£4.00,£10.00/kg,Any 2 for £7 Clubcard Price - Selected Tesco Finest* Ready Meals 350g - 475g,,/groceries/en-GB/products/279899286,https://digitalcontent.api.tesco.com/v2/media/ghs/6abc07ea-8e34-465a-b24b-ead9c7a7fa7b/a573b713-2872-41f7-81f1-c3e3ceb7a09e.jpeg?h=225&w=225,
279899165,Tesco Finest Cottage Pie 400G,https://www.tesco.com/groceries/en-GB/shop/fresh-food/all?department=Finest%20Fresh%20Food&viewAll=department&page=,£4.00,£10.00/kg,Any 2 for £7 Clubcard Price - Selected Tesco Finest* Ready Meals 350g - 475g,,/groceries/en-GB/products/279899165,https://digitalcontent.api.tesco.com/v2/media/ghs/8b58226e-fb7a-49a6-a18c-c7bb67a5a3cd/9febace5-5119-49e0-88ef-59a59a367de9.jpeg?h=225&w=225,
301795306,Tesco Finest Cooked Jumbo King Prawns 150G,https://www.tesco.com/groceries/en-GB/shop/fresh-food/all?department=Finest%20Fresh%20Food&viewAll=department&page=,£4.00,£26.67/kg,,,/groceries/en-GB/products/301795306,https://digitalcontent.api.tesco.com/v2/media/ghs/4427ff70-86a8-4cea-8f80-ffbaea1134fc/b3dcedaa-b7af-420c-8e05-fce3c2d41fca.jpeg?h=225&w=225,
280590908,Tesco Finest Macaroni 'N' Triple Cheese 400G,https://www.tesco.com/groceries/en-GB/shop/fresh-food/all?department=Finest%20Fresh%20Food&viewAll=department&page=,£4.00,£10.00/kg,Any 2 for £7 Clubcard Price - Selected Tesco Finest* Ready Meals 350g - 475g,,/groceries/en-GB/products/280590908,https://digitalcontent.api.tesco.com/v2/media/ghs/444dc439-1845-4064-af70-438d3bebe8e9/9e8c5d2c-393f-41e1-879b-d4a18c76d858.jpeg?h=225&w=225,
261892196,Tesco Finest Spaghetti Bolognese 400G,https://www.tesco.com/groceries/en-GB/shop/fresh-food/all?department=Finest%20Fresh%20Food&viewAll=department&page=,£4.00,£10.00/kg,Any 2 for £7 Clubcard Price - Selected Tesco Finest* Ready Meals 350g - 475g,,/groceries/en-GB/products/261892196,,
307351425,Tesco Finest 2 Thick Whole Slices Roast Ham 125G,https://www.tesco.com/groceries/en-GB/shop/fresh-food/all?department=Finest%20Fresh%20Food&viewAll=department&page=,£3.00,£2.40/100g,,,/groceries/en-GB/products/307351425,,
285104502,Tesco Finest Diced Beef 400G,https://www.tesco.com/groceries/en-GB/shop/fresh-food/all?department=Finest%20Fresh%20Food&viewAll=department&page=,£5.30,£13.25/kg,,,/groceries/en-GB/products/285104502,,
303806338,Tesco Finest Buffalo Mozzarella & Tomato Pizza 420G,https://www.tesco.com/groceries/en-GB/shop/fresh-food/all?department=Finest%20Fresh%20Food&viewAll=department&page=,£4.75,£1.14/100g,Tesco Finest* Meal Deal for £6 Clubcard Price - Buy 1 Pizza & 1 Bread,,/groceries/en-GB/products/303806338,https://digitalcontent.api.tesco.com/v2/media/ghs/14c5f32f-7298-4cb4-aeb0-3be8f1c0cecd/170241b8-3d22-464e-bbe1-910fbbd062b7.jpeg?h=225&w=225,
303806373,Tesco Finest Ham Mushroom Mascarpone Pizza 450G,https://www.tesco.com/groceries/en-GB/shop/fresh-food/all?department=Finest%20Fresh%20Food&viewAll=department&page=,£4.75,£1.06/100g,Tesco Finest* Meal Deal for £6 Clubcard Price - Buy 1 Pizza & 1 Bread,,/groceries/en-GB/products/303806373,https://digitalcontent.api.tesco.com/v2/media/ghs/ab6bd0b0-8aca-42d0-bd28-6ab599047e4c/d66482c1-74be-4f0b-81f0-a52c042a8460.jpeg?h=225&w=225,
303579865,Tesco Finest Roast Chicken & Stuffing 125G,https://www.tesco.com/groceries/en-GB/shop/fresh-food/all?department=Finest%20Fresh%20Food&viewAll=department&page=,£3.00,£2.40/100g,,,/groceries/en-GB/products/303579865,https://digitalcontent.api.tesco.com/v2/media/ghs/047712a6-2a72-48b8-ad05-327efbb5c96b/ef6010c0-a566-49f0-b59c-7e1ed87fb17a.jpeg?h=225&w=225,
258137155,Tesco Finest Creamy Fish Pie 400G,https://www.tesco.com/groceries/en-GB/shop/fresh-food/all?department=Finest%20Fresh%20Food&viewAll=department&page=,£4.00,£10.00/kg,Any 2 for £7 Clubcard Price - Selected Tesco Finest* Ready Meals 350g - 475g,,/groceries/en-GB/products/258137155,https://digitalcontent.api.tesco.com/v2/media/ghs/57409a42-769e-4e80-b9c7-c293e4deabf9/6c09f599-1c64-4a8b-9b15-9a4b518861f5.jpeg?h=225&w=225,
268821142,Tesco Finest 12 Pork & Honey Chipolatas 375G,https://www.tesco.com/groceries/en-GB/shop/fresh-food/all?department=Finest%20Fresh%20Food&viewAll=department&page=,£3.00,£8.00/kg,,,/groceries/en-GB/products/268821142,https://digitalcontent.api.tesco.com/v2/media/ghs/e1fe9f42-a089-4f53-abc2-ff49f746ac29/7494c999-8ce4-4316-9923-d0b5c871ca14.jpeg?h=225&w=225,
288441025,Tesco Finest Chicken Tikka Masala And Pilau Rice 450G,https://www.tesco.com/groceries/en-GB/shop/fresh-food/all?department=Finest%20Fresh%20Food&viewAll=department&page=,£4.00,£8.89/kg,Any 2 for £7 Clubcard Price - Selected Tesco Finest* Ready Meals 350g - 475g,,/groceries/en-GB/products/288441025,https://digitalcontent.api.tesco.com/v2/media/ghs/fe316d7d-ba03-4ac0-98c3-9e62a22ac347/7187e93f-4f85-43a0-82f1-c0704d21414e.jpeg?h=225&w=225,
274749311,Tesco Finest Sweet Potato Coconut & Chilli Soup 600G,https://www.tesco.com/groceries/en-GB/shop/fresh-food/all?department=Finest%20Fresh%20Food&viewAll=department&page=,£2.75,£0.46/100g,Any 2 for £4 Clubcard Price - Selected Tesco Finest* Fresh Soup 600g ,,/groceries/en-GB/products/274749311,https://digitalcontent.api.tesco.com/v2/media/ghs/94ba7d9a-9aa0-4f4b-886b-bc0a235d3dde/eb218b6f-9c07-4199-ab05-632ab28aed78.jpeg?h=225&w=225,
291817879,Tesco Finest 2 Salmon Spinach & Lemon Fishcakes 290G,https://www.tesco.com/groceries/en-GB/shop/fresh-food/all?department=Finest%20Fresh%20Food&viewAll=department&page=,£2.75,£9.49/kg,,,/groceries/en-GB/products/291817879,https://digitalcontent.api.tesco.com/v2/media/ghs/7b926b0c-02e3-49d2-96e0-777c1cd407f1/aa1974f3-c56a-42d1-994d-511a06f7ef2b.jpeg?h=225&w=225,
279899292,Tesco Finest Pulled Beef & Creamy Creamy Mash 450G,https://www.tesco.com/groceries/en-GB/shop/fresh-food/all?department=Finest%20Fresh%20Food&viewAll=department&page=,£4.00,£8.89/kg,Any 2 for £7 Clubcard Price - Selected Tesco Finest* Ready Meals 350g - 475g,,/groceries/en-GB/products/279899292,https://digitalcontent.api.tesco.com/v2/media/ghs/c0121851-7200-4179-ad2a-3a4400c81ff8/8bb4a046-51bd-4ec3-93b8-e65994d79aad.jpeg?h=225&w=225,
253751308,Tesco Finest Pea & Wiltshire Cured Ham Soup 600G,https://www.tesco.com/groceries/en-GB/shop/fresh-food/all?department=Finest%20Fresh%20Food&viewAll=department&page=,£2.75,£0.46/100g,Any 2 for £4 Clubcard Price - Selected Tesco Finest* Fresh Soup 600g ,,/groceries/en-GB/products/253751308,https://digitalcontent.api.tesco.com/v2/media/ghs/ce7929cd-297d-40fc-aa22-d9394b72d51c/bf7cbe48-b007-431c-9a83-badc5778163d.jpeg?h=225&w=225,
291844640,Tesco Finest 2 Smoked Haddock Fishcakes 290G,https://www.tesco.com/groceries/en-GB/shop/fresh-food/all?department=Finest%20Fresh%20Food&viewAll=department&page=,£2.75,£0.95/100g,,,/groceries/en-GB/products/291844640,https://digitalcontent.api.tesco.com/v2/media/ghs/08fb53ae-3f6e-4fd2-9280-96722cdd0fee/1dc2b962-ccee-4ff6-8ed6-0e09cd57a272.jpeg?h=225&w=225,
295981947,Tesco Finest 14 Month Parma Ham 78G,https://www.tesco.com/groceries/en-GB/shop/fresh-food/all?department=Finest%20Fresh%20Food&viewAll=department&page=,£2.65,£3.40/100g,,,/groceries/en-GB/products/295981947,https://digitalcontent.api.tesco.com/v2/media/ghs/69d532a6-7fab-40ee-9521-4f3f8a7e664c/82c33750-534d-4296-ab67-b5ddef310a78_1989377468.jpeg?h=225&w=225,
303717893,Tesco Finest Chicken & Mushroom Soup 600G,https://www.tesco.com/groceries/en-GB/shop/fresh-food/all?department=Finest%20Fresh%20Food&viewAll=department&page=,£2.75,£0.46/100g,Any 2 for £4 Clubcard Price - Selected Tesco Finest* Fresh Soup 600g ,,/groceries/en-GB/products/303717893,https://digitalcontent.api.tesco.com/v2/media/ghs/5f656b35-d6a6-4a02-8c7f-9c0f877a750e/b392a68c-69d4-448c-82d2-7095e44a272d.jpeg?h=225&w=225,
261945191,Tesco Finest Belgian Chocolate Mousse 100G,https://www.tesco.com/groceries/en-GB/shop/fresh-food/all?department=Finest%20Fresh%20Food&viewAll=department&page=,£1.00,£1.00/100g,,,/groceries/en-GB/products/261945191,https://digitalcontent.api.tesco.com/v2/media/ghs/1226c535-22c1-467e-a67e-a49293be58eb/09ef569a-0e4d-43fe-8814-cba1f24b9654.jpeg?h=225&w=225,
304794055,Tesco Finest All Rounder Potatoes 2Kg,https://www.tesco.com/groceries/en-GB/shop/fresh-food/all?department=Finest%20Fresh%20Food&viewAll=department&page=,£2.20,£1.10/kg,,,/groceries/en-GB/products/304794055,https://digitalcontent.api.tesco.com/v2/media/ghs/f15beae2-2f7a-4451-8006-7eaf92589d6b/3170f436-23d4-4e8e-876a-2ff3b602ca82.jpeg?h=225&w=225,
303226327,Tesco Finest Scottish Salmon Fillets 240G,https://www.tesco.com/groceries/en-GB/shop/fresh-food/all?department=Finest%20Fresh%20Food&viewAll=department&page=,£4.90,£20.42/kg,,,/groceries/en-GB/products/303226327,https://digitalcontent.api.tesco.com/v2/media/ghs/20279572-ecdb-4b31-be21-9ee012cdc8f4/2b173cce-f87b-426e-a822-10e6d8b206d3.jpeg?h=225&w=225,
308477494,Tesco Finest Rump Steak 255G,https://www.tesco.com/groceries/en-GB/shop/fresh-food/all?department=Finest%20Fresh%20Food&viewAll=department&page=,,,,,/groceries/en-GB/products/308477494,https://digitalcontent.api.tesco.com/v2/media/ghs/dd433256-c304-4a95-92cc-98368e244ad3/a025a5a7-e798-4c17-9442-79b73bba1e3d.jpeg?h=225&w=225,This product's currently out of stock
286694229,Tesco Finest 20 Mini Meatballs 336G,https://www.tesco.com/groceries/en-GB/shop/fresh-food/all?department=Finest%20Fresh%20Food&viewAll=department&page=,£3.15,£9.38/kg,,,/groceries/en-GB/products/286694229,https://digitalcontent.api.tesco.com/v2/media/ghs/097893ad-9911-4b11-aa4f-fe1efe3c0d98/d60dbfae-2c1c-4f67-a437-16f391ba5131.jpeg?h=225&w=225,
308824366,Tesco Finest Red Grapes Seedless 400G,https://www.tesco.com/groceries/en-GB/shop/fresh-food/all?department=Finest%20Fresh%20Food&viewAll=department&page=,£2.20,£5.50/kg,,,/groceries/en-GB/products/308824366,https://digitalcontent.api.tesco.com/v2/media/ghs/32113a3c-d53f-4ee3-9435-2b9586f0628b/a81125f3-878f-4071-b85e-46553e063320.jpeg?h=225&w=225,
268412616,Tesco Finest Blueberries 150G Class 1,https://www.tesco.com/groceries/en-GB/shop/fresh-food/all?department=Finest%20Fresh%20Food&viewAll=department&page=,£2.60,£17.34/kg,,,/groceries/en-GB/products/268412616,https://digitalcontent.api.tesco.com/v2/media/ghs/ebe6d027-4eb2-4bd5-ba21-7f596f5d0d14/fbc57ce7-2afe-4e83-a2f4-c9c0b8c422ff.jpeg?h=225&w=225,
308457649,Tesco Finest Maple Bacon & Extra Mature Cheddar Quiche 420G,https://www.tesco.com/groceries/en-GB/shop/fresh-food/all?department=Finest%20Fresh%20Food&viewAll=department&page=,£3.50,£0.83/100g,£3.00 Clubcard Price,,/groceries/en-GB/products/308457649,https://digitalcontent.api.tesco.com/v2/media/ghs/c4455f6f-8da7-48a7-95d7-cfb11992f8ca/61b2ee16-183d-4e7b-b352-da2a1d392796.jpeg?h=225&w=225,
296481201,Tesco Finest Garlic & Parsley Ciabatta 255G,https://www.tesco.com/groceries/en-GB/shop/fresh-food/all?department=Finest%20Fresh%20Food&viewAll=department&page=,£2.55,£1.00/100g,Tesco Finest* Meal Deal for £6 Clubcard Price - Buy 1 Pizza & 1 Bread,,/groceries/en-GB/products/296481201,https://digitalcontent.api.tesco.com/v2/media/ghs/acfb1429-a03c-47e8-9974-c48c38cd37ec/18459e08-b05a-430e-932f-2f6702c79d67.jpeg?h=225&w=225,
303391549,Finest Strawberries 227G,https://www.tesco.com/groceries/en-GB/shop/fresh-food/all?department=Finest%20Fresh%20Food&viewAll=department&page=,,,,,/groceries/en-GB/products/303391549,,This product's currently out of stock
305053885,Tesco Finest Cavolo Nero Kale 200G,https://www.tesco.com/groceries/en-GB/shop/fresh-food/all?department=Finest%20Fresh%20Food&viewAll=department&page=,£1.50,£7.50/kg,,,/groceries/en-GB/products/305053885,,
305976207,Tesco Finest West Country Butter & Sea Salt 250G,https://www.tesco.com/groceries/en-GB/shop/fresh-food/all?department=Finest%20Fresh%20Food&viewAll=department&page=,£2.35,£9.40/kg,,,/groceries/en-GB/products/305976207,https://digitalcontent.api.tesco.com/v2/media/ghs/0ac24eb6-edca-4a2b-bc77-fe58c69b2695/58feb4b6-1dbe-4d7f-a5eb-3f330d3efce9_531402899.jpeg?h=225&w=225,
261992145,Tesco Finest* Smoked Dry Cure Streaky Bacon,https://www.tesco.com/groceries/en-GB/shop/fresh-food/all?department=Finest%20Fresh%20Food&viewAll=department&page=,£3.25,£13.55/kg,,,/groceries/en-GB/products/261992145,https://digitalcontent.api.tesco.com/v2/media/ghs/d67b57f2-5ad0-4d38-87f4-967c582006a8/0ebc97f2-aac5-4b5c-b562-1029c3b37af8.jpeg?h=225&w=225,
259098826,Finest Echalion Shallots 400G,https://www.tesco.com/groceries/en-GB/shop/fresh-food/all?department=Finest%20Fresh%20Food&viewAll=department&page=,£1.35,£3.38/kg,,,/groceries/en-GB/products/259098826,https://digitalcontent.api.tesco.com/v2/media/ghs/aeb2cc32-3b59-4c41-992e-70379e1050a2/57bf5701-c668-4c3e-91cd-a0d69138e417_1890243274.jpeg?h=225&w=225,
287593399,Tesco Finest Mixed Baby Tomatoes 250G,https://www.tesco.com/groceries/en-GB/shop/fresh-food/all?department=Finest%20Fresh%20Food&viewAll=department&page=,£1.75,£7.00/kg,,,/groceries/en-GB/products/287593399,https://digitalcontent.api.tesco.com/v2/media/ghs/72357083-8455-41c6-b638-9670c9ca887e/9b83dd83-48d6-4545-a7ce-ac791bbbb633.jpeg?h=225&w=225,
251298216,Tesco Finest Sweet Pointed Peppers 220G,https://www.tesco.com/groceries/en-GB/shop/fresh-food/all?department=Finest%20Fresh%20Food&viewAll=department&page=,£1.60,£7.28/kg,,,/groceries/en-GB/products/251298216,https://digitalcontent.api.tesco.com/v2/media/ghs/27f2da6c-b994-4e00-b8a0-c5bc378b8420/89a2fee9-e505-479a-9b97-add5fb8c16ad.jpeg?h=225&w=225,
307346023,Tesco Finest Sweet Mini Peppers 220G,https://www.tesco.com/groceries/en-GB/shop/fresh-food/all?department=Finest%20Fresh%20Food&viewAll=department&page=,£1.70,£7.73/kg,,,/groceries/en-GB/products/307346023,https://digitalcontent.api.tesco.com/v2/media/ghs/76718eb7-a1ad-459a-98fe-6564a9f16249/68d63be0-d4ac-4f72-816f-e06907c3caf0.jpeg?h=225&w=225,
276054144,Tesco Finest British Cornfed Free Range Whole Chicken,https://www.tesco.com/groceries/en-GB/shop/fresh-food/all?department=Finest%20Fresh%20Food&viewAll=department&page=,£10.23,£6.20/kg,,,/groceries/en-GB/products/276054144,https://digitalcontent.api.tesco.com/v2/media/ghs/d631c27a-f1bf-4d62-8ede-7d2b0d19a9bf/778a2870-1bb2-49d5-a8cf-6c589bbf6028.jpeg?h=225&w=225,
294007848,Tesco Finest Raw Jumbo King Prawns 165G,https://www.tesco.com/groceries/en-GB/shop/fresh-food/all?department=Finest%20Fresh%20Food&viewAll=department&page=,£4.00,£24.25/kg,,,/groceries/en-GB/products/294007848,https://digitalcontent.api.tesco.com/v2/media/ghs/e67a39a9-164c-4588-85de-ea2b85e74a01/1e5e97e3-e833-422b-bcb0-ab76c3497af6.jpeg?h=225&w=225,
303806396,Tesco Finest Spicy Salami & Red Chilli Pizza 405G,https://www.tesco.com/groceries/en-GB/shop/fresh-food/all?department=Finest%20Fresh%20Food&viewAll=department&page=,£4.75,£1.18/100g,Tesco Finest* Meal Deal for £6 Clubcard Price - Buy 1 Pizza & 1 Bread,,/groceries/en-GB/products/303806396,https://digitalcontent.api.tesco.com/v2/media/ghs/c5a81cfe-a79a-4660-a9c8-54d71fb62983/d673135a-9361-4d91-a32d-d4564188b300.jpeg?h=225&w=225,
275503762,Tesco Finest British Cornfed Free Range Thigh Fillets 430G,https://www.tesco.com/groceries/en-GB/shop/fresh-food/all?department=Finest%20Fresh%20Food&viewAll=department&page=,£4.60,£10.70/kg,,,/groceries/en-GB/products/275503762,https://digitalcontent.api.tesco.com/v2/media/ghs/a2d75a92-ea1b-4f22-a757-2d8f423391aa/f4d217e2-f0a5-496d-9b44-84990c828a65.jpeg?h=225&w=225,
266748693,Tesco Finest Spaghetti Carbonara 400G,https://www.tesco.com/groceries/en-GB/shop/fresh-food/all?department=Finest%20Fresh%20Food&viewAll=department&page=,£4.00,£10.00/kg,Any 2 for £7 Clubcard Price - Selected Tesco Finest* Ready Meals 350g - 475g,,/groceries/en-GB/products/266748693,https://digitalcontent.api.tesco.com/v2/media/ghs/01e41681-dbf3-40d4-9945-eec980cdcedb/69fbd8f7-abd8-42e1-a928-8c14d9c27323.jpeg?h=225&w=225,
294173984,Tesco Finest Extra Mature English Cheddar 350G,https://www.tesco.com/groceries/en-GB/shop/fresh-food/all?department=Finest%20Fresh%20Food&viewAll=department&page=,£3.25,£9.29/kg,,,/groceries/en-GB/products/294173984,https://digitalcontent.api.tesco.com/v2/media/ghs/da5fa451-0c31-4d8e-b335-4e799dfbec67/66c7d118-b127-41c5-abaf-b3764f19b762_1677555940.jpeg?h=225&w=225,
306943493,Tesco Finest Crispy Garlic & Herb Chicken Escalope 320G,https://www.tesco.com/groceries/en-GB/shop/fresh-food/all?department=Finest%20Fresh%20Food&viewAll=department&page=,£3.70,£11.57/kg,,,/groceries/en-GB/products/306943493,https://digitalcontent.api.tesco.com/v2/media/ghs/5fa933fb-2312-4480-ba3d-6e74566b1c22/4dce1ab3-d822-4f2a-a4a4-fdc18c81d3e4.jpeg?h=225&w=225,
294174009,Tesco Finest Vintage Cheddar 300G,https://www.tesco.com/groceries/en-GB/shop/fresh-food/all?department=Finest%20Fresh%20Food&viewAll=department&page=,£3.25,£10.84/kg,,,/groceries/en-GB/products/294174009,https://digitalcontent.api.tesco.com/v2/media/ghs/87d04155-357b-441d-8ee0-6717426e0c8e/948c8626-7668-4a99-a68f-c57adecca949_1583810182.jpeg?h=225&w=225,
279992336,Tesco Finest Pork Sausage Meat 350G,https://www.tesco.com/groceries/en-GB/shop/fresh-food/all?department=Finest%20Fresh%20Food&viewAll=department&page=,£3.00,£8.58/kg,,,/groceries/en-GB/products/279992336,https://digitalcontent.api.tesco.com/v2/media/ghs/8cdc4be4-5368-4e7a-b216-a0d38f5a8346/ce59c704-268f-445b-a5c7-730309ad3246.jpeg?h=225&w=225,
292278040,Tesco Finest Brussels Pate 170G,https://www.tesco.com/groceries/en-GB/shop/fresh-food/all?department=Finest%20Fresh%20Food&viewAll=department&page=,£2.50,£1.48/100g,,,/groceries/en-GB/products/292278040,https://digitalcontent.api.tesco.com/v2/media/ghs/3b4fda5c-e000-40ed-807b-8ab98de4a9d7/d66cdea8-4ff3-4eb4-9d50-a3d80334ac2d_1005191921.jpeg?h=225&w=225,
279899096,Tesco Finest Shepherds Pie 400G,https://www.tesco.com/groceries/en-GB/shop/fresh-food/all?department=Finest%20Fresh%20Food&viewAll=department&page=,£4.00,£10.00/kg,Any 2 for £7 Clubcard Price - Selected Tesco Finest* Ready Meals 350g - 475g,,/groceries/en-GB/products/279899096,https://digitalcontent.api.tesco.com/v2/media/ghs/065a3c41-bb1d-4938-b0ab-82fdef82fd00/965f4142-c1bc-4462-8455-587f077cbec6.jpeg?h=225&w=225,
262707986,Tesco Finest Vine Sun Dried Tomato & Lentil Soup 600G,https://www.tesco.com/groceries/en-GB/shop/fresh-food/all?department=Finest%20Fresh%20Food&viewAll=department&page=,£2.75,£0.46/100g,Any 2 for £4 Clubcard Price - Selected Tesco Finest* Fresh Soup 600g ,,/groceries/en-GB/products/262707986,https://digitalcontent.api.tesco.com/v2/media/ghs/0395567f-9b68-4a07-be70-bad4dd8bdb82/dfd50a75-b0d4-41f3-93ce-62aeebcbb33a.jpeg?h=225&w=225,
297661367,Tesco Finest Red Chicken Curry & Coconut Jasmine Rice 440G,https://www.tesco.com/groceries/en-GB/shop/fresh-food/all?department=Finest%20Fresh%20Food&viewAll=department&page=,£4.00,£9.10/kg,Any 2 for £7 Clubcard Price - Selected Tesco Finest* Ready Meals 350g - 475g,,/groceries/en-GB/products/297661367,https://digitalcontent.api.tesco.com/v2/media/ghs/72f46b69-be08-4277-8b3c-1ab46b66c013/0b9b7c7f-a3dd-4da1-897a-84f610f68b11.jpeg?h=225&w=225,
302676947,Tesco Finest Medjool Dates 200G,https://www.tesco.com/groceries/en-GB/shop/fresh-food/all?department=Finest%20Fresh%20Food&viewAll=department&page=,£2.50,£12.50/kg,,,/groceries/en-GB/products/302676947,https://digitalcontent.api.tesco.com/v2/media/ghs/dc17400b-4081-40c6-94b3-06078b097ae0/97b80587-f7a8-49ae-af50-6d2c1a7842af_49173485.jpeg?h=225&w=225,
266078241,Tesco Finest Spinach Pinenut Pasta 215G,https://www.tesco.com/groceries/en-GB/shop/fresh-food/all?department=Finest%20Fresh%20Food&viewAll=department&page=,£2.35,£1.10/100g,,,/groceries/en-GB/products/266078241,https://digitalcontent.api.tesco.com/v2/media/ghs/cb2623f2-8306-4fa2-91a8-343027efe572/8a3afb98-328d-47dc-8c53-ff462e809624.jpeg?h=225&w=225,
251039075,Tesco Finest 12 Cumberland Chipolata 375G,https://www.tesco.com/groceries/en-GB/shop/fresh-food/all?department=Finest%20Fresh%20Food&viewAll=department&page=,£3.00,£8.00/kg,,,/groceries/en-GB/products/251039075,https://digitalcontent.api.tesco.com/v2/media/ghs/23174470-8d25-4cc9-b843-6e8039e1866b/bc5fc0df-4de3-4072-aab8-af0c08760c79.jpeg?h=225&w=225,
259335662,Tesco Finest Moroccan Inspired Chicken Soup 600G,https://www.tesco.com/groceries/en-GB/shop/fresh-food/all?department=Finest%20Fresh%20Food&viewAll=department&page=,£2.75,£0.46/100g,Any 2 for £4 Clubcard Price - Selected Tesco Finest* Fresh Soup 600g ,,/groceries/en-GB/products/259335662,https://digitalcontent.api.tesco.com/v2/media/ghs/baf76ab4-8400-4ff2-b853-267adbac8eab/b1d16594-0b20-41c9-81e8-6244617144f1.jpeg?h=225&w=225,
264744337,Tesco Finest Steak Ragu Pappardelle 400G,https://www.tesco.com/groceries/en-GB/shop/fresh-food/all?department=Finest%20Fresh%20Food&viewAll=department&page=,£4.00,£10.00/kg,Any 2 for £7 Clubcard Price - Selected Tesco Finest* Ready Meals 350g - 475g,,/groceries/en-GB/products/264744337,https://digitalcontent.api.tesco.com/v2/media/ghs/9ed34736-3f69-4ddd-b4ae-65aa5e275f72/594839ad-0e1d-4bdc-bad0-6aa64c8957d0.jpeg?h=225&w=225,
267023345,Tesco Finest Pesto & Basil Sauce 130G,https://www.tesco.com/groceries/en-GB/shop/fresh-food/all?department=Finest%20Fresh%20Food&viewAll=department&page=,£2.60,£2.00/100g,,,/groceries/en-GB/products/267023345,https://digitalcontent.api.tesco.com/v2/media/ghs/b03376bb-264c-432b-842f-5420ec3f4719/c5f9b9e6-76ab-456e-98cf-b923a697753b.jpeg?h=225&w=225,
275281049,Tesco Finest 0% Fat Greek Yogurt 500G,https://www.tesco.com/groceries/en-GB/shop/fresh-food/all?department=Finest%20Fresh%20Food&viewAll=department&page=,£2.25,£0.45/100g,,,/groceries/en-GB/products/275281049,https://digitalcontent.api.tesco.com/v2/media/ghs/39d66090-529f-4676-a753-b96fe4e5ea66/ba7ffeb5-aeb3-46c7-a22a-9214e5ac84dc.jpeg?h=225&w=225,
308859837,Tesco Finest Vintage Cheddar & Caramelised Onion Quiche 420G,https://www.tesco.com/groceries/en-GB/shop/fresh-food/all?department=Finest%20Fresh%20Food&viewAll=department&page=,£3.50,£0.83/100g,£3.00 Clubcard Price,,/groceries/en-GB/products/308859837,https://digitalcontent.api.tesco.com/v2/media/ghs/660d6f04-4c18-46d3-bb2e-a34f13c254a8/59ecbeac-f8ff-4474-8249-d16d4f370ed3.jpeg?h=225&w=225,
296070895,Tesco Finest Smoked Applewood Ham 125G,https://www.tesco.com/groceries/en-GB/shop/fresh-food/all?department=Finest%20Fresh%20Food&viewAll=department&page=,£3.00,£2.40/100g,£2.25 Clubcard Price,,/groceries/en-GB/products/296070895,https://digitalcontent.api.tesco.com/v2/media/ghs/a9d68807-c100-4177-8423-ff1f928f5dbb/e85d6d4d-ea7f-4500-8a9f-252cdea0ebb6.jpeg?h=225&w=225,
275318555,Tesco Finest Spanish Spicy Chorizo 225G,https://www.tesco.com/groceries/en-GB/shop/fresh-food/all?department=Finest%20Fresh%20Food&viewAll=department&page=,£2.50,£1.12/100g,,,/groceries/en-GB/products/275318555,https://digitalcontent.api.tesco.com/v2/media/ghs/22942e6d-5e4b-447b-96a1-e729d81e285d/76453c33-0ab3-4198-9b12-81cbcf085390.jpeg?h=225&w=225,
299344319,Tesco Finest 4 Beef Dripping York Shire Puddings 190G,https://www.tesco.com/groceries/en-GB/shop/fresh-food/all?department=Finest%20Fresh%20Food&viewAll=department&page=,£2.25,£1.19/100g,,,/groceries/en-GB/products/299344319,https://digitalcontent.api.tesco.com/v2/media/ghs/bbd96ef4-4b67-4b96-a226-f227bc6a66ee/0c8961ed-974c-4932-a1d5-48567b7004fa.jpeg?h=225&w=225,
260655103,Tesco Finest Reserve Swiss Gruyere 195G,https://www.tesco.com/groceries/en-GB/shop/fresh-food/all?department=Finest%20Fresh%20Food&viewAll=department&page=,£3.50,£17.95/kg,,,/groceries/en-GB/products/260655103,https://digitalcontent.api.tesco.com/v2/media/ghs/7a6993ab-273f-4dbd-bfe7-5628007a4b68/3262a5a1-2bab-4fea-aa79-80156cbb71cb.jpeg?h=225&w=225,
261742386,Tesco 4 Finest Caramelised Onion Burger,https://www.tesco.com/groceries/en-GB/shop/fresh-food/all?department=Finest%20Fresh%20Food&viewAll=department&page=,£4.00,£8.82/kg,£3.50 Clubcard Price,,/groceries/en-GB/products/261742386,https://digitalcontent.api.tesco.com/v2/media/ghs/8bea076a-ca65-4cd8-b560-3c6faddb0786/d1f4f54c-5adc-45e0-a1d9-944f03951aa2.jpeg?h=225&w=225,
261969306,Tesco Finest* Unsmoked Dry Cure Streaky,https://www.tesco.com/groceries/en-GB/shop/fresh-food/all?department=Finest%20Fresh%20Food&viewAll=department&page=,£3.25,£13.55/kg,,,/groceries/en-GB/products/261969306,https://digitalcontent.api.tesco.com/v2/media/ghs/58720239-38bf-4431-9301-600c345f9723/56f8edb7-405d-4fab-b38b-2395adf4b298.jpeg?h=225&w=225,
268798508,Tesco Finest Beef Chianti & Rosemary Potatoes 450G,https://www.tesco.com/groceries/en-GB/shop/fresh-food/all?department=Finest%20Fresh%20Food&viewAll=department&page=,£4.00,£8.89/kg,Any 2 for £7 Clubcard Price - Selected Tesco Finest* Ready Meals 350g - 475g,,/groceries/en-GB/products/268798508,https://digitalcontent.api.tesco.com/v2/media/ghs/822b84d4-b77d-459d-8399-be7bce19bd67/c5a4e488-9ad5-45d7-88ca-985f1988f117.jpeg?h=225&w=225,
276772509,Tesco Finest Parmigiano Reggiano Parmesan 170G,https://www.tesco.com/groceries/en-GB/shop/fresh-food/all?department=Finest%20Fresh%20Food&viewAll=department&page=,£3.50,£20.59/kg,,,/groceries/en-GB/products/276772509,https://digitalcontent.api.tesco.com/v2/media/ghs/63ee4ccc-214f-4865-981f-9ddb148b9a41/12b41920-a5e8-42cd-bc2e-8a072ca467d6.jpeg?h=225&w=225,
286266161,Tesco Finest Cheddar Red Onion Mini Flatbreads 295G,https://www.tesco.com/groceries/en-GB/shop/fresh-food/all?department=Finest%20Fresh%20Food&viewAll=department&page=,£2.55,£0.86/100g,Tesco Finest* Meal Deal for £6 Clubcard Price - Buy 1 Pizza & 1 Bread,,/groceries/en-GB/products/286266161,https://digitalcontent.api.tesco.com/v2/media/ghs/20ac86f7-ebd7-4ecb-bdb2-895ed4a5a491/95145d8b-3bb6-4b5a-80cb-bf23e2bc68f0.jpeg?h=225&w=225,
303287156,Wine Route Chilean Merlot 75Cl,https://www.tesco.com/groceries/en-GB/shop/fresh-food/all?department=Finest%20Fresh%20Food&viewAll=department&page=,£7.00,£7.00/75cl,"Tesco Finest* Meal Deal for £12 Clubcard Price - Buy 1 Main, 1 Side, 1 Dessert & A Drink",,/groceries/en-GB/products/303287156,https://digitalcontent.api.tesco.com/v2/media/ghs/1defdd79-0420-4ffb-badb-57712cff3fbd/bba7b404-5ea7-459d-8c26-4b5ea3fc850f_90222290.jpeg?h=225&w=225,
303174687,Tesco Finest The Ultimate Brisket & Chuck Burgers 340G,https://www.tesco.com/groceries/en-GB/shop/fresh-food/all?department=Finest%20Fresh%20Food&viewAll=department&page=,£3.00,£8.83/kg,,,/groceries/en-GB/products/303174687,https://digitalcontent.api.tesco.com/v2/media/ghs/7e7608e4-c462-4091-9bdc-61ced21d8c52/9b88755c-b1dc-453f-b049-7992730a0b19.jpeg?h=225&w=225,
253154977,Tesco Finest Custard 500G,https://www.tesco.com/groceries/en-GB/shop/fresh-food/all?department=Finest%20Fresh%20Food&viewAll=department&page=,£2.20,£0.44/100g,,,/groceries/en-GB/products/253154977,https://digitalcontent.api.tesco.com/v2/media/ghs/ca25e3af-4740-482d-9856-29f389518b88/36dc63b9-9421-43d4-9d65-aa54d85731c2.jpeg?h=225&w=225,
296447560,Tesco Finest West Country Cheddar Coleslaw 250G,https://www.tesco.com/groceries/en-GB/shop/fresh-food/all?department=Finest%20Fresh%20Food&viewAll=department&page=,£1.65,£0.66/100g,,,/groceries/en-GB/products/296447560,https://digitalcontent.api.tesco.com/v2/media/ghs/7dd2054c-795d-44c5-bbac-26c63a6aa84c/8cc19b22-d2d5-4d1f-bcea-64a3ee9a80c2.jpeg?h=225&w=225,
273664769,Tesco Finest Shiitake Mushrooms 125G,https://www.tesco.com/groceries/en-GB/shop/fresh-food/all?department=Finest%20Fresh%20Food&viewAll=department&page=,£1.70,£13.60/kg,,,/groceries/en-GB/products/273664769,https://digitalcontent.api.tesco.com/v2/media/ghs/f206b7b0-cde4-4500-ac30-070c65e79b00/1cb64927-ce70-47b6-909e-326b62bff141.jpeg?h=225&w=225,
303270573,Tesco Finest Skinless & Boneless Cod Loins 280G,https://www.tesco.com/groceries/en-GB/shop/fresh-food/all?department=Finest%20Fresh%20Food&viewAll=department&page=,£5.60,£20.00/kg,,,/groceries/en-GB/products/303270573,https://digitalcontent.api.tesco.com/v2/media/ghs/e7fdb111-481f-4fe5-a8a2-567fcebb077d/2ac78e72-5a53-4988-847c-0f13b6289bf6.jpeg?h=225&w=225,
305831517,Tesco Finest Moroccan Inspired Couscous 230G,https://www.tesco.com/groceries/en-GB/shop/fresh-food/all?department=Finest%20Fresh%20Food&viewAll=department&page=,£2.35,£1.03/100g,,,/groceries/en-GB/products/305831517,https://digitalcontent.api.tesco.com/v2/media/ghs/954b9540-e60e-47cc-b106-9a53d82eff8d/a73e1a95-3691-4477-b245-4343160ec04b.jpeg?h=225&w=225,
293742497,Tesco Finest Steak & Ale Pie 250G,https://www.tesco.com/groceries/en-GB/shop/fresh-food/all?department=Finest%20Fresh%20Food&viewAll=department&page=,£3.35,£1.34/100g,£2.75 Clubcard Price,,/groceries/en-GB/products/293742497,https://digitalcontent.api.tesco.com/v2/media/ghs/826617bd-1a60-4fab-911b-e2f8f16e642d/db8519e1-395a-49a4-a140-606c6c19d67c.jpeg?h=225&w=225,
285399356,Tesco Finest Pork Chops 500G,https://www.tesco.com/groceries/en-GB/shop/fresh-food/all?department=Finest%20Fresh%20Food&viewAll=department&page=,£4.00,£8.00/kg,,,/groceries/en-GB/products/285399356,https://digitalcontent.api.tesco.com/v2/media/ghs/66f2fe84-84c7-43d5-99e7-5be03668cd91/4bb6aaac-e84e-45d8-91e4-f66584bfc3be.jpeg?h=225&w=225,
275491768,Tesco Finest Lancashire Hot Pot 400G,https://www.tesco.com/groceries/en-GB/shop/fresh-food/all?department=Finest%20Fresh%20Food&viewAll=department&page=,£4.00,£10.00/kg,Any 2 for £7 Clubcard Price - Selected Tesco Finest* Ready Meals 350g - 475g,,/groceries/en-GB/products/275491768,https://digitalcontent.api.tesco.com/v2/media/ghs/9f1c3b8b-aab3-4898-9d82-817704ba91fb/b36df1c8-455e-44cf-a2ff-e7a4bc9cc02d.jpeg?h=225&w=225,
308481079,Tesco Finest Fillet Steak 210G,https://www.tesco.com/groceries/en-GB/shop/fresh-food/all?department=Finest%20Fresh%20Food&viewAll=department&page=,£7.95,£37.86/kg,,,/groceries/en-GB/products/308481079,https://digitalcontent.api.tesco.com/v2/media/ghs/28a8a172-d578-4053-bece-f4499898d684/da3a0893-960e-4946-8365-3773518628db.jpeg?h=225&w=225,
308458275,Tesco Finest Ribeye Steak 227G,https://www.tesco.com/groceries/en-GB/shop/fresh-food/all?department=Finest%20Fresh%20Food&viewAll=department&page=,£5.80,£25.56/kg,,,/groceries/en-GB/products/308458275,https://digitalcontent.api.tesco.com/v2/media/ghs/80321cbc-b57e-4466-a891-27988b37379f/e2be58dc-c5f4-47ec-8edd-ff5838093b27.jpeg?h=225&w=225,
260446011,Tesco Finest British Cornfed Free Range Thigh & Drumsticks 1Kg,https://www.tesco.com/groceries/en-GB/shop/fresh-food/all?department=Finest%20Fresh%20Food&viewAll=department&page=,£5.20,£5.20/kg,,,/groceries/en-GB/products/260446011,https://digitalcontent.api.tesco.com/v2/media/ghs/2d279e88-6829-4fd8-bb7b-96079ac8f86d/5f892887-b1cb-4077-8656-ff1491f2cc42.jpeg?h=225&w=225,
255222709,Tesco Finest Moussaka 350G,https://www.tesco.com/groceries/en-GB/shop/fresh-food/all?department=Finest%20Fresh%20Food&viewAll=department&page=,£4.00,£11.43/kg,Any 2 for £7 Clubcard Price - Selected Tesco Finest* Ready Meals 350g - 475g,,/groceries/en-GB/products/255222709,https://digitalcontent.api.tesco.com/v2/media/ghs/270f50b8-fb6a-4e59-9410-75812e878650/43e15ce4-308d-4994-afbc-a796f0e971df.jpeg?h=225&w=225,
265279667,Tesco Finest Dry Cure Bacon Lardons 180G,https://www.tesco.com/groceries/en-GB/shop/fresh-food/all?department=Finest%20Fresh%20Food&viewAll=department&page=,£3.25,£18.06/kg,,,/groceries/en-GB/products/265279667,https://digitalcontent.api.tesco.com/v2/media/ghs/891d4db9-db50-4bc3-b8e0-19c03116a275/de6d56df-d3e2-4341-912e-7cf7ce2f9f42.jpeg?h=225&w=225,
312351971,Tesco Finest Slow Cooked Coq Au Vin 775G,https://www.tesco.com/groceries/en-GB/shop/fresh-food/all?department=Finest%20Fresh%20Food&viewAll=department&page=,£6.50,£8.39/kg,£5.00 Clubcard Price,,/groceries/en-GB/products/312351971,https://digitalcontent.api.tesco.com/v2/media/ghs/65e1aed3-8eab-4d24-96bb-d09c63ef3094/682db27e-0ea6-4327-b93d-cf975cbbfd10_1039489330.jpeg?h=225&w=225,
282487464,Tesco Finest Beef Lasagne 700G,https://www.tesco.com/groceries/en-GB/shop/fresh-food/all?department=Finest%20Fresh%20Food&viewAll=department&page=,£6.00,£8.58/kg,"Tesco Finest* Meal Deal for £12 Clubcard Price - Buy 1 Main, 1 Side, 1 Dessert & A Drink",,/groceries/en-GB/products/282487464,https://digitalcontent.api.tesco.com/v2/media/ghs/4cceeb97-2f30-46cd-ad7a-f9cc0dd4fa66/851eba45-0b78-4f5c-81d4-70599c11a420.jpeg?h=225&w=225,
309772684,Tesco Finest King Prawn Linguine 400G,https://www.tesco.com/groceries/en-GB/shop/fresh-food/all?department=Finest%20Fresh%20Food&viewAll=department&page=,£4.00,£10.00/kg,Any 2 for £7 Clubcard Price - Selected Tesco Finest* Ready Meals 350g - 475g,,/groceries/en-GB/products/309772684,https://digitalcontent.api.tesco.com/v2/media/ghs/745879e0-16e4-4668-bd8b-ab3c144fe00b/03b9d0b6-84e2-457c-89e1-f8062c4af07b.jpeg?h=225&w=225,
306500712,Tesco Finest 4 Pork Sausage Rolls 188G,https://www.tesco.com/groceries/en-GB/shop/fresh-food/all?department=Finest%20Fresh%20Food&viewAll=department&page=,£2.50,£1.33/100g,,,/groceries/en-GB/products/306500712,https://digitalcontent.api.tesco.com/v2/media/ghs/f4f52d2b-cb5e-45eb-a2b7-124088e771bd/6f5ded44-af08-4904-926e-9f8c1dd9f6f3.jpeg?h=225&w=225,
288441083,Tesco Finest Chicken Jalfrezi And Rice 450G,https://www.tesco.com/groceries/en-GB/shop/fresh-food/all?department=Finest%20Fresh%20Food&viewAll=department&page=,£4.00,£8.89/kg,Any 2 for £7 Clubcard Price - Selected Tesco Finest* Ready Meals 350g - 475g,,/groceries/en-GB/products/288441083,https://digitalcontent.api.tesco.com/v2/media/ghs/8ba1c04e-79d7-45be-9e11-2ae7b758109a/1391abc7-fef4-470c-9be4-daa7af0680f1.jpeg?h=225&w=225,
287134241,Tesco Finest Prawn Cocktail 170G,https://www.tesco.com/groceries/en-GB/shop/fresh-food/all?department=Finest%20Fresh%20Food&viewAll=department&page=,£2.90,£17.06/kg,,,/groceries/en-GB/products/287134241,https://digitalcontent.api.tesco.com/v2/media/ghs/a47e87e4-3e3b-4d87-b5c7-00a5c565c957/aa513daa-6f53-4eef-9960-e93a7b8ffd6d.jpeg?h=225&w=225,
297661661,Tesco Finest Thai Inspired Green Chicken Curry 410G,https://www.tesco.com/groceries/en-GB/shop/fresh-food/all?department=Finest%20Fresh%20Food&viewAll=department&page=,£4.00,£9.76/kg,Any 2 for £7 Clubcard Price - Selected Tesco Finest* Ready Meals 350g - 475g,,/groceries/en-GB/products/297661661,https://digitalcontent.api.tesco.com/v2/media/ghs/3f2e10c2-0b29-4f6f-8640-7f5a234c8fb0/3a2ec6b9-1b7b-4990-8404-8e88af016c73.jpeg?h=225&w=225,
284850371,Tesco Finest Wild Sage & Buttered Onion Stuffing 225G,https://www.tesco.com/groceries/en-GB/shop/fresh-food/all?department=Finest%20Fresh%20Food&viewAll=department&page=,£2.75,£1.23/100g,,,/groceries/en-GB/products/284850371,https://digitalcontent.api.tesco.com/v2/media/ghs/27fc6c87-49ff-48d9-9cda-418835a06da6/1e86a7bf-ef4c-4085-92d9-ddaba3faf5a3.jpeg?h=225&w=225,
273635925,Tesco Finest Salami Milano 90G,https://www.tesco.com/groceries/en-GB/shop/fresh-food/all?department=Finest%20Fresh%20Food&viewAll=department&page=,£2.35,£2.62/100g,,,/groceries/en-GB/products/273635925,https://digitalcontent.api.tesco.com/v2/media/ghs/6695de82-0222-4be9-b2cb-f750a95c566b/f94e484f-f9f9-471a-9485-04314b973925.jpeg?h=225&w=225,
288440965,Tesco Finest Chicken Korma With Pilau Rice 450G,https://www.tesco.com/groceries/en-GB/shop/fresh-food/all?department=Finest%20Fresh%20Food&viewAll=department&page=,£4.00,£8.89/kg,Any 2 for £7 Clubcard Price - Selected Tesco Finest* Ready Meals 350g - 475g,,/groceries/en-GB/products/288440965,https://digitalcontent.api.tesco.com/v2/media/ghs/b4deece9-a60e-4e0b-891f-60461b1cf74b/5cf6c312-644f-4c76-a52f-a311ab469673.jpeg?h=225&w=225,
299982652,Tesco Finest Creamy Mash Meal Deal 450G,https://www.tesco.com/groceries/en-GB/shop/fresh-food/all?department=Finest%20Fresh%20Food&viewAll=department&page=,£2.60,£5.78/kg,"Tesco Finest* Meal Deal for £12 Clubcard Price - Buy 1 Main, 1 Side, 1 Dessert & A Drink",,/groceries/en-GB/products/299982652,https://digitalcontent.api.tesco.com/v2/media/ghs/66b11180-a355-4fd6-9dc1-99ce377ecfc1/c7eed29c-9609-4fb5-828c-b657689d27ff.jpeg?h=225&w=225,
273968479,Tesco Finest Chicken In A White Wine Sauce With Leeks 400G,https://www.tesco.com/groceries/en-GB/shop/fresh-food/all?department=Finest%20Fresh%20Food&viewAll=department&page=,£6.00,£15.00/kg,"Tesco Finest* Meal Deal for £12 Clubcard Price - Buy 1 Main, 1 Side, 1 Dessert & A Drink",,/groceries/en-GB/products/273968479,https://digitalcontent.api.tesco.com/v2/media/ghs/8034ca73-1648-46a9-b11a-eeeddf9a033b/784cff3e-a47e-42f7-a644-f3e48b161387.jpeg?h=225&w=225,
311685577,Tesco Finest Sausage Cassoulet 500G,https://www.tesco.com/groceries/en-GB/shop/fresh-food/all?department=Finest%20Fresh%20Food&viewAll=department&page=,£6.00,£12.00/kg,"Tesco Finest* Meal Deal for £12 Clubcard Price - Buy 1 Main, 1 Side, 1 Dessert & A Drink",,/groceries/en-GB/products/311685577,https://digitalcontent.api.tesco.com/v2/media/ghs/72c7615f-d363-4fe6-b76b-693fdc94e064/c2aded17-8a54-4712-912c-41ee19a68e95.jpeg?h=225&w=225,
308452431,Tesco Finest Goats Cheese & Roasted Pepper Quiche 420G,https://www.tesco.com/groceries/en-GB/shop/fresh-food/all?department=Finest%20Fresh%20Food&viewAll=department&page=,£3.50,£0.83/100g,£3.00 Clubcard Price,,/groceries/en-GB/products/308452431,https://digitalcontent.api.tesco.com/v2/media/ghs/b88b882f-295c-4b67-b821-eddf9c565eca/1a049b64-63b4-464d-bd4d-49c225790856.jpeg?h=225&w=225,
305966087,Tesco Finest 2 Scotch Eggs 260G,https://www.tesco.com/groceries/en-GB/shop/fresh-food/all?department=Finest%20Fresh%20Food&viewAll=department&page=,£2.40,£0.92/100g,,,/groceries/en-GB/products/305966087,https://digitalcontent.api.tesco.com/v2/media/ghs/f5ac7a94-f502-42cf-b9e4-c575261299ec/18d17b1b-fc09-47aa-900e-92d8117195d3.jpeg?h=225&w=225,
305975243,Tesco Finest Rosanna Pink Onions 3Pack,https://www.tesco.com/groceries/en-GB/shop/fresh-food/all?department=Finest%20Fresh%20Food&viewAll=department&page=,£1.25,£0.42/each,,,/groceries/en-GB/products/305975243,https://digitalcontent.api.tesco.com/v2/media/ghs/411cc77a-42a3-4d16-94b1-5cb42db99eae/bce9f4b4-7406-4aeb-ace2-e86c879853e7_1179974971.jpeg?h=225&w=225,
305975139,Tesco Finest Smoky Roasted Vegetable Couscous 230G,https://www.tesco.com/groceries/en-GB/shop/fresh-food/all?department=Finest%20Fresh%20Food&viewAll=department&page=,£2.35,£1.03/100g,,,/groceries/en-GB/products/305975139,https://digitalcontent.api.tesco.com/v2/media/ghs/759b627c-831f-45ea-83c8-49e88e662e29/a568d4b5-609c-4f59-bce1-0f2221ae794b.jpeg?h=225&w=225,
293742514,Tesco Finest Chicken Ham Hock & Leek Pie 250G,https://www.tesco.com/groceries/en-GB/shop/fresh-food/all?department=Finest%20Fresh%20Food&viewAll=department&page=,£3.35,£1.34/100g,£2.75 Clubcard Price,,/groceries/en-GB/products/293742514,https://digitalcontent.api.tesco.com/v2/media/ghs/e2db0f6e-1b5b-4cef-bb6a-8a2679020aea/b61e14ca-adba-48e8-a674-e975875d2e44.jpeg?h=225&w=225,
309777644,Tesco Finest 2 Sticky Toffee Pudding 260G,https://www.tesco.com/groceries/en-GB/shop/fresh-food/all?department=Finest%20Fresh%20Food&viewAll=department&page=,£3.00,£1.16/100g,"Tesco Finest* Meal Deal for £12 Clubcard Price - Buy 1 Main, 1 Side, 1 Dessert & A Drink",,/groceries/en-GB/products/309777644,https://digitalcontent.api.tesco.com/v2/media/ghs/59eb452d-d3b3-4ac9-a203-cc60cd6ef396/52537550-1c2c-4185-b771-519f589d8aae.jpeg?h=225&w=225,
293789460,Tesco Finest Salted Caramel Mousse 100G,https://www.tesco.com/groceries/en-GB/shop/fresh-food/all?department=Finest%20Fresh%20Food&viewAll=department&page=,£1.00,£1.00/100g,,,/groceries/en-GB/products/293789460,https://digitalcontent.api.tesco.com/v2/media/ghs/25203001-9d87-4cfb-947f-a101147366c5/e6450ee4-5c1d-4dbe-9c51-e5190175ebe4.jpeg?h=225&w=225,
277248375,Tesco Finest Manchego 175G,https://www.tesco.com/groceries/en-GB/shop/fresh-food/all?department=Finest%20Fresh%20Food&viewAll=department&page=,£3.50,£20.00/kg,,,/groceries/en-GB/products/277248375,https://digitalcontent.api.tesco.com/v2/media/ghs/76238461-8481-4abd-8435-c742a5887424/7bcc1bf1-4b0f-4db9-8a0e-2c0d6221d49e.jpeg?h=225&w=225,
312367590,Tesco Finest Beef Bourguignon Pies 500G,https://www.tesco.com/groceries/en-GB/shop/fresh-food/all?department=Finest%20Fresh%20Food&viewAll=department&page=,£6.00,£12.00/kg,"Tesco Finest* Meal Deal for £12 Clubcard Price - Buy 1 Main, 1 Side, 1 Dessert & A Drink",,/groceries/en-GB/products/312367590,https://digitalcontent.api.tesco.com/v2/media/ghs/e4bd22ee-78c1-470e-975a-5c896333d8ac/12316a81-7a27-46bc-8d7e-461087c80c62.jpeg?h=225&w=225,
302305587,Tesco Finest Ranch Steaks Peppercorn Butter 303G,https://www.tesco.com/groceries/en-GB/shop/fresh-food/all?department=Finest%20Fresh%20Food&viewAll=department&page=,£6.00,£19.81/kg,"Tesco Finest* Meal Deal for £12 Clubcard Price - Buy 1 Main, 1 Side, 1 Dessert & A Drink",,/groceries/en-GB/products/302305587,https://digitalcontent.api.tesco.com/v2/media/ghs/4080153c-b1de-4502-a164-5f87e046714d/ebf8cd7d-c8d4-41c9-a560-2f9d613b440c.jpeg?h=225&w=225,
303287231,Wine Route Sauvignon Blanc Chile 75Cl,https://www.tesco.com/groceries/en-GB/shop/fresh-food/all?department=Finest%20Fresh%20Food&viewAll=department&page=,£7.00,£7.00/75cl,"Tesco Finest* Meal Deal for £12 Clubcard Price - Buy 1 Main, 1 Side, 1 Dessert & A Drink",,/groceries/en-GB/products/303287231,https://digitalcontent.api.tesco.com/v2/media/ghs/521c34f0-1795-4645-b975-a48936466ea4/f529a504-33b8-4ebd-b93c-af154876ffd9_370533765.jpeg?h=225&w=225,
267378149,Tesco Finest Orange Juice With Bits 1L,https://www.tesco.com/groceries/en-GB/shop/fresh-food/all?department=Finest%20Fresh%20Food&viewAll=department&page=,£2.90,£0.29/100ml,,,/groceries/en-GB/products/267378149,https://digitalcontent.api.tesco.com/v2/media/ghs/22a1c7ef-9d30-49d7-b3ac-12c8030c5088/9636ccc5-1afa-48dd-937b-fc0d36d782ee.jpeg?h=225&w=225,
285400845,Tesco Finest Pork Loin Steaks 400G,https://www.tesco.com/groceries/en-GB/shop/fresh-food/all?department=Finest%20Fresh%20Food&viewAll=department&page=,£4.05,£10.13/kg,,,/groceries/en-GB/products/285400845,https://digitalcontent.api.tesco.com/v2/media/ghs/79e89a3b-6b7b-464f-b09b-65d598f39b3b/aad9769e-e3f8-4c5d-ad1e-a920a4e10e02.jpeg?h=225&w=225,
301882749,Tesco Finest Scottish Smoked Salmon 120G,https://www.tesco.com/groceries/en-GB/shop/fresh-food/all?department=Finest%20Fresh%20Food&viewAll=department&page=,£5.10,£4.25/100g,,,/groceries/en-GB/products/301882749,https://digitalcontent.api.tesco.com/v2/media/ghs/7b6ed7dd-d25e-4a5f-9c41-9de194b87cd0/8459bccc-8d6a-4bc5-ad87-286f0c635bed.jpeg?h=225&w=225,
304387284,Tesco Finest Raspberry & Cream Cheesecake Slices 180G,https://www.tesco.com/groceries/en-GB/shop/fresh-food/all?department=Finest%20Fresh%20Food&viewAll=department&page=,£3.15,£1.75/100g,"Tesco Finest* Meal Deal for £12 Clubcard Price - Buy 1 Main, 1 Side, 1 Dessert & A Drink",,/groceries/en-GB/products/304387284,https://digitalcontent.api.tesco.com/v2/media/ghs/8d3c273d-499a-4c44-8c27-d420d9ca78d3/2875ac1c-ce46-40c9-9126-fbdd68cee7a7.jpeg?h=225&w=225,
302308682,Tesco Finest Mature Blue Stilton 180G,https://www.tesco.com/groceries/en-GB/shop/fresh-food/all?department=Finest%20Fresh%20Food&viewAll=department&page=,£2.20,£12.23/kg,Any 3 for £6 Clubcard Price - Selected Cheese And Sliced Cooked Meats 30g - 220g,,/groceries/en-GB/products/302308682,https://digitalcontent.api.tesco.com/v2/media/ghs/9200137b-f0fb-45a6-aa00-49b9b6427668/65defe28-dcf7-478e-b1cf-aa4c47e66c27_98947111.jpeg?h=225&w=225,
292798410,"Tesco Finest Peas, Leeks & Pancetta 250G",https://www.tesco.com/groceries/en-GB/shop/fresh-food/all?department=Finest%20Fresh%20Food&viewAll=department&page=,£2.60,£10.40/kg,"Tesco Finest* Meal Deal for £12 Clubcard Price - Buy 1 Main, 1 Side, 1 Dessert & A Drink",,/groceries/en-GB/products/292798410,https://digitalcontent.api.tesco.com/v2/media/ghs/acde6d64-d0ce-4e8e-be68-a4ee30622fc1/68a3f965-ce72-4f5b-b7ce-61817b629266.jpeg?h=225&w=225,
308494588,Tesco Finest Sirloin Steak 454G,https://www.tesco.com/groceries/en-GB/shop/fresh-food/all?department=Finest%20Fresh%20Food&viewAll=department&page=,£13.00,£28.64/kg,,,/groceries/en-GB/products/308494588,https://digitalcontent.api.tesco.com/v2/media/ghs/77d0f595-ef89-4dcf-8874-012661c81af4/9b659f7f-78ff-4900-a4fd-e3ec819ce240.jpeg?h=225&w=225,
303615512,Tesco Finest Spinach Ricotta Girasoli 250G,https://www.tesco.com/groceries/en-GB/shop/fresh-food/all?department=Finest%20Fresh%20Food&viewAll=department&page=,£3.25,£13.00/kg,,,/groceries/en-GB/products/303615512,https://digitalcontent.api.tesco.com/v2/media/ghs/b302ab19-ff17-401c-9830-88a11954a313/45addad0-0bf1-4cd9-a9d0-dc4f87513ca6_1881610496.jpeg?h=225&w=225,
305433666,Tesco Finest 8 Unsmoked Bacon Medallions 200G,https://www.tesco.com/groceries/en-GB/shop/fresh-food/all?department=Finest%20Fresh%20Food&viewAll=department&page=,£4.10,£20.50/kg,,,/groceries/en-GB/products/305433666,https://digitalcontent.api.tesco.com/v2/media/ghs/a4c91010-c86c-4019-a1ec-34066586792a/47ea41ab-d7f5-45e7-bcc4-36f3332d53ae.jpeg?h=225&w=225,
305526666,Tesco Finest 8 Smoked Bacon Medallions 200G,https://www.tesco.com/groceries/en-GB/shop/fresh-food/all?department=Finest%20Fresh%20Food&viewAll=department&page=,£4.10,£20.50/kg,,,/groceries/en-GB/products/305526666,https://digitalcontent.api.tesco.com/v2/media/ghs/7d6a5bfb-3acc-4c04-bc64-df54290d0605/df51c77a-d209-44f6-af21-7dfac3a6c6b2.jpeg?h=225&w=225,
273636475,Tesco Finest Mortadella Pgi 140G,https://www.tesco.com/groceries/en-GB/shop/fresh-food/all?department=Finest%20Fresh%20Food&viewAll=department&page=,£2.35,£1.68/100g,,,/groceries/en-GB/products/273636475,https://digitalcontent.api.tesco.com/v2/media/ghs/87aa7994-d78e-4634-91e4-e475f89bce4a/d4ed22d8-2be5-4065-8d61-ae229e1d7530.jpeg?h=225&w=225,
309460650,Tesco Finest Chicken Tagine 500G,https://www.tesco.com/groceries/en-GB/shop/fresh-food/all?department=Finest%20Fresh%20Food&viewAll=department&page=,£6.00,£12.00/kg,"Tesco Finest* Meal Deal for £12 Clubcard Price - Buy 1 Main, 1 Side, 1 Dessert & A Drink",,/groceries/en-GB/products/309460650,https://digitalcontent.api.tesco.com/v2/media/ghs/037bd04d-ce81-4860-a9f3-956b4607bb9c/83864c0f-ccfc-4fcb-b425-4018777b17cb.jpeg?h=225&w=225,
293789574,Tesco Finest King Prawn Chilli Noodles 400G,https://www.tesco.com/groceries/en-GB/shop/fresh-food/all?department=Finest%20Fresh%20Food&viewAll=department&page=,£4.00,£10.00/kg,Any 2 for £7 Clubcard Price - Selected Tesco Finest* Ready Meals 350g - 475g,,/groceries/en-GB/products/293789574,https://digitalcontent.api.tesco.com/v2/media/ghs/184a71f3-9a12-40d8-b382-473942d5a978/84dfcaad-4198-4d7f-a28b-908882381ddd.jpeg?h=225&w=225,
297662314,Tesco Finest Pork Sausage Ragu With Pasta 400G,https://www.tesco.com/groceries/en-GB/shop/fresh-food/all?department=Finest%20Fresh%20Food&viewAll=department&page=,£4.00,£10.00/kg,Any 2 for £7 Clubcard Price - Selected Tesco Finest* Ready Meals 350g - 475g,,/groceries/en-GB/products/297662314,https://digitalcontent.api.tesco.com/v2/media/ghs/b92b6638-dabd-42ad-9ad4-9fe8af9f5802/62da5eea-dec2-4f41-abea-7141bba77d2a.jpeg?h=225&w=225,
309457021,Tesco Finest Tomato & Mascarpone & Basil Risotto 450G,https://www.tesco.com/groceries/en-GB/shop/fresh-food/all?department=Finest%20Fresh%20Food&viewAll=department&page=,£4.00,£8.89/kg,Any 2 for £7 Clubcard Price - Selected Tesco Finest* Ready Meals 350g - 475g,,/groceries/en-GB/products/309457021,https://digitalcontent.api.tesco.com/v2/media/ghs/d365e840-9a94-4851-b842-1b7204e0549e/048a8583-d614-4295-9d98-912a77571be9.jpeg?h=225&w=225,
305037945,Tesco Finest Cottage Pie 800G,https://www.tesco.com/groceries/en-GB/shop/fresh-food/all?department=Finest%20Fresh%20Food&viewAll=department&page=,£6.00,£7.50/kg,"Tesco Finest* Meal Deal for £12 Clubcard Price - Buy 1 Main, 1 Side, 1 Dessert & A Drink",,/groceries/en-GB/products/305037945,https://digitalcontent.api.tesco.com/v2/media/ghs/11fbcffe-6245-4ae7-b15f-cdf243a38e7b/215bd9f2-aeeb-4299-ad4d-8a1684fad895.jpeg?h=225&w=225,
306494659,Tesco Finest 4 Vintage Cheddar & Caramelised Onion Rolls 188G,https://www.tesco.com/groceries/en-GB/shop/fresh-food/all?department=Finest%20Fresh%20Food&viewAll=department&page=,£2.50,£1.33/100g,,,/groceries/en-GB/products/306494659,https://digitalcontent.api.tesco.com/v2/media/ghs/37154a16-3065-45fa-ba1a-4edf3adde405/bef7d6f8-9a69-41ee-ae8d-d68316ec696a.jpeg?h=225&w=225,
279819514,Tesco Finest Barrel Aged Feta 310G,https://www.tesco.com/groceries/en-GB/shop/fresh-food/all?department=Finest%20Fresh%20Food&viewAll=department&page=,£2.30,£7.42/kg,,,/groceries/en-GB/products/279819514,https://digitalcontent.api.tesco.com/v2/media/ghs/d8412f6a-5dcd-4a9e-95c0-327753be2664/65646715-3b46-4464-96b2-d541e9bd1078.jpeg?h=225&w=225,
302677029,Tesco Finest Roasted Nut Selection 190G,https://www.tesco.com/groceries/en-GB/shop/fresh-food/all?department=Finest%20Fresh%20Food&viewAll=department&page=,£3.50,£18.43/kg,,,/groceries/en-GB/products/302677029,https://digitalcontent.api.tesco.com/v2/media/ghs/0edcbf52-1886-4268-a682-77687ab7ecf7/a6e2f98f-76e2-4099-b783-55ff4f26c9bb_1949167741.jpeg?h=225&w=225,
297660374,Tesco Finest Triple Cooked Chips 400G,https://www.tesco.com/groceries/en-GB/shop/fresh-food/all?department=Finest%20Fresh%20Food&viewAll=department&page=,£2.60,£6.50/kg,,,/groceries/en-GB/products/297660374,https://digitalcontent.api.tesco.com/v2/media/ghs/992abe50-f1be-4229-a77f-23328e4f9978/ce432d3a-451d-41a8-a3c3-3c2a58d10b93.jpeg?h=225&w=225,
266520697,Tesco Finest Sliced Smoked Pancetta 110G,https://www.tesco.com/groceries/en-GB/shop/fresh-food/all?department=Finest%20Fresh%20Food&viewAll=department&page=,£2.35,£2.14/100g,,,/groceries/en-GB/products/266520697,https://digitalcontent.api.tesco.com/v2/media/ghs/fc1f523b-30a7-4e47-96b4-504a01a5ad45/06ef350a-8ef8-4eda-b410-e3ddea21addd.jpeg?h=225&w=225,
299911081,Tesco Finest Moroccan Inspired Houmous 170G,https://www.tesco.com/groceries/en-GB/shop/fresh-food/all?department=Finest%20Fresh%20Food&viewAll=department&page=,£2.10,£1.24/100g,,,/groceries/en-GB/products/299911081,https://digitalcontent.api.tesco.com/v2/media/ghs/022fd070-707d-4076-8ecd-bde66b9cecf7/58054028-d5d5-427a-b38e-9f6581f7cb22.jpeg?h=225&w=225,
311693319,Tesco Finest Sugarbelle Tomatoes 400G,https://www.tesco.com/groceries/en-GB/shop/fresh-food/all?department=Finest%20Fresh%20Food&viewAll=department&page=,£3.15,£7.88/kg,,,/groceries/en-GB/products/311693319,https://digitalcontent.api.tesco.com/v2/media/ghs/9572f0af-ef13-4198-ad76-c9a2b042a503/8d03d2ca-8592-445d-a8d2-9ed85e4de1ba.jpeg?h=225&w=225,
306821384,Tesco Finest Canadian Cooked Prawns 150G,https://www.tesco.com/groceries/en-GB/shop/fresh-food/all?department=Finest%20Fresh%20Food&viewAll=department&page=,£3.25,£21.67/kg,£2.90 Clubcard Price,,/groceries/en-GB/products/306821384,https://digitalcontent.api.tesco.com/v2/media/ghs/139649e2-dd9e-4ead-be1c-c20fc8548942/8a39cc2d-8fb0-4172-9232-f9f7ecdac9b7.jpeg?h=225&w=225,
307761343,Tesco Finest Apples Minimum 4 Pack,https://www.tesco.com/groceries/en-GB/shop/fresh-food/all?department=Finest%20Fresh%20Food&viewAll=department&page=,£2.10,£0.52/each,,,/groceries/en-GB/products/307761343,https://digitalcontent.api.tesco.com/v2/media/ghs/d9e87bc3-c0e8-4e29-b36f-546ee8e4c9f3/2d48bf82-a615-4d5e-aa12-909df351b64d.jpeg?h=225&w=225,
302290699,Tesco Finest Oyster Mushroom Cluster 150G,https://www.tesco.com/groceries/en-GB/shop/fresh-food/all?department=Finest%20Fresh%20Food&viewAll=department&page=,£1.80,£12.00/kg,,,/groceries/en-GB/products/302290699,https://digitalcontent.api.tesco.com/v2/media/ghs/dd14ac71-e47a-40de-8f85-65a1e40aa8b3/2e9bc9a8-6710-4ccf-aa0b-ce980f46714f.jpeg?h=225&w=225,
305526469,Tesco Finest Maple Cured Streaky Unsmoked Bacon 240G,https://www.tesco.com/groceries/en-GB/shop/fresh-food/all?department=Finest%20Fresh%20Food&viewAll=department&page=,£3.25,£13.55/kg,,,/groceries/en-GB/products/305526469,https://digitalcontent.api.tesco.com/v2/media/ghs/e307646b-9082-4cfe-8208-945304becf37/8b73cd4e-cd68-4403-a1d4-fcc4cc6e98b1.jpeg?h=225&w=225,
306494666,Tesco Finest 4 Smoked Bacon & Vintage Cheddar Rolls 188G,https://www.tesco.com/groceries/en-GB/shop/fresh-food/all?department=Finest%20Fresh%20Food&viewAll=department&page=,£2.50,£1.33/100g,,,/groceries/en-GB/products/306494666,https://digitalcontent.api.tesco.com/v2/media/ghs/18b2fe73-a4ec-4d00-a91b-0464f06dac7b/2faec495-a1f3-4cfc-b941-8be2e5ef6c0c.jpeg?h=225&w=225,
299054484,Tesco Finest Unsmoked 6 Dry Cure Thick Cut Bacon 240G,https://www.tesco.com/groceries/en-GB/shop/fresh-food/all?department=Finest%20Fresh%20Food&viewAll=department&page=,£3.25,£13.55/kg,,,/groceries/en-GB/products/299054484,https://digitalcontent.api.tesco.com/v2/media/ghs/33a286ee-9b36-4ee8-802c-96dc5c60c838/a7927864-4010-4d25-a1f0-2484464793e6.jpeg?h=225&w=225,
303806534,Tesco Finest Buffalo Mozzarella Tomo Pizza 220G,https://www.tesco.com/groceries/en-GB/shop/fresh-food/all?department=Finest%20Fresh%20Food&viewAll=department&page=,£3.20,£1.46/100g,,,/groceries/en-GB/products/303806534,https://digitalcontent.api.tesco.com/v2/media/ghs/fc3b2560-2b53-4f2b-a090-fe6449b4b326/459201cb-4504-45e7-a736-b62fbf4eae9c.jpeg?h=225&w=225,
308079510,Tesco Finest 2 Salmon & Hollandaise Fishcakes 290G,https://www.tesco.com/groceries/en-GB/shop/fresh-food/all?department=Finest%20Fresh%20Food&viewAll=department&page=,£2.75,£9.49/kg,,,/groceries/en-GB/products/308079510,https://digitalcontent.api.tesco.com/v2/media/ghs/1bbb41a5-c845-4be1-91be-97ffb9e245d4/79a6456e-fb25-48f7-9c75-e09a5e1de9f5.jpeg?h=225&w=225,
261543021,Tesco Finest Aged Blue Stilton 215G,https://www.tesco.com/groceries/en-GB/shop/fresh-food/all?department=Finest%20Fresh%20Food&viewAll=department&page=,£3.00,£13.96/kg,,,/groceries/en-GB/products/261543021,https://digitalcontent.api.tesco.com/v2/media/ghs/77dcd808-74ee-4bd0-97ae-c72209ed86d1/d0f7f4fa-4a3b-4ee5-a03a-7385e5799bec.jpeg?h=225&w=225,
305528157,Tesco Finest 2 The Proper Burger 340G,https://www.tesco.com/groceries/en-GB/shop/fresh-food/all?department=Finest%20Fresh%20Food&viewAll=department&page=,£3.00,£8.83/kg,,,/groceries/en-GB/products/305528157,https://digitalcontent.api.tesco.com/v2/media/ghs/4d541175-19a8-4564-b7f4-f5a9548eb6a5/d94a3f8f-11f0-41e6-8f51-7dba9e9054b9.jpeg?h=225&w=225,
300121692,Tesco Finest Haddock Risotto 395G,https://www.tesco.com/groceries/en-GB/shop/fresh-food/all?department=Finest%20Fresh%20Food&viewAll=department&page=,£4.00,£10.13/kg,Any 2 for £7 Clubcard Price - Selected Tesco Finest* Ready Meals 350g - 475g,,/groceries/en-GB/products/300121692,https://digitalcontent.api.tesco.com/v2/media/ghs/026606e8-433a-4889-9a0d-057dbf028c22/de1acc2d-81a1-48ab-8698-c284a8cd53c8.jpeg?h=225&w=225,
292357281,Wine Route Spain Garnacha Rose 75Cl,https://www.tesco.com/groceries/en-GB/shop/fresh-food/all?department=Finest%20Fresh%20Food&viewAll=department&page=,£7.00,£7.00/75cl,"Tesco Finest* Meal Deal for £12 Clubcard Price - Buy 1 Main, 1 Side, 1 Dessert & A Drink",,/groceries/en-GB/products/292357281,https://digitalcontent.api.tesco.com/v2/media/ghs/e7aa17c8-0f26-4e9f-ab11-ee8c5b8c4e86/ef3dd0c1-2efc-457b-81b5-4c8688bfbc3c_749339369.jpeg?h=225&w=225,
301882687,Tesco Finest Mild & Delicate Smoked Salmon 120G,https://www.tesco.com/groceries/en-GB/shop/fresh-food/all?department=Finest%20Fresh%20Food&viewAll=department&page=,£5.10,£4.25/100g,,,/groceries/en-GB/products/301882687,https://digitalcontent.api.tesco.com/v2/media/ghs/da6e0768-ca26-4ef7-b326-cc3fc82fb0ca/af1f9259-9844-44bb-8f35-4afa7647b41d.jpeg?h=225&w=225,
307357413,Tesco Finest Chestnut Smoked Streaky Bacon 240G,https://www.tesco.com/groceries/en-GB/shop/fresh-food/all?department=Finest%20Fresh%20Food&viewAll=department&page=,£3.25,£13.55/kg,,,/groceries/en-GB/products/307357413,https://digitalcontent.api.tesco.com/v2/media/ghs/7cdf1a7e-ebac-42cf-859e-d32c332a4954/f68d2372-147b-4264-82e7-e34a3fef79f8.jpeg?h=225&w=225,
304375724,Tesco Finest Chocolate & Orange Cheesecake Slices 180G,https://www.tesco.com/groceries/en-GB/shop/fresh-food/all?department=Finest%20Fresh%20Food&viewAll=department&page=,£3.15,£1.75/100g,"Tesco Finest* Meal Deal for £12 Clubcard Price - Buy 1 Main, 1 Side, 1 Dessert & A Drink",,/groceries/en-GB/products/304375724,https://digitalcontent.api.tesco.com/v2/media/ghs/9f7671a8-c4bd-419b-b171-6a791c5990d1/27ec2343-317a-4709-8110-1e3b3e1b089f.jpeg?h=225&w=225,
307352597,Tesco Finest Oak Smoked Garlic,https://www.tesco.com/groceries/en-GB/shop/fresh-food/all?department=Finest%20Fresh%20Food&viewAll=department&page=,£1.10,£1.10/each,,,/groceries/en-GB/products/307352597,https://digitalcontent.api.tesco.com/v2/media/ghs/8a429cfe-2cd0-4fa8-be0e-75348fa71709/11718eb2-2481-4016-aa94-968786835a0b_924046954.jpeg?h=225&w=225,
304396434,Tesco Finest Belgian Dark Chocolate Brazil Nuts 225G,https://www.tesco.com/groceries/en-GB/shop/fresh-food/all?department=Finest%20Fresh%20Food&viewAll=department&page=,£3.50,£1.56/100g,£3.00 Clubcard Price,,/groceries/en-GB/products/304396434,https://digitalcontent.api.tesco.com/v2/media/ghs/2e00b5ee-a5f4-4cc2-84f2-abaffefffc00/ec096e2b-1671-4f5a-b340-ece10180a2f2_159191192.jpeg?h=225&w=225,
309475500,Tesco Rainbow Carrots & Parsnips 600G,https://www.tesco.com/groceries/en-GB/shop/fresh-food/all?department=Finest%20Fresh%20Food&viewAll=department&page=,£3.00,£5.00/kg,Any 3 for 2 Clubcard Price - Cheapest Product Free - Selected Vegetables 80g - 800g,,/groceries/en-GB/products/309475500,https://digitalcontent.api.tesco.com/v2/media/ghs/b7cf7fbc-7ed2-4c34-9bbf-eecf6fc47e2e/e1ed24aa-a72f-4ea3-9dd5-0712f40034aa.jpeg?h=225&w=225,
308828327,Tesco Finest 2 Tart Au Citron 150G,https://www.tesco.com/groceries/en-GB/shop/fresh-food/all?department=Finest%20Fresh%20Food&viewAll=department&page=,£3.00,£2.00/100g,"Tesco Finest* Meal Deal for £12 Clubcard Price - Buy 1 Main, 1 Side, 1 Dessert & A Drink",,/groceries/en-GB/products/308828327,https://digitalcontent.api.tesco.com/v2/media/ghs/d03f7243-48e1-4940-a91e-adf9e5454cc0/ac576673-7853-40eb-a5ad-7b0d846c85a5.jpeg?h=225&w=225,
307155888,Tesco Finest Apple Flapjack Crumble 250G,https://www.tesco.com/groceries/en-GB/shop/fresh-food/all?department=Finest%20Fresh%20Food&viewAll=department&page=,£3.00,£1.20/100g,"Tesco Finest* Meal Deal for £12 Clubcard Price - Buy 1 Main, 1 Side, 1 Dessert & A Drink",,/groceries/en-GB/products/307155888,https://digitalcontent.api.tesco.com/v2/media/ghs/7340dbec-f604-437c-a483-4db456359144/bbb64509-c715-4d94-85fd-3a1dbcbfc79a.jpeg?h=225&w=225,
304399212,Tesco Finest 2 Yellow Fin Tuna Steaks 240G,https://www.tesco.com/groceries/en-GB/shop/fresh-food/all?department=Finest%20Fresh%20Food&viewAll=department&page=,£7.80,£32.50/kg,,,/groceries/en-GB/products/304399212,https://digitalcontent.api.tesco.com/v2/media/ghs/def8d5e9-e48d-44e4-a014-b83f589171cf/76ecd111-7660-45f5-97c6-444940d48000.jpeg?h=225&w=225,
254269241,Tesco Finest Beef Roasting Joint,https://www.tesco.com/groceries/en-GB/shop/fresh-food/all?department=Finest%20Fresh%20Food&viewAll=department&page=,£21.00,£15.00/kg,,,/groceries/en-GB/products/254269241,https://digitalcontent.api.tesco.com/v2/media/ghs/b2079178-52f8-4e76-a676-bd85566f9a95/7e077382-a018-4d32-9748-2d7040834a21.jpeg?h=225&w=225,
299829582,"Tesco Finest Nduja, Mascarpone, Red Onion Ravioli 250G",https://www.tesco.com/groceries/en-GB/shop/fresh-food/all?department=Finest%20Fresh%20Food&viewAll=department&page=,£3.25,£13.00/kg,,,/groceries/en-GB/products/299829582,https://digitalcontent.api.tesco.com/v2/media/ghs/f9a62026-dec6-42f9-8355-2a32d60e53a4/1fbe2696-5088-4885-aefe-9669c05e8885_898530222.jpeg?h=225&w=225,
309477285,Tesco Finest Goat Cheese & Caramelised Red Onion Ravioli 250G,https://www.tesco.com/groceries/en-GB/shop/fresh-food/all?department=Finest%20Fresh%20Food&viewAll=department&page=,£3.25,£13.00/kg,,,/groceries/en-GB/products/309477285,https://digitalcontent.api.tesco.com/v2/media/ghs/0bd04846-d100-4810-84d3-fb3c43ec0720/0147f304-036e-4c8a-8603-811fdeae3f46_60654141.jpeg?h=225&w=225,
292278011,Tesco Finest Ardennes With Wild Mushroom Jelly Pate 170G,https://www.tesco.com/groceries/en-GB/shop/fresh-food/all?department=Finest%20Fresh%20Food&viewAll=department&page=,£2.50,£1.48/100g,,,/groceries/en-GB/products/292278011,https://digitalcontent.api.tesco.com/v2/media/ghs/f2d39191-2bfa-4746-b856-6248893692f9/f8ed39ce-bdfa-4df3-8365-f27b44161b70_175807045.jpeg?h=225&w=225,
268228401,Tesco Finest Halloumi 225G,https://www.tesco.com/groceries/en-GB/shop/fresh-food/all?department=Finest%20Fresh%20Food&viewAll=department&page=,£3.00,£13.34/kg,,,/groceries/en-GB/products/268228401,https://digitalcontent.api.tesco.com/v2/media/ghs/fdc2b10a-8dbc-46fb-8bc3-b2621dabc916/26fbe45d-25f0-4c93-9ab6-bb23d3b643a1.jpeg?h=225&w=225,
299770148,Tesco Finest Vintage Coastal Bite Cheese 200G,https://www.tesco.com/groceries/en-GB/shop/fresh-food/all?department=Finest%20Fresh%20Food&viewAll=department&page=,£2.70,£13.50/kg,,,/groceries/en-GB/products/299770148,https://digitalcontent.api.tesco.com/v2/media/ghs/cbba7c1d-aef8-4f21-884a-0504231ab8a9/830104c6-9728-4cad-8dfc-aeead2dcf042_1968793819.jpeg?h=225&w=225,
287304000,Tesco Finest 4 Cheese Sauce 350G,https://www.tesco.com/groceries/en-GB/shop/fresh-food/all?department=Finest%20Fresh%20Food&viewAll=department&page=,£2.80,£0.80/100g,,,/groceries/en-GB/products/287304000,https://digitalcontent.api.tesco.com/v2/media/ghs/9e9d8a96-3449-4338-82c1-89bfde220f75/238789c2-dbd4-4f02-993a-7610cf560d2f.jpeg?h=225&w=225,
268328146,Bottle Green 2 X 750Ml,https://www.tesco.com/groceries/en-GB/shop/fresh-food/all?department=Finest%20Fresh%20Food&viewAll=department&page=,£4.95,£0.33/100ml,"Tesco Finest* Meal Deal for £12 Clubcard Price - Buy 1 Main, 1 Side, 1 Dessert & A Drink",,/groceries/en-GB/products/268328146,https://digitalcontent.api.tesco.com/v2/media/ghs/000700b7-2db4-4e05-bddd-dec0ff32cc89/8a6c7fb9-7130-4824-a120-c5f841c65532_273144432.jpeg?h=225&w=225,
309494287,Tesco Finest Buffalo Mozzarella 240G,https://www.tesco.com/groceries/en-GB/shop/fresh-food/all?department=Finest%20Fresh%20Food&viewAll=department&page=,£2.50,£20.00/kg DR.WT,,,/groceries/en-GB/products/309494287,https://digitalcontent.api.tesco.com/v2/media/ghs/59f26afd-c9b8-48d7-8cd3-b20b6cdfc522/75bdf0a7-e294-484b-b089-45fe13f6b413.jpeg?h=225&w=225,
299910780,Tesco Finest Extra Virgin Olive Oil Houmous 170G,https://www.tesco.com/groceries/en-GB/shop/fresh-food/all?department=Finest%20Fresh%20Food&viewAll=department&page=,£2.10,£1.24/100g,,,/groceries/en-GB/products/299910780,https://digitalcontent.api.tesco.com/v2/media/ghs/ab84a41f-0d41-447e-a2ae-84ef5fbce642/52007105-92dd-4059-908b-03be94d0f338.jpeg?h=225&w=225,
309188788,Tesco Finest 4 Breakfast Pork Patties 320G,https://www.tesco.com/groceries/en-GB/shop/fresh-food/all?department=Finest%20Fresh%20Food&viewAll=department&page=,£2.85,£8.91/kg,,,/groceries/en-GB/products/309188788,https://digitalcontent.api.tesco.com/v2/media/ghs/b20111bb-fb32-42e6-a859-abaa6ab5cbb0/2c21043b-7599-49dd-b2e0-dff98d6e77f7.jpeg?h=225&w=225,
309477360,Tesco Finest Pork Meatballs In A Tomatoes & Chorizo Sauce 500G,https://www.tesco.com/groceries/en-GB/shop/fresh-food/all?department=Finest%20Fresh%20Food&viewAll=department&page=,£6.00,£12.00/kg,"Tesco Finest* Meal Deal for £12 Clubcard Price - Buy 1 Main, 1 Side, 1 Dessert & A Drink",,/groceries/en-GB/products/309477360,https://digitalcontent.api.tesco.com/v2/media/ghs/938cf20d-8e1b-4147-b5b4-a5e9af831923/f1cba437-7d63-4fc7-89a2-bd8d59587ead.jpeg?h=225&w=225,
268500810,Tesco Finest Unsmoked Wiltshire Cure Gammon Steaks 460G,https://www.tesco.com/groceries/en-GB/shop/fresh-food/all?department=Finest%20Fresh%20Food&viewAll=department&page=,£5.20,£11.31/kg,,,/groceries/en-GB/products/268500810,https://digitalcontent.api.tesco.com/v2/media/ghs/93380b13-6615-42b5-b329-6b50aeb5310a/7d91372b-0948-4459-8eb9-3701623038b4.jpeg?h=225&w=225,
303088668,Tesco Finest Sweetcure Smoked Mackerel Fillets 160G,https://www.tesco.com/groceries/en-GB/shop/fresh-food/all?department=Finest%20Fresh%20Food&viewAll=department&page=,£3.80,£2.38/100g,,,/groceries/en-GB/products/303088668,https://digitalcontent.api.tesco.com/v2/media/ghs/886c2e29-d26c-4297-80b5-4042e8959517/37bd907b-6979-499e-bb7e-a46aeba08520.jpeg?h=225&w=225,
309487555,Tesco Finest Turkey Apple & Cranberry Stuffing 125G,https://www.tesco.com/groceries/en-GB/shop/fresh-food/all?department=Finest%20Fresh%20Food&viewAll=department&page=,£3.00,£2.40/100g,,,/groceries/en-GB/products/309487555,https://digitalcontent.api.tesco.com/v2/media/ghs/18add895-7c60-4b7b-b1d3-65c1bad3885d/8ee33fcd-913e-4062-ae61-66fc8bdf1ea3.jpeg?h=225&w=225,
279468791,Tesco Finest 2 Wild Caught Sockeye Salmon Fillets 230G,https://www.tesco.com/groceries/en-GB/shop/fresh-food/all?department=Finest%20Fresh%20Food&viewAll=department&page=,£6.80,£29.57/kg,,,/groceries/en-GB/products/279468791,https://digitalcontent.api.tesco.com/v2/media/ghs/cdd37294-9659-4620-9f14-3ce01a43693b/20a805a2-8015-4754-b2f5-78c7472fafe2.jpeg?h=225&w=225,
288441146,Tesco Finest King Prw Tikka Masala & Rice 450G,https://www.tesco.com/groceries/en-GB/shop/fresh-food/all?department=Finest%20Fresh%20Food&viewAll=department&page=,£4.00,£8.89/kg,Any 2 for £7 Clubcard Price - Selected Tesco Finest* Ready Meals 350g - 475g,,/groceries/en-GB/products/288441146,https://digitalcontent.api.tesco.com/v2/media/ghs/fe1a1739-25a7-4ba1-b8a8-3206baccc5ff/938878c5-023f-478d-8282-3f88af10e04e.jpeg?h=225&w=225,
304404432,Tesco Finest Vintage Cheddar 200G,https://www.tesco.com/groceries/en-GB/shop/fresh-food/all?department=Finest%20Fresh%20Food&viewAll=department&page=,£2.75,£13.75/kg,Any 3 for £6 Clubcard Price - Selected Cheese And Sliced Cooked Meats 30g - 220g,,/groceries/en-GB/products/304404432,https://digitalcontent.api.tesco.com/v2/media/ghs/0e157789-16ba-4933-bee9-1bd25a4031b5/db9b125b-4d70-4f3b-9f63-76663e5ff8af_700394445.jpeg?h=225&w=225,
310125655,Tesco Finest Comte Aop 180G,https://www.tesco.com/groceries/en-GB/shop/fresh-food/all?department=Finest%20Fresh%20Food&viewAll=department&page=,£3.50,£19.45/kg,,,/groceries/en-GB/products/310125655,https://digitalcontent.api.tesco.com/v2/media/ghs/f0da70a7-343c-4714-8a7e-af7207389b62/a2437bd3-9bc7-412f-bf40-277b98b8f7d2_172176557.jpeg?h=225&w=225,
312586825,Tesco Finest Beef Dripping Roast Potatoes 800G,https://www.tesco.com/groceries/en-GB/shop/fresh-food/all?department=Finest%20Fresh%20Food&viewAll=department&page=,£3.00,£3.75/kg,Any 3 for 2 Clubcard Price - Cheapest Product Free - Selected Vegetables 80g - 800g,,/groceries/en-GB/products/312586825,https://digitalcontent.api.tesco.com/v2/media/ghs/efd3fd4b-58f9-4984-9bff-2a7095eeeebe/78289ee1-81e9-4a1a-9c7e-535e6a194b6c.jpeg?h=225&w=225,
299770160,Tesco Finest Vintage Red Leicester Bite Cheese 200G,https://www.tesco.com/groceries/en-GB/shop/fresh-food/all?department=Finest%20Fresh%20Food&viewAll=department&page=,£2.70,£13.50/kg,,,/groceries/en-GB/products/299770160,https://digitalcontent.api.tesco.com/v2/media/ghs/7dfb56c9-a026-40c2-a749-045bc0c2ec73/0609a918-a330-4e7d-b6cc-5e9ed50aa409_232375363.jpeg?h=225&w=225,
272490780,Tesco Finest 4 Vintage Cheddar Burgers 454G,https://www.tesco.com/groceries/en-GB/shop/fresh-food/all?department=Finest%20Fresh%20Food&viewAll=department&page=,£4.00,£8.82/kg,,,/groceries/en-GB/products/272490780,https://digitalcontent.api.tesco.com/v2/media/ghs/2e03ee09-dee9-43d3-9404-5108a462fc41/db33366b-7fad-4ac9-9b60-565dbf77821d.jpeg?h=225&w=225,
304404829,Tesco Finest Bresaola 8 Slices 70G,https://www.tesco.com/groceries/en-GB/shop/fresh-food/all?department=Finest%20Fresh%20Food&viewAll=department&page=,£2.35,£3.36/100g,,,/groceries/en-GB/products/304404829,https://digitalcontent.api.tesco.com/v2/media/ghs/f601c0d7-6e9b-4c11-b7b8-d4fad2603536/9fa3b19e-1d31-4d9c-ab2a-5b2e65b38a79_755004938.jpeg?h=225&w=225,
308485236,Tesco Finest Ultimate Pork Pie 440G,https://www.tesco.com/groceries/en-GB/shop/fresh-food/all?department=Finest%20Fresh%20Food&viewAll=department&page=,£3.70,£0.84/100g,,,/groceries/en-GB/products/308485236,https://digitalcontent.api.tesco.com/v2/media/ghs/f8ab4635-3e2b-49d5-83f2-c8035edbfc04/3ba8eb3f-a8dd-44af-bd9f-809562b0c1c4.jpeg?h=225&w=225,
283668681,Tesco Finest Isabella Basil Medium Pot,https://www.tesco.com/groceries/en-GB/shop/fresh-food/all?department=Finest%20Fresh%20Food&viewAll=department&page=,£1.70,£1.70/each,,,/groceries/en-GB/products/283668681,https://digitalcontent.api.tesco.com/v2/media/ghs/1f307e3c-1335-4b13-83b4-8e989ec59796/c1324425-7287-4479-b9e5-702820f27d48.jpeg?h=225&w=225,
266125514,Tesco Finest Baby Potato Salad 275G,https://www.tesco.com/groceries/en-GB/shop/fresh-food/all?department=Finest%20Fresh%20Food&viewAll=department&page=,£2.05,£0.75/100g,,,/groceries/en-GB/products/266125514,https://digitalcontent.api.tesco.com/v2/media/ghs/2e20b933-ac5a-4ef7-aac2-e039166ce66f/34b0e44b-dc5c-4f67-951e-7816bdd2c6bf.jpeg?h=225&w=225,
263745286,Tesco Finest Pork Fillet,https://www.tesco.com/groceries/en-GB/shop/fresh-food/all?department=Finest%20Fresh%20Food&viewAll=department&page=,£6.65,£13.30/kg,,,/groceries/en-GB/products/263745286,https://digitalcontent.api.tesco.com/v2/media/ghs/298d7a35-6ccf-4e54-9a72-94a146490cc7/dee568f8-9b24-4eca-9d67-5bcb5d0b68bb.jpeg?h=225&w=225,
284539591,Tesco Finest Rump Joint Cornish Sea Salt & Pepper 500G,https://www.tesco.com/groceries/en-GB/shop/fresh-food/all?department=Finest%20Fresh%20Food&viewAll=department&page=,£8.30,£16.60/kg,,,/groceries/en-GB/products/284539591,https://digitalcontent.api.tesco.com/v2/media/ghs/12756d3e-bff9-4993-8548-8f466231a30c/f38f3eed-9a6e-4cff-bda8-655eb499f37f.jpeg?h=225&w=225,
299054461,Tesco Finest 6 Smoked Dry Cure Thick Cut Bacon 240G,https://www.tesco.com/groceries/en-GB/shop/fresh-food/all?department=Finest%20Fresh%20Food&viewAll=department&page=,£3.25,£13.55/kg,,,/groceries/en-GB/products/299054461,https://digitalcontent.api.tesco.com/v2/media/ghs/e4308b25-6da3-466b-ac94-c5e6cd177d0a/10f6ad48-e06a-4cc2-86e2-98f7f90d722e.jpeg?h=225&w=225,
309775266,Tesco Finest Tenderstem & Asparagus With Wild Garlic Butter 260G,https://www.tesco.com/groceries/en-GB/shop/fresh-food/all?department=Finest%20Fresh%20Food&viewAll=department&page=,£2.60,£10.00/kg,Any 3 for 2 Clubcard Price - Cheapest Product Free - Selected Vegetables 80g - 800g,,/groceries/en-GB/products/309775266,https://digitalcontent.api.tesco.com/v2/media/ghs/434f2cc8-ad2f-49ab-a3c5-79f09021d487/38258303-5e5b-4a2c-b023-41ac0d897bbd.jpeg?h=225&w=225,
267378368,Tesco Finest Orange Juice Smooth 1L,https://www.tesco.com/groceries/en-GB/shop/fresh-food/all?department=Finest%20Fresh%20Food&viewAll=department&page=,£2.90,£0.29/100ml,,,/groceries/en-GB/products/267378368,https://digitalcontent.api.tesco.com/v2/media/ghs/91ffcdb5-8541-49ea-85fd-c474c8c89d7c/3caa21fe-aed9-4d62-b597-71fd801960d9.jpeg?h=225&w=225,
307337472,Tesco Finest Rainbow Chard. 200G,https://www.tesco.com/groceries/en-GB/shop/fresh-food/all?department=Finest%20Fresh%20Food&viewAll=department&page=,£1.60,£8.00/kg,,,/groceries/en-GB/products/307337472,https://digitalcontent.api.tesco.com/v2/media/ghs/3c5d0ef1-bc15-4f48-a0a0-445f1bd85d18/f6df2552-94f4-476d-adce-ff34df378281.jpeg?h=225&w=225,
299829524,Tesco Finest Butternut Squash & Provola Girasoli 250G,https://www.tesco.com/groceries/en-GB/shop/fresh-food/all?department=Finest%20Fresh%20Food&viewAll=department&page=,£3.25,£13.00/kg,,,/groceries/en-GB/products/299829524,https://digitalcontent.api.tesco.com/v2/media/ghs/756b0bc5-9394-4f21-b1b6-8404ef0d51c4/4faee7ad-883c-4ca0-b876-b5b72b49a28e_43487063.jpeg?h=225&w=225,
293789712,Tesco Finest Lamb Tagine & Couscous 450G,https://www.tesco.com/groceries/en-GB/shop/fresh-food/all?department=Finest%20Fresh%20Food&viewAll=department&page=,£4.00,£8.89/kg,Any 2 for £7 Clubcard Price - Selected Tesco Finest* Ready Meals 350g - 475g,,/groceries/en-GB/products/293789712,https://digitalcontent.api.tesco.com/v2/media/ghs/46adec2d-3d56-4cff-bd6a-543b6e40b45f/0fe59e56-4f33-4d1b-b2ef-6d619f6c463a.jpeg?h=225&w=225,
312351625,Tesco Finest Caramelised Onion & Cheddar Flatbread 235G,https://www.tesco.com/groceries/en-GB/shop/fresh-food/all?department=Finest%20Fresh%20Food&viewAll=department&page=,£2.60,£11.07/kg,"Tesco Finest* Meal Deal for £12 Clubcard Price - Buy 1 Main, 1 Side, 1 Dessert & A Drink",,/groceries/en-GB/products/312351625,https://digitalcontent.api.tesco.com/v2/media/ghs/0c815ae4-6725-4ad1-8860-ee0c02a9a5a0/b812ab6b-811e-49bb-aea6-7c28245d8f51.jpeg?h=225&w=225,
301298774,Tesco Finest Thai Basil 30G,https://www.tesco.com/groceries/en-GB/shop/fresh-food/all?department=Finest%20Fresh%20Food&viewAll=department&page=,£0.90,£0.30/10g,,,/groceries/en-GB/products/301298774,https://digitalcontent.api.tesco.com/v2/media/ghs/222ec605-e6e1-47f0-b75b-54f2171042c9/21b64213-0b09-406e-8f2a-8ade2f3c6d0e.jpeg?h=225&w=225,
304400413,Tesco Finest Steak & Red Wine Gravy Pie 500G,https://www.tesco.com/groceries/en-GB/shop/fresh-food/all?department=Finest%20Fresh%20Food&viewAll=department&page=,£4.90,£0.98/100g,,,/groceries/en-GB/products/304400413,https://digitalcontent.api.tesco.com/v2/media/ghs/8f4504ba-5ed2-4c44-be4f-5e554c754284/13a7fe2b-f25e-489e-8ab8-5826d1bc3a5b.jpeg?h=225&w=225,
299919648,Diet Coke Pack 6X250ml,https://www.tesco.com/groceries/en-GB/shop/fresh-food/all?department=Finest%20Fresh%20Food&viewAll=department&page=,£3.50,£0.23/100ml,"Tesco Finest* Meal Deal for £12 Clubcard Price - Buy 1 Main, 1 Side, 1 Dessert & A Drink",,/groceries/en-GB/products/299919648,https://digitalcontent.api.tesco.com/v2/media/ghs/42002ac9-3557-4a12-905a-640f6f7826d7/612d884c-1f2b-4b84-a5ea-4d3698719273_537831990.jpeg?h=225&w=225,
311438001,Tesco Finest Harissa Nut Selection 225G,https://www.tesco.com/groceries/en-GB/shop/fresh-food/all?department=Finest%20Fresh%20Food&viewAll=department&page=,£3.50,£15.56/kg,£3.00 Clubcard Price,,/groceries/en-GB/products/311438001,https://digitalcontent.api.tesco.com/v2/media/ghs/42516fc9-93c7-4487-b46d-03940b377e8b/6b1d1a30-e6dc-4376-a86a-af8515756652_714109179.jpeg?h=225&w=225,
299804876,Tesco Finest Mature Lancashire Cheese 200G,https://www.tesco.com/groceries/en-GB/shop/fresh-food/all?department=Finest%20Fresh%20Food&viewAll=department&page=,£2.85,£14.25/kg,£2.00 Clubcard Price,,/groceries/en-GB/products/299804876,https://digitalcontent.api.tesco.com/v2/media/ghs/e43fbbe5-2f22-4559-9662-77f47032fe24/ef123fee-ac8c-4902-a336-153e58ba6257_343567572.jpeg?h=225&w=225,
309489858,Tesco Finest Ultimate Salt Aged Pork Loin Joint,https://www.tesco.com/groceries/en-GB/shop/fresh-food/all?department=Finest%20Fresh%20Food&viewAll=department&page=,£7.31,£7.90/kg,,,/groceries/en-GB/products/309489858,https://digitalcontent.api.tesco.com/v2/media/ghs/2eafbc4c-ffb6-4fdb-84dc-4e5f4e70412f/af3edc7b-49f7-41f7-bb18-2837576d9f8f.jpeg?h=225&w=225,
294214453,Tesco Finest Unsmoked Wiltshire Gammon Small,https://www.tesco.com/groceries/en-GB/shop/fresh-food/all?department=Finest%20Fresh%20Food&viewAll=department&page=,£9.00,£9.00/kg,,,/groceries/en-GB/products/294214453,https://digitalcontent.api.tesco.com/v2/media/ghs/d83a7513-1fbb-4e0c-bc79-197b23440bc1/0d0174d6-d789-4d9b-8183-77e2f87e9216.jpeg?h=225&w=225,
299829484,Tesco Finest Tomato & Burrata Ravioli 250G,https://www.tesco.com/groceries/en-GB/shop/fresh-food/all?department=Finest%20Fresh%20Food&viewAll=department&page=,£3.25,£13.00/kg,,,/groceries/en-GB/products/299829484,https://digitalcontent.api.tesco.com/v2/media/ghs/4170805e-cc2b-428b-843a-644cf5683e79/2c8e7c3e-0080-496b-8987-aba939ef18ce.jpeg?h=225&w=225,
309461165,Tesco Finest Slow Cooked Beef Bourguignon 540G,https://www.tesco.com/groceries/en-GB/shop/fresh-food/all?department=Finest%20Fresh%20Food&viewAll=department&page=,£6.50,£12.04/kg,£5.50 Clubcard Price,,/groceries/en-GB/products/309461165,https://digitalcontent.api.tesco.com/v2/media/ghs/1cb3cbb8-728b-4aad-b80a-69fe9d3516da/a0b16008-47fa-4ecc-bb5c-7a1672e71ea4_1818253646.jpeg?h=225&w=225,
299829501,Tesco Finest Porcini & Black Truffle Mezzelune 250G,https://www.tesco.com/groceries/en-GB/shop/fresh-food/all?department=Finest%20Fresh%20Food&viewAll=department&page=,£3.25,£13.00/kg,,,/groceries/en-GB/products/299829501,https://digitalcontent.api.tesco.com/v2/media/ghs/0bc2b279-df9f-4197-bb3f-166bbf9f894b/f7b53ecb-6d3c-4d5c-9d84-b82c62157d97_1054495817.jpeg?h=225&w=225,
254490415,Tesco Finest Camembert 250G,https://www.tesco.com/groceries/en-GB/shop/fresh-food/all?department=Finest%20Fresh%20Food&viewAll=department&page=,£2.65,£10.60/kg,,,/groceries/en-GB/products/254490415,https://digitalcontent.api.tesco.com/v2/media/ghs/c6fb14d8-ac5b-4c2c-af4f-c93e5df24bd3/a9481c8a-c60c-4b27-a6dc-3dbb11daec10.jpeg?h=225&w=225,
305961870,Tesco Finest Beef Mushroom & Red Wine Ravioli 250G,https://www.tesco.com/groceries/en-GB/shop/fresh-food/all?department=Finest%20Fresh%20Food&viewAll=department&page=,£3.25,£13.00/kg,,,/groceries/en-GB/products/305961870,https://digitalcontent.api.tesco.com/v2/media/ghs/b1dc52cb-53be-4151-b921-bd6ff73f7df1/be9eb6ec-ebb6-453e-8344-d066105325c2_1090364395.jpeg?h=225&w=225,
279993433,Tesco Finest 6 Pork & Leek Sausages 400G,https://www.tesco.com/groceries/en-GB/shop/fresh-food/all?department=Finest%20Fresh%20Food&viewAll=department&page=,£3.00,£7.50/kg,,,/groceries/en-GB/products/279993433,https://digitalcontent.api.tesco.com/v2/media/ghs/fdb4f266-d99b-406f-ba0d-70d9d6ca051d/cb9a4bfd-9631-4555-8e40-9ad36cc5a80a.jpeg?h=225&w=225,
304371066,Tesco Finest Halkidiki & Kalamata Olives 160G,https://www.tesco.com/groceries/en-GB/shop/fresh-food/all?department=Finest%20Fresh%20Food&viewAll=department&page=,£2.70,£1.69/100g,,,/groceries/en-GB/products/304371066,https://digitalcontent.api.tesco.com/v2/media/ghs/8b58e3ac-8219-46f3-adf5-82c67ce64416/a22f6a06-ea22-4a8d-8c64-5355375cdfcf_2141294659.jpeg?h=225&w=225,
272824674,Tesco Finest Porchetta 120G,https://www.tesco.com/groceries/en-GB/shop/fresh-food/all?department=Finest%20Fresh%20Food&viewAll=department&page=,£2.35,£1.96/100g,,,/groceries/en-GB/products/272824674,https://digitalcontent.api.tesco.com/v2/media/ghs/aad0608a-1936-485c-a7ae-e8254aeace2c/03083203-6379-4cd7-8678-6828e0bb1a46.jpeg?h=225&w=225,
292540668,Tesco Finest Smoked Scamorza Mozzarella 200G,https://www.tesco.com/groceries/en-GB/shop/fresh-food/all?department=Finest%20Fresh%20Food&viewAll=department&page=,£2.60,£13.00/kg,,,/groceries/en-GB/products/292540668,https://digitalcontent.api.tesco.com/v2/media/ghs/376f9ff4-55d8-4ab7-8408-2f96fa31642b/992913f3-6691-4731-af2f-ef9374d2e174_1027362038.jpeg?h=225&w=225,
304403905,Tesco Finest Chicken & Smoked Bacon Pie 500G,https://www.tesco.com/groceries/en-GB/shop/fresh-food/all?department=Finest%20Fresh%20Food&viewAll=department&page=,£4.90,£1.05/100g,,,/groceries/en-GB/products/304403905,https://digitalcontent.api.tesco.com/v2/media/ghs/54341403-6660-40b1-8467-034cc57d5cd3/4e5c4787-0727-4e59-bdd0-0e329f03d669.jpeg?h=225&w=225,
309789463,Tesco Finest 2 Peshwari Naans,https://www.tesco.com/groceries/en-GB/shop/fresh-food/all?department=Finest%20Fresh%20Food&viewAll=department&page=,£2.10,£1.05/each,,,/groceries/en-GB/products/309789463,https://digitalcontent.api.tesco.com/v2/media/ghs/5f463006-7cb5-492f-b73c-7fd29665c860/605b60e8-6c53-4a29-b617-02978a8cd5fc.jpeg?h=225&w=225,
299770223,Tesco Finest Wensleydale Cheese Cranberries & Blueberry 200G,https://www.tesco.com/groceries/en-GB/shop/fresh-food/all?department=Finest%20Fresh%20Food&viewAll=department&page=,£2.85,£14.25/kg,,,/groceries/en-GB/products/299770223,https://digitalcontent.api.tesco.com/v2/media/ghs/2dc82c94-e98e-40b9-8cab-0f8780ed1f69/a5f4e299-333d-4090-a342-a999f6016fa4_517404886.jpeg?h=225&w=225,
306812320,Tesco Finest Sirloin Steak With Garlic & Onion Butter 220G,https://www.tesco.com/groceries/en-GB/shop/fresh-food/all?department=Finest%20Fresh%20Food&viewAll=department&page=,£6.00,£27.28/kg,,,/groceries/en-GB/products/306812320,https://digitalcontent.api.tesco.com/v2/media/ghs/acd35702-1b21-4b67-9468-f2e75ad02b21/e372a28d-9300-4d7b-a026-b71843ba457d.jpeg?h=225&w=225,
257372401,Tesco Finest Ossau Iraty 180G,https://www.tesco.com/groceries/en-GB/shop/fresh-food/all?department=Finest%20Fresh%20Food&viewAll=department&page=,£3.50,£19.45/kg,,,/groceries/en-GB/products/257372401,https://digitalcontent.api.tesco.com/v2/media/ghs/11fc0472-5655-401b-a5fe-0acb58c055e5/10f16fb9-8599-4586-ad80-13bbfa83c364.jpeg?h=225&w=225,
304790382,Tesco Finest Prosciutto Cotto With Herbs 100G,https://www.tesco.com/groceries/en-GB/shop/fresh-food/all?department=Finest%20Fresh%20Food&viewAll=department&page=,£2.35,£2.35/100g,,,/groceries/en-GB/products/304790382,https://digitalcontent.api.tesco.com/v2/media/ghs/ad7eda0e-2074-4b59-baea-0ef338fa4ee9/8a8e30c6-d001-45b0-8e22-79a9e10fc610.jpeg?h=225&w=225,
308477367,Tesco Finest 2 Lemon Meringue Cheesecake Slices 180G,https://www.tesco.com/groceries/en-GB/shop/fresh-food/all?department=Finest%20Fresh%20Food&viewAll=department&page=,£3.25,£1.81/100g,,,/groceries/en-GB/products/308477367,https://digitalcontent.api.tesco.com/v2/media/ghs/9c10b318-b0a9-4d84-8581-03c5aed87f7d/b168942f-0465-4789-9f75-3473593e5d1b.jpeg?h=225&w=225,
299948331,Tesco Finest Cheesecake Passion Fruit & Raspberry 540G,https://www.tesco.com/groceries/en-GB/shop/fresh-food/all?department=Finest%20Fresh%20Food&viewAll=department&page=,£4.20,£0.78/100g,,,/groceries/en-GB/products/299948331,https://digitalcontent.api.tesco.com/v2/media/ghs/8bd5f403-aa41-4b0c-ae23-8c322e609727/691efd4b-c7d2-4503-8275-bf9171a13cae.jpeg?h=225&w=225,
268500846,Tesco Finest Smoked Wiltshire Cure Gammon Steaks 460G,https://www.tesco.com/groceries/en-GB/shop/fresh-food/all?department=Finest%20Fresh%20Food&viewAll=department&page=,£5.20,£11.31/kg,,,/groceries/en-GB/products/268500846,https://digitalcontent.api.tesco.com/v2/media/ghs/31554d4d-2990-484d-b713-1f07fda5aff1/ff25736a-efbb-4034-b097-5d47ea57ec75.jpeg?h=225&w=225,
306651439,Tesco Finest Pressed Pink Lady Apple Juice 1L,https://www.tesco.com/groceries/en-GB/shop/fresh-food/all?department=Finest%20Fresh%20Food&viewAll=department&page=,£2.60,£0.26/100ml,,,/groceries/en-GB/products/306651439,https://digitalcontent.api.tesco.com/v2/media/ghs/14c35736-45ca-4205-b487-4f72bce8b6c8/c84fe5a0-e363-48b9-9fac-d33eb9e941bf.jpeg?h=225&w=225,
299770125,Tesco Finest Cave Aged Goat Cheese 200G,https://www.tesco.com/groceries/en-GB/shop/fresh-food/all?department=Finest%20Fresh%20Food&viewAll=department&page=,£3.50,£17.50/kg,,,/groceries/en-GB/products/299770125,https://digitalcontent.api.tesco.com/v2/media/ghs/3fc6d947-a259-4095-b65f-d0ceeff9af29/998f7afd-c9d7-4801-8dd6-3f397606818e_1265681076.jpeg?h=225&w=225,
304410044,Tesco Finest Cheddar Mozzarella & Chorizo Bake 150G,https://www.tesco.com/groceries/en-GB/shop/fresh-food/all?department=Finest%20Fresh%20Food&viewAll=department&page=,£3.15,£2.10/100g,,,/groceries/en-GB/products/304410044,https://digitalcontent.api.tesco.com/v2/media/ghs/c7dbebe8-34f8-42f9-a5c1-5cb0dce1dae3/d3650fe8-8bff-4e1f-b11e-71abdf4f46a5_1287015921.jpeg?h=225&w=225,
297685391,Tesco Finest Medjool & Zamli Dates 400G,https://www.tesco.com/groceries/en-GB/shop/fresh-food/all?department=Finest%20Fresh%20Food&viewAll=department&page=,£4.50,£11.25/kg,£4.00 Clubcard Price,,/groceries/en-GB/products/297685391,https://digitalcontent.api.tesco.com/v2/media/ghs/281790be-0a8d-419c-9626-0e1216de2356/a1a3109a-d8ff-4625-a68e-4da420948989_1230066945.jpeg?h=225&w=225,
309455501,Tesco Finest Nduja 70G,https://www.tesco.com/groceries/en-GB/shop/fresh-food/all?department=Finest%20Fresh%20Food&viewAll=department&page=,£2.35,£3.36/100g,,,/groceries/en-GB/products/309455501,https://digitalcontent.api.tesco.com/v2/media/ghs/9235ee7c-88b7-4bad-bf65-c56feffa0e55/58051fcc-6c19-4ff4-b67d-d7ea42124852_725828987.jpeg?h=225&w=225,
310108175,Tesco Finest Rarebit Chips 350G,https://www.tesco.com/groceries/en-GB/shop/fresh-food/all?department=Finest%20Fresh%20Food&viewAll=department&page=,£2.60,£7.43/kg,"Tesco Finest* Meal Deal for £12 Clubcard Price - Buy 1 Main, 1 Side, 1 Dessert & A Drink",,/groceries/en-GB/products/310108175,https://digitalcontent.api.tesco.com/v2/media/ghs/5e5468e9-e49c-4c3c-81bc-aa9e161d0810/9f1b599b-bebb-4ecc-92cd-5115e14b1d3c.jpeg?h=225&w=225,
309201998,Tesco Finest Truffle Infused Iberico Cheese 150G,https://www.tesco.com/groceries/en-GB/shop/fresh-food/all?department=Finest%20Fresh%20Food&viewAll=department&page=,£2.75,£18.34/kg,Any 3 for £6 Clubcard Price - Selected Cheese And Sliced Cooked Meats 30g - 220g,,/groceries/en-GB/products/309201998,https://digitalcontent.api.tesco.com/v2/media/ghs/dac23321-792d-464a-974e-1a15834031c2/8f1be44c-ff4b-43e9-b2b5-53cfbb89f601_402358636.jpeg?h=225&w=225,
274670126,Tesco Finest Hickory Smoked Nut Selection 225G,https://www.tesco.com/groceries/en-GB/shop/fresh-food/all?department=Finest%20Fresh%20Food&viewAll=department&page=,£3.50,£15.56/kg,£3.00 Clubcard Price,,/groceries/en-GB/products/274670126,https://digitalcontent.api.tesco.com/v2/media/ghs/3124ccfb-3808-4992-904e-4ebbe955b8b3/2cbdd8d0-555b-41fa-90b5-31711ffc0254_1987099624.jpeg?h=225&w=225,
309498605,Tesco Finest Thick Cut Sirloin Steak 350G,https://www.tesco.com/groceries/en-GB/shop/fresh-food/all?department=Finest%20Fresh%20Food&viewAll=department&page=,£7.65,£21.86/kg,,,/groceries/en-GB/products/309498605,https://digitalcontent.api.tesco.com/v2/media/ghs/1f0eeff2-80a8-4c8a-aa34-511081ac40d4/30ba0e8e-93ab-4fe3-a2f8-62d8fc08a60b.jpeg?h=225&w=225,
309494949,Tesco Finest Thick Cut Ribeye Steak 350G,https://www.tesco.com/groceries/en-GB/shop/fresh-food/all?department=Finest%20Fresh%20Food&viewAll=department&page=,£8.75,£25.00/kg,,,/groceries/en-GB/products/309494949,https://digitalcontent.api.tesco.com/v2/media/ghs/0f2b75f9-9d0f-4a45-8b6a-ea5e195a197b/e9710eff-6ee4-4831-b744-d413012ccfe4.jpeg?h=225&w=225,
294214476,Tesco Finest Smoked Wiltshire Gammon Small,https://www.tesco.com/groceries/en-GB/shop/fresh-food/all?department=Finest%20Fresh%20Food&viewAll=department&page=,£9.00,£9.00/kg,,,/groceries/en-GB/products/294214476,https://digitalcontent.api.tesco.com/v2/media/ghs/58cb24d4-ca21-4f9a-a5ff-3046ac7b2d41/d9b17b29-cebe-43c9-a54a-d35bf016b3f0.jpeg?h=225&w=225,
265192066,Tesco Finest Lamb Shanks With Roasted Vegetable 1.15Kg,https://www.tesco.com/groceries/en-GB/shop/fresh-food/all?department=Finest%20Fresh%20Food&viewAll=department&page=,£12.60,£10.96/kg,,,/groceries/en-GB/products/265192066,https://digitalcontent.api.tesco.com/v2/media/ghs/022ac014-274b-47b7-8729-5a97773ce1c9/0485506c-1724-419c-8f1b-6fc8a2d0492d.jpeg?h=225&w=225,
276131664,Tesco Finest Cheese Selection 480G,https://www.tesco.com/groceries/en-GB/shop/fresh-food/all?department=Finest%20Fresh%20Food&viewAll=department&page=,£10.00,£20.84/kg,,,/groceries/en-GB/products/276131664,https://digitalcontent.api.tesco.com/v2/media/ghs/ac98eb01-3fe4-4b38-826a-3147def8ae88/2c431af9-ed74-49bb-a1bf-7fa664e37622.jpeg?h=225&w=225,
302676982,Tesco Finest Fruit & Nut 190G,https://www.tesco.com/groceries/en-GB/shop/fresh-food/all?department=Finest%20Fresh%20Food&viewAll=department&page=,£3.50,£18.43/kg,,,/groceries/en-GB/products/302676982,https://digitalcontent.api.tesco.com/v2/media/ghs/0f862391-5bb1-44a3-b7f4-a87029351487/7f325227-8584-4361-a1de-38efaa1acc65_1442536989.jpeg?h=225&w=225,
300726126,Tesco Finest Lasagne 1.4Kg,https://www.tesco.com/groceries/en-GB/shop/fresh-food/all?department=Finest%20Fresh%20Food&viewAll=department&page=,£8.90,£6.36/kg,,,/groceries/en-GB/products/300726126,https://digitalcontent.api.tesco.com/v2/media/ghs/56feacb1-fe1b-4d55-be3d-71d899c8e445/5058aa27-b1e2-4d19-a582-a1eb25c85ff0.jpeg?h=225&w=225,
299919959,Tesco Finest 2 Belgian Chocolate Truffle Cheesecakes 180G,https://www.tesco.com/groceries/en-GB/shop/fresh-food/all?department=Finest%20Fresh%20Food&viewAll=department&page=,£3.25,£1.81/100g,,,/groceries/en-GB/products/299919959,https://digitalcontent.api.tesco.com/v2/media/ghs/6d5a1de9-2cc6-4186-bd73-ed2de6087c07/361f5616-c484-47a0-8d70-f5c3b9a8108b.jpeg?h=225&w=225,
309494892,Tesco Finest Slow Cooked Chicken Legs 635G,https://www.tesco.com/groceries/en-GB/shop/fresh-food/all?department=Finest%20Fresh%20Food&viewAll=department&page=,£6.55,£10.32/kg,£4.75 Clubcard Price,,/groceries/en-GB/products/309494892,https://digitalcontent.api.tesco.com/v2/media/ghs/580da014-27bd-4de0-92a7-4a62db2e22c2/358d2c5c-4161-4723-9a1d-539bdd9a7cb1_863638938.jpeg?h=225&w=225,
309765128,Tesco Finest Lime Infused Mango 100G,https://www.tesco.com/groceries/en-GB/shop/fresh-food/all?department=Finest%20Fresh%20Food&viewAll=department&page=,£3.50,£35.00/kg,,,/groceries/en-GB/products/309765128,https://digitalcontent.api.tesco.com/v2/media/ghs/178abe29-bc8b-4973-869a-cf97d8c1d936/0e59f9fe-f789-4ca6-bf6f-6154c565e8b3_2138936287.jpeg?h=225&w=225,
307140842,Tesco Finest Billionaires Cheesecake 500G,https://www.tesco.com/groceries/en-GB/shop/fresh-food/all?department=Finest%20Fresh%20Food&viewAll=department&page=,£4.20,£0.84/100g,,,/groceries/en-GB/products/307140842,https://digitalcontent.api.tesco.com/v2/media/ghs/ebb5e0b4-d941-451a-aa4e-75a946344438/f4db7e2b-4675-4fc9-8705-c296e2737c0a.jpeg?h=225&w=225,
305958575,Tesco Finest Mozzarella & Pesto Pasta Salad 240G,https://www.tesco.com/groceries/en-GB/shop/fresh-food/all?department=Finest%20Fresh%20Food&viewAll=department&page=,£3.00,£1.28/100g,,,/groceries/en-GB/products/305958575,https://digitalcontent.api.tesco.com/v2/media/ghs/adec22d5-2102-405a-9c8a-e658750d1663/f54f2880-0047-4141-a8db-a53d5184c352.jpeg?h=225&w=225,
308497124,Tesco Finest Double Stuffed Halkidiki Olives Red Pepper 160G,https://www.tesco.com/groceries/en-GB/shop/fresh-food/all?department=Finest%20Fresh%20Food&viewAll=department&page=,£2.70,£1.69/100g,,,/groceries/en-GB/products/308497124,https://digitalcontent.api.tesco.com/v2/media/ghs/aa9337e9-97a4-4a4a-9821-b87a5534bd7c/fff84483-17c4-4b91-81cf-5cf90a7de1f4_1314979262.jpeg?h=225&w=225,
299948135,Tesco Finest Madagascan Vanilla Cheesecake 540G,https://www.tesco.com/groceries/en-GB/shop/fresh-food/all?department=Finest%20Fresh%20Food&viewAll=department&page=,£4.20,£0.78/100g,,,/groceries/en-GB/products/299948135,https://digitalcontent.api.tesco.com/v2/media/ghs/b3e5cb22-6481-4a78-a7ab-94feac44f538/25be4174-c949-4f19-9a2e-2f19ba910f2c.jpeg?h=225&w=225,
273369186,Tesco Finest Morbier Aop 200G,https://www.tesco.com/groceries/en-GB/shop/fresh-food/all?department=Finest%20Fresh%20Food&viewAll=department&page=,£3.50,£17.50/kg,,,/groceries/en-GB/products/273369186,https://digitalcontent.api.tesco.com/v2/media/ghs/c48d9c2d-155e-47c7-842e-1ba54664cecd/8b49abe2-81aa-45a4-80cb-d091890fdf5d.jpeg?h=225&w=225,
306809273,Tesco Finest 2 Mini Beef Rump Joints 323G,https://www.tesco.com/groceries/en-GB/shop/fresh-food/all?department=Finest%20Fresh%20Food&viewAll=department&page=,£5.25,£16.26/kg,,,/groceries/en-GB/products/306809273,https://digitalcontent.api.tesco.com/v2/media/ghs/7e004af5-80f4-48d2-8b1d-48b89f97b19b/4ccf4750-c1d3-41cd-b126-d23cae28be0f.jpeg?h=225&w=225,
277465774,Tesco Finest Brie De Meaux Aop Portion 170G,https://www.tesco.com/groceries/en-GB/shop/fresh-food/all?department=Finest%20Fresh%20Food&viewAll=department&page=,£3.25,£19.12/kg,,,/groceries/en-GB/products/277465774,https://digitalcontent.api.tesco.com/v2/media/ghs/39f32c4c-32fd-4322-ad30-37aafe7c9405/ee93c3da-d172-44e8-8c68-db2501a175b7.jpeg?h=225&w=225,
285097707,Tesco Finest Saint Felicien 180G,https://www.tesco.com/groceries/en-GB/shop/fresh-food/all?department=Finest%20Fresh%20Food&viewAll=department&page=,£3.15,£17.50/kg,,,/groceries/en-GB/products/285097707,https://digitalcontent.api.tesco.com/v2/media/ghs/b6b2f6d7-9fbb-415b-bb76-2b7aea5fa2a6/ed8c6ce1-bb1d-4cd0-8949-2f915eb55efe.jpeg?h=225&w=225,
261621240,Tesco Finest Kidderton Ash Goats Cheese 150G,https://www.tesco.com/groceries/en-GB/shop/fresh-food/all?department=Finest%20Fresh%20Food&viewAll=department&page=,£3.25,£21.67/kg,,,/groceries/en-GB/products/261621240,https://digitalcontent.api.tesco.com/v2/media/ghs/a508a08e-d2b7-4ef8-ba7c-3ec6aced6657/af27d09d-06b3-4993-a272-b7ba42b9dde5.jpeg?h=225&w=225,
308475006,Tesco Finest Mediterranean Inspired Vegetable Sauce 180G,https://www.tesco.com/groceries/en-GB/shop/fresh-food/all?department=Finest%20Fresh%20Food&viewAll=department&page=,£2.60,£1.45/100g,,,/groceries/en-GB/products/308475006,https://digitalcontent.api.tesco.com/v2/media/ghs/8c00ac24-5f28-4e0b-a6ca-1c8a25342518/9c6c496d-12eb-484e-a15e-3e7c1297ec47.jpeg?h=225&w=225,
309160106,Tesco Finest Vintage Cheddar & Sauvignon Blanc Bake 150G,https://www.tesco.com/groceries/en-GB/shop/fresh-food/all?department=Finest%20Fresh%20Food&viewAll=department&page=,£3.15,£21.00/kg,,,/groceries/en-GB/products/309160106,https://digitalcontent.api.tesco.com/v2/media/ghs/ba8935f1-04c0-4cf0-a170-209eece54aa2/45e88f7c-117e-4e17-b60b-cf71d1762072_1933204379.jpeg?h=225&w=225,
268957943,Tesco Finest Langres 180G,https://www.tesco.com/groceries/en-GB/shop/fresh-food/all?department=Finest%20Fresh%20Food&viewAll=department&page=,£3.25,£18.06/kg,,,/groceries/en-GB/products/268957943,https://digitalcontent.api.tesco.com/v2/media/ghs/85896da6-0b96-4ca5-8ecb-0cab6a6a4872/a4a69bac-12dc-4092-a259-78a233dc6c2d.jpeg?h=225&w=225,
310120292,Tesco Finest Ultimate 2 Scotch Eggs 260G,https://www.tesco.com/groceries/en-GB/shop/fresh-food/all?department=Finest%20Fresh%20Food&viewAll=department&page=,£3.40,£1.31/100g,,,/groceries/en-GB/products/310120292,https://digitalcontent.api.tesco.com/v2/media/ghs/5d76054f-b9ea-46ef-89a3-0dfba62f5308/81a085f3-1150-47be-aba6-baca1b04c7fc.jpeg?h=225&w=225,
310158230,Tesco Finest Ultimate 2 Pork Sausage Rolls 230G,https://www.tesco.com/groceries/en-GB/shop/fresh-food/all?department=Finest%20Fresh%20Food&viewAll=department&page=,£2.60,£1.14/100g,,,/groceries/en-GB/products/310158230,https://digitalcontent.api.tesco.com/v2/media/ghs/96eafaa1-156a-42b6-891f-02268b07f0c9/0098b972-e275-45db-bfd8-92dc9d222a34.jpeg?h=225&w=225,
309487060,Tesco Finest Cauliflower Pakora 315G,https://www.tesco.com/groceries/en-GB/shop/fresh-food/all?department=Finest%20Fresh%20Food&viewAll=department&page=,£2.60,£8.26/kg,,,/groceries/en-GB/products/309487060,https://digitalcontent.api.tesco.com/v2/media/ghs/8b750901-01ec-4b90-9ca9-dca9b0f34220/acdaeaf2-ff9d-4233-b6d7-1866295f236d.jpeg?h=225&w=225,
304408595,Tesco Finest Iberico Cheese 150G,https://www.tesco.com/groceries/en-GB/shop/fresh-food/all?department=Finest%20Fresh%20Food&viewAll=department&page=,£2.75,£18.34/kg,Any 3 for £6 Clubcard Price - Selected Cheese And Sliced Cooked Meats 30g - 220g,,/groceries/en-GB/products/304408595,https://digitalcontent.api.tesco.com/v2/media/ghs/f2b57584-7e1c-48fa-b908-68d0701f36f1/60ebb6dc-0f7f-40cb-bb30-f6074b1699c9_1063561986.jpeg?h=225&w=225,
309779325,Tesco Finest Saag Paneer 300G,https://www.tesco.com/groceries/en-GB/shop/fresh-food/all?department=Finest%20Fresh%20Food&viewAll=department&page=,£2.60,£8.67/kg,,,/groceries/en-GB/products/309779325,https://digitalcontent.api.tesco.com/v2/media/ghs/0d0d846b-37e7-4307-853d-4dc24d28045b/18d076f8-8a26-4746-8545-036c5c217951.jpeg?h=225&w=225,
304379501,Tesco Finest Red Leicester Truckle 200G,https://www.tesco.com/groceries/en-GB/shop/fresh-food/all?department=Finest%20Fresh%20Food&viewAll=department&page=,£2.20,£11.00/kg,Any 3 for £6 Clubcard Price - Selected Cheese And Sliced Cooked Meats 30g - 220g,,/groceries/en-GB/products/304379501,https://digitalcontent.api.tesco.com/v2/media/ghs/4786c07b-bd6f-4bf9-9526-7a39e79c8574/cf4dd781-c64e-45da-8a32-dfc691b16fd7_1030476029.jpeg?h=225&w=225,
304383207,Tesco Finest Coastal Bite Cheddar 200G,https://www.tesco.com/groceries/en-GB/shop/fresh-food/all?department=Finest%20Fresh%20Food&viewAll=department&page=,£2.20,£11.00/kg,Any 3 for £6 Clubcard Price - Selected Cheese And Sliced Cooked Meats 30g - 220g,,/groceries/en-GB/products/304383207,https://digitalcontent.api.tesco.com/v2/media/ghs/8954db4e-85a6-4cf1-a367-0dc925307264/dfd086df-b433-4d3b-babb-01c481e817f1_1013739143.jpeg?h=225&w=225,
310185076,Tesco Finest Stratford Blue Cheese 150G,https://www.tesco.com/groceries/en-GB/shop/fresh-food/all?department=Finest%20Fresh%20Food&viewAll=department&page=,£2.75,£18.34/kg,,,/groceries/en-GB/products/310185076,https://digitalcontent.api.tesco.com/v2/media/ghs/90da43f9-6996-4912-a47e-780c02eca64a/91d31a67-53a9-4159-bf18-4dee085b8027_1205521471.jpeg?h=225&w=225,
299684901,Tesco Finest 35 Day Salt Dry Aberdeen Angus Ribeye Steak,https://www.tesco.com/groceries/en-GB/shop/fresh-food/all?department=Finest%20Fresh%20Food&viewAll=department&page=,£9.98,£35.00/kg,,,/groceries/en-GB/products/299684901,https://digitalcontent.api.tesco.com/v2/media/ghs/0f0cc746-264a-4458-80ce-bee49b34edb7/9e095ba6-dbc5-4d23-98c2-cde9dbef30fc.jpeg?h=225&w=225,
306936853,Tesco Finest Easy Carve Duck with an Orange & Maple Glaze Serves 5,https://www.tesco.com/groceries/en-GB/shop/fresh-food/all?department=Finest%20Fresh%20Food&viewAll=department&page=,£25.00,£15.63/kg,,,/groceries/en-GB/products/306936853,https://digitalcontent.api.tesco.com/v2/media/ghs/a42b97be-b9a2-4016-9f6b-cae518c879e1/c89c43b4-919f-49c3-a68c-29d9d7be9710.jpeg?h=225&w=225,
309473560,Tf Lamb Cutlets With Garlic & Rosemary Crumb,https://www.tesco.com/groceries/en-GB/shop/fresh-food/all?department=Finest%20Fresh%20Food&viewAll=department&page=,£21.00,£26.25/kg,,,/groceries/en-GB/products/309473560,https://digitalcontent.api.tesco.com/v2/media/ghs/858f097c-ec54-4093-aa68-e34856efcf60/1b6b5ad0-ef56-4632-81d3-2a50f1171427.jpeg?h=225&w=225,
299279863,Tesco Finest Sirloin Joint,https://www.tesco.com/groceries/en-GB/shop/fresh-food/all?department=Finest%20Fresh%20Food&viewAll=department&page=,£24.26,£22.05/kg,,,/groceries/en-GB/products/299279863,https://digitalcontent.api.tesco.com/v2/media/ghs/755a8544-60fd-46bc-b914-104b846c91d0/b4a3b932-02e9-45a0-bd0b-3f60bc416bf6.jpeg?h=225&w=225,
250046269,Tesco Finest Gouda 180G,https://www.tesco.com/groceries/en-GB/shop/fresh-food/all?department=Finest%20Fresh%20Food&viewAll=department&page=,£3.75,£20.84/kg,,,/groceries/en-GB/products/250046269,https://digitalcontent.api.tesco.com/v2/media/ghs-mktg/b0b04216-fa73-466d-a9d7-c9fcfa1ce9b3/no-image.jpeg,
312585849,Tesco Finest Slow Cooked Pork Belly With Crackling 985G,https://www.tesco.com/groceries/en-GB/shop/fresh-food/all?department=Finest%20Fresh%20Food&viewAll=department&page=,£10.00,£10.16/kg,,New,/groceries/en-GB/products/312585849,https://digitalcontent.api.tesco.com/v2/media/ghs/e576277f-ab67-4442-a37f-da51705f6b21/e4e31b79-c179-4758-8ae6-b1128ce8dac6_1319098302.jpeg?h=225&w=225,
309768027,Tesco Finest Chicken Tikka Masala 300G,https://www.tesco.com/groceries/en-GB/shop/fresh-food/all?department=Finest%20Fresh%20Food&viewAll=department&page=,£3.50,£11.67/kg,,,/groceries/en-GB/products/309768027,https://digitalcontent.api.tesco.com/v2/media/ghs/35590203-255f-4d9e-a8ba-5927257ab520/ae5bd5c4-2783-46e3-9b8d-4e0446cd2791_1675831633.jpeg?h=225&w=225,
305988533,Tesco Finest Wild Mushroom Pasta 215G,https://www.tesco.com/groceries/en-GB/shop/fresh-food/all?department=Finest%20Fresh%20Food&viewAll=department&page=,£2.35,£1.10/100g,,,/groceries/en-GB/products/305988533,https://digitalcontent.api.tesco.com/v2/media/ghs/5d50cfa3-b043-4acc-b669-53d807fcabd6/d8b892aa-b723-411c-9b92-0fcf5f3e9a24.jpeg?h=225&w=225,
307337063,Tesco Finest Live Scottish Mussels 1Kg,https://www.tesco.com/groceries/en-GB/shop/fresh-food/all?department=Finest%20Fresh%20Food&viewAll=department&page=,£3.00,£3.00/kg,,,/groceries/en-GB/products/307337063,https://digitalcontent.api.tesco.com/v2/media/ghs/15e3b1e1-3391-4afd-b89d-e8c40fc8d8f9/03072753-c2d7-4d9a-b118-352a279d1cfe.jpeg?h=225&w=225,
312219714,Tesco Finest Slow Cooked Tandoori Smoked Chicken 1.322Kg,https://www.tesco.com/groceries/en-GB/shop/fresh-food/all?department=Finest%20Fresh%20Food&viewAll=department&page=,£10.00,£7.57/kg,£9.00 Clubcard Price,,/groceries/en-GB/products/312219714,https://digitalcontent.api.tesco.com/v2/media/ghs/87a84b03-7614-48fe-aaae-663f55219e07/8bee2901-8f61-441c-a1a9-abe15655066f_1671288288.jpeg?h=225&w=225,
310136279,Tesco Finest Montagnolo Affine 160G,https://www.tesco.com/groceries/en-GB/shop/fresh-food/all?department=Finest%20Fresh%20Food&viewAll=department&page=,£2.75,£17.19/kg,,,/groceries/en-GB/products/310136279,https://digitalcontent.api.tesco.com/v2/media/ghs/fb25c6d9-ea8a-4d36-8892-3e08ba509332/2ec2c154-263a-4e7d-82e1-6b7fc4b9bd2b.jpeg?h=225&w=225,
288661225,Tesco British Chicken Thigh Fillets 600G,https://www.tesco.com/groceries/en-GB/shop/fresh-food/all?department=Fresh%20Meat%20%26%20Poultry&viewAll=department&page=,£4.55,£7.59/kg,£4.00 Clubcard Price,,/groceries/en-GB/products/288661225,https://digitalcontent.api.tesco.com/v2/media/ghs/d9361ebb-7331-417a-b03d-e0d387d56b1e/2d1eeca0-8c4c-481d-b5be-a1b8d6cb59f5.jpeg?h=225&w=225,
280010485,Tesco Finest 10 Pork Sausages 667G,https://www.tesco.com/groceries/en-GB/shop/fresh-food/all?department=Fresh%20Meat%20%26%20Poultry&viewAll=department&page=,,,,,/groceries/en-GB/products/280010485,https://digitalcontent.api.tesco.com/v2/media/ghs/8375e989-5cb8-4942-9ad1-b873902de1ef/e19dfe88-c5ec-47bf-ba0f-5573d6429f96.jpeg?h=225&w=225,This product's currently out of stock
304410539,Tesco Mini Chicken Fillets 650G,https://www.tesco.com/groceries/en-GB/shop/fresh-food/all?department=Fresh%20Meat%20%26%20Poultry&viewAll=department&page=,£5.30,£8.16/kg,£4.75 Clubcard Price,,/groceries/en-GB/products/304410539,https://digitalcontent.api.tesco.com/v2/media/ghs/bbc4c6cd-99f6-4e43-8f12-160f58f9796c/3ae0c437-77df-4a8e-89b9-5f384812eb5e.jpeg?h=225&w=225,
275216612,Tesco Finest 4 British Beef Steak Burgers 454G,https://www.tesco.com/groceries/en-GB/shop/fresh-food/all?department=Fresh%20Meat%20%26%20Poultry&viewAll=department&page=,£4.00,£8.82/kg,,,/groceries/en-GB/products/275216612,https://digitalcontent.api.tesco.com/v2/media/ghs/a77e5eb4-897c-44a5-b0f5-988fc9338271/a778367f-0e0d-4f81-81a7-ad530568ebc7.jpeg?h=225&w=225,
304368923,Tesco British Chicken Breast Mini Fillets 400G,https://www.tesco.com/groceries/en-GB/shop/fresh-food/all?department=Fresh%20Meat%20%26%20Poultry&viewAll=department&page=,£3.50,£8.75/kg,,,/groceries/en-GB/products/304368923,https://digitalcontent.api.tesco.com/v2/media/ghs/5e2ca116-99f1-4459-ba6a-e8b48c47c641/71d46359-b841-45b1-bc10-046045e012ab.jpeg?h=225&w=225,
304404328,Tesco British Diced Chicken Breast 400G,https://www.tesco.com/groceries/en-GB/shop/fresh-food/all?department=Fresh%20Meat%20%26%20Poultry&viewAll=department&page=,£3.50,£8.75/kg,£3.10 Clubcard Price,,/groceries/en-GB/products/304404328,https://digitalcontent.api.tesco.com/v2/media/ghs/b8f7e32f-c928-4e00-90c7-a712ac673756/72be8395-0dc7-4310-9e65-228441742cf1.jpeg?h=225&w=225,
267992016,T Unsmkd Thick Cut Back Bacon Rasher 300G,https://www.tesco.com/groceries/en-GB/shop/fresh-food/all?department=Fresh%20Meat%20%26%20Poultry&viewAll=department&page=,£1.95,£6.50/kg,,,/groceries/en-GB/products/267992016,https://digitalcontent.api.tesco.com/v2/media/ghs/edf07bc7-6558-4ec8-94a1-e447d18dd00f/1c151bc5-5736-4229-99b6-41858acb3ea8.jpeg?h=225&w=225,
251523740,Tesco Finest 12 Pork British Chipolata 375G,https://www.tesco.com/groceries/en-GB/shop/fresh-food/all?department=Fresh%20Meat%20%26%20Poultry&viewAll=department&page=,,,,,/groceries/en-GB/products/251523740,https://digitalcontent.api.tesco.com/v2/media/ghs/9903189f-ddb6-4f97-b402-64118ce0ae69/5c1bd0fc-3601-4e3d-9f14-304de8c48cfc.jpeg?h=225&w=225,This product's currently out of stock
268287042,Tesco Unsmked Back Bacon*10 300G Promo,https://www.tesco.com/groceries/en-GB/shop/fresh-food/all?department=Fresh%20Meat%20%26%20Poultry&viewAll=department&page=,£1.95,£6.50/kg,,,/groceries/en-GB/products/268287042,https://digitalcontent.api.tesco.com/v2/media/ghs/b99afc60-1a73-40e5-aa04-6c218408c617/7b37a635-caae-4ebf-b4e5-ff3922d09923.jpeg?h=225&w=225,
292278149,Tesco British Whole Medium Chicken 1.2Kg -1.5Kg,https://www.tesco.com/groceries/en-GB/shop/fresh-food/all?department=Fresh%20Meat%20%26%20Poultry&viewAll=department&page=,£3.95,£3.30/kg,,,/groceries/en-GB/products/292278149,https://digitalcontent.api.tesco.com/v2/media/ghs/53fdf956-fa94-4ba7-ab5f-f0d9740fbd10/f10fb877-8ecd-4a1c-819e-e228a034f85e.jpeg?h=225&w=225,
292277755,Tesco Whole Chicken Extra Large 1.9Kg - 2.3Kg,https://www.tesco.com/groceries/en-GB/shop/fresh-food/all?department=Fresh%20Meat%20%26%20Poultry&viewAll=department&page=,£5.50,£2.90/kg,,,/groceries/en-GB/products/292277755,https://digitalcontent.api.tesco.com/v2/media/ghs/1ed4575c-75a3-4dd5-9598-1c506679dd57/7c7a22df-3e3a-4e9a-8f74-97d10ddd0cae.jpeg?h=225&w=225,
292276232,Tesco British Large Whole Chicken 1.5Kg - 1.9Kg,https://www.tesco.com/groceries/en-GB/shop/fresh-food/all?department=Fresh%20Meat%20%26%20Poultry&viewAll=department&page=,£4.60,£3.07/kg,,,/groceries/en-GB/products/292276232,https://digitalcontent.api.tesco.com/v2/media/ghs/abeafb4a-6c20-4339-9fe0-f51eb8e93d09/bf2d0a1b-6725-441a-a8cf-a7e380141efc.jpeg?h=225&w=225,
267991908,Tesco Smoked T/C Back Bacon Rasher 300G,https://www.tesco.com/groceries/en-GB/shop/fresh-food/all?department=Fresh%20Meat%20%26%20Poultry&viewAll=department&page=,£1.95,£6.50/kg,,,/groceries/en-GB/products/267991908,https://digitalcontent.api.tesco.com/v2/media/ghs/02179775-6a70-4f16-b3c0-1ee3af5ecbd3/b0fa0411-525c-4695-8ff5-1a7b5fb65359.jpeg?h=225&w=225,
305984899,Richmond 8 Thick Pork Sausages 410G,https://www.tesco.com/groceries/en-GB/shop/fresh-food/all?department=Fresh%20Meat%20%26%20Poultry&viewAll=department&page=,£2.30,£5.61/kg,,,/groceries/en-GB/products/305984899,https://digitalcontent.api.tesco.com/v2/media/ghs/2df7c137-41c6-46d4-84be-49986ed5f4fe/6098f910-cfdb-4c0c-b2b1-d8fbf6d2b913.jpeg?h=225&w=225,
267995121,Tesco Smoked Back Bacon 10 Rashers 300G,https://www.tesco.com/groceries/en-GB/shop/fresh-food/all?department=Fresh%20Meat%20%26%20Poultry&viewAll=department&page=,£1.95,£6.50/kg,,,/groceries/en-GB/products/267995121,https://digitalcontent.api.tesco.com/v2/media/ghs/b411600a-6460-4c50-adbe-4b106608bfee/bb23a6ee-0cc9-45ff-a25e-ad7884dc3a3b.jpeg?h=225&w=225,
280002982,Tesco Finest British Pork Sausages 400G,https://www.tesco.com/groceries/en-GB/shop/fresh-food/all?department=Fresh%20Meat%20%26%20Poultry&viewAll=department&page=,,,,,/groceries/en-GB/products/280002982,https://digitalcontent.api.tesco.com/v2/media/ghs/85d0d928-31e0-4884-8c59-b1ebe33aa1c9/451764c1-9642-4267-8253-2ef1ba909671.jpeg?h=225&w=225,This product's currently out of stock
261879050,Tesco 8 Brtish Pork Sausages 454G,https://www.tesco.com/groceries/en-GB/shop/fresh-food/all?department=Fresh%20Meat%20%26%20Poultry&viewAll=department&page=,£2.00,£4.41/kg,Any 2 for £3.50 Clubcard Price - Selected Tesco Sausages 375g Or 454g,,/groceries/en-GB/products/261879050,https://digitalcontent.api.tesco.com/v2/media/ghs/2fececa0-3945-491d-8e3e-160e22ccbcd7/681135e7-b5a9-45c2-b2a3-f03648da8e10.jpeg?h=225&w=225,
308094566,Tesco Diced Beef 400G,https://www.tesco.com/groceries/en-GB/shop/fresh-food/all?department=Fresh%20Meat%20%26%20Poultry&viewAll=department&page=,£3.79,£9.48/kg,Aldi Price Match,,/groceries/en-GB/products/308094566,https://digitalcontent.api.tesco.com/v2/media/ghs/992cd707-d3aa-47e5-9042-17066c730a9e/47df9bd3-8bdb-4a27-8588-c1d4e4dfb995.jpeg?h=225&w=225,
305981569,Richmond 12 Thick Pork Sausages 615G,https://www.tesco.com/groceries/en-GB/shop/fresh-food/all?department=Fresh%20Meat%20%26%20Poultry&viewAll=department&page=,£3.20,£5.21/kg,£2.00 Clubcard Price,,/groceries/en-GB/products/305981569,https://digitalcontent.api.tesco.com/v2/media/ghs/eedbf2a4-f323-433c-b31a-accd95db1485/b15dcc95-22eb-4f3d-a6a9-86e06d514783.jpeg?h=225&w=225,
258431866,Tesco Pork Lean Mince 5% Fat 500G,https://www.tesco.com/groceries/en-GB/shop/fresh-food/all?department=Fresh%20Meat%20%26%20Poultry&viewAll=department&page=,£2.75,£5.50/kg,,,/groceries/en-GB/products/258431866,https://digitalcontent.api.tesco.com/v2/media/ghs/027e5d97-b489-45e4-a678-a2b37ec50354/9b37a5c3-7f77-4dac-b17a-62342579ebac.jpeg?h=225&w=225,
285210252,Tesco 2 British Chicken Breast Fillets 300G,https://www.tesco.com/groceries/en-GB/shop/fresh-food/all?department=Fresh%20Meat%20%26%20Poultry&viewAll=department&page=,£2.40,£8.00/kg,,,/groceries/en-GB/products/285210252,https://digitalcontent.api.tesco.com/v2/media/ghs/4cfd48e8-1e52-4804-a2a9-72ba5339b46d/7b93dc16-3928-4a6a-9b3f-0ffb7af03c2c.jpeg?h=225&w=225,
292312017,Woodside Farms Unsmoked Back Bacon 300G,https://www.tesco.com/groceries/en-GB/shop/fresh-food/all?department=Fresh%20Meat%20%26%20Poultry&viewAll=department&page=,£1.35,£4.50/kg,Aldi Price Match,,/groceries/en-GB/products/292312017,,
292311836,Woodside Farms Smoked Back Bacon 300G,https://www.tesco.com/groceries/en-GB/shop/fresh-food/all?department=Fresh%20Meat%20%26%20Poultry&viewAll=department&page=,£1.35,£4.50/kg,,,/groceries/en-GB/products/292311836,,
294007923,Tesco British Chicken Breast Portions 650G,https://www.tesco.com/groceries/en-GB/shop/fresh-food/all?department=Fresh%20Meat%20%26%20Poultry&viewAll=department&page=,£4.20,£6.47/kg,,,/groceries/en-GB/products/294007923,,
279704092,Tesco Lean Beef Steak Mince 5% Fat 250G,https://www.tesco.com/groceries/en-GB/shop/fresh-food/all?department=Fresh%20Meat%20%26%20Poultry&viewAll=department&page=,£1.99,£7.96/kg,Aldi Price Match,,/groceries/en-GB/products/279704092,https://digitalcontent.api.tesco.com/v2/media/ghs/055d875a-1a7f-440a-aa19-d65cf0975f78/80d8521b-3849-4d5f-a557-3bda764a4322.jpeg?h=225&w=225,
292284222,Tesco British Chicken Breast Portions 950G,https://www.tesco.com/groceries/en-GB/shop/fresh-food/all?department=Fresh%20Meat%20%26%20Poultry&viewAll=department&page=,£5.80,£6.11/kg,,,/groceries/en-GB/products/292284222,https://digitalcontent.api.tesco.com/v2/media/ghs/5a37bab7-4dc5-48be-b08e-17b24cb63700/87e9b758-5982-4ce2-a8ce-7e8100093db0.jpeg?h=225&w=225,
304797305,Willow Farm Chicken Breast Portions 900G -1.2Kg,https://www.tesco.com/groceries/en-GB/shop/fresh-food/all?department=Fresh%20Meat%20%26%20Poultry&viewAll=department&page=,£5.88,£5.60/kg,Aldi Price Match,,/groceries/en-GB/products/304797305,https://digitalcontent.api.tesco.com/v2/media/ghs/7dc1bee8-b4d5-416c-87c9-5dd1014289ae/923ba46c-b025-4a1b-9bc7-ab2a4addf3b7.jpeg?h=225&w=225,
250871426,Tesco Beef Lean Steak Mince 500G 5% Fat,https://www.tesco.com/groceries/en-GB/shop/fresh-food/all?department=Fresh%20Meat%20%26%20Poultry&viewAll=department&page=,£2.89,£5.78/kg,Aldi Price Match,,/groceries/en-GB/products/250871426,https://digitalcontent.api.tesco.com/v2/media/ghs/b5b02b95-f27b-47e7-b4ca-9eb24aca53e8/1d53734a-9157-40a8-aafe-f60f6c5c1c1a.jpeg?h=225&w=225,
308083458,Tesco Beef Mince 500G 20% Fat,https://www.tesco.com/groceries/en-GB/shop/fresh-food/all?department=Fresh%20Meat%20%26%20Poultry&viewAll=department&page=,£1.79,£3.58/kg,Aldi Price Match,,/groceries/en-GB/products/308083458,https://digitalcontent.api.tesco.com/v2/media/ghs/5915b745-8d37-4631-a793-af25f3083170/59115240-2715-457f-93b8-9da52dc6da82.jpeg?h=225&w=225,
282470731,Tesco Beef Lean Steak Mince 5% Fat 750G,https://www.tesco.com/groceries/en-GB/shop/fresh-food/all?department=Fresh%20Meat%20%26%20Poultry&viewAll=department&page=,£4.29,£5.72/kg,Aldi Price Match,,/groceries/en-GB/products/282470731,https://digitalcontent.api.tesco.com/v2/media/ghs/f038cd91-7b5c-47fd-8d1a-a3a2428ac628/991dc830-8e74-4439-bb86-ea859a890d8b.jpeg?h=225&w=225,
309198897,Tesco Finest Roasted Garlic Chicken Kiev With Salted Butter 385G,https://www.tesco.com/groceries/en-GB/shop/fresh-food/all?department=Fresh%20Meat%20%26%20Poultry&viewAll=department&page=,£4.80,£12.47/kg,£4.30 Clubcard Price,,/groceries/en-GB/products/309198897,https://digitalcontent.api.tesco.com/v2/media/ghs/ab660987-18d8-48ac-989f-948ff61641f6/8dbafd1b-6a1e-457a-acac-970ed1d19780.jpeg?h=225&w=225,
307733170,Tesco 2 Breaded Garlic Chicken Kievs 270G,https://www.tesco.com/groceries/en-GB/shop/fresh-food/all?department=Fresh%20Meat%20%26%20Poultry&viewAll=department&page=,£2.50,£9.26/kg,,,/groceries/en-GB/products/307733170,https://digitalcontent.api.tesco.com/v2/media/ghs/7d39a199-b20d-427a-a46f-73027e565b95/e056a62f-5517-49a4-9082-a4b6d39eb4f9.jpeg?h=225&w=225,
282011659,Tesco 24 Beef Meatballs 672G,https://www.tesco.com/groceries/en-GB/shop/fresh-food/all?department=Fresh%20Meat%20%26%20Poultry&viewAll=department&page=,£4.50,£6.70/kg,,,/groceries/en-GB/products/282011659,https://digitalcontent.api.tesco.com/v2/media/ghs/1c682168-76fd-4c6b-a6ac-47a80d1677d5/ed4bb042-7cde-40bf-b038-1c42eecdbd35.jpeg?h=225&w=225,
303088622,Tesco Unsmoked Twin Pack Back Bacon 2X360g,https://www.tesco.com/groceries/en-GB/shop/fresh-food/all?department=Fresh%20Meat%20%26%20Poultry&viewAll=department&page=,£4.50,£6.25/kg,,,/groceries/en-GB/products/303088622,https://digitalcontent.api.tesco.com/v2/media/ghs/b53daa0c-b348-4aeb-b59f-e3f5ed3c7e85/7430a57c-52d7-4de0-82ab-63b5d02f8fb5.jpeg?h=225&w=225,
255211164,Tesco Finest 6 Pork & Caramelised Onion Sausages 400G,https://www.tesco.com/groceries/en-GB/shop/fresh-food/all?department=Fresh%20Meat%20%26%20Poultry&viewAll=department&page=,£3.00,£7.50/kg,,,/groceries/en-GB/products/255211164,https://digitalcontent.api.tesco.com/v2/media/ghs/47175005-ebff-418f-b678-05db1276fec2/0235b837-69e8-4b20-a2d9-e68780f7d7ff.jpeg?h=225&w=225,
308494974,Tesco Lean Diced Beef 600G,https://www.tesco.com/groceries/en-GB/shop/fresh-food/all?department=Fresh%20Meat%20%26%20Poultry&viewAll=department&page=,£6.40,£10.67/kg,,,/groceries/en-GB/products/308494974,https://digitalcontent.api.tesco.com/v2/media/ghs/ffc230ed-d87f-4b57-9774-dd94d6c87bfa/119f4d83-ef32-4ccc-9171-519ebaed7672.jpeg?h=225&w=225,
304380429,Tesco British Chicken Thigh Fillets 1Kg,https://www.tesco.com/groceries/en-GB/shop/fresh-food/all?department=Fresh%20Meat%20%26%20Poultry&viewAll=department&page=,£6.00,£6.00/kg,,,/groceries/en-GB/products/304380429,https://digitalcontent.api.tesco.com/v2/media/ghs/b7038523-0c4d-4c2a-abcd-f9bf3b0bcbca/6dd9de7c-fb38-4bdc-aca9-6f63ea20c8d3.jpeg?h=225&w=225,
303088645,Tesco Smoked Twin Pack Back Bacon 2X360g,https://www.tesco.com/groceries/en-GB/shop/fresh-food/all?department=Fresh%20Meat%20%26%20Poultry&viewAll=department&page=,£4.50,£6.25/kg,,,/groceries/en-GB/products/303088645,https://digitalcontent.api.tesco.com/v2/media/ghs/ec67e1d0-187a-475c-8877-0457147b5a77/1bf53b21-c9dd-4acf-ac65-7dbb31dcfae4.jpeg?h=225&w=225,
311782597,I Love British 10 Unsmoked Back Bacon 300G,https://www.tesco.com/groceries/en-GB/shop/fresh-food/all?department=Fresh%20Meat%20%26%20Poultry&viewAll=department&page=,£2.20,£7.34/kg,£2.00 Clubcard Price,,/groceries/en-GB/products/311782597,https://digitalcontent.api.tesco.com/v2/media/ghs/95081334-707d-4e49-a86a-84c0d2ba5848/b9c1bee8-8afc-4738-899f-9a128c03256a.jpeg?h=225&w=225,
282025194,Tesco Finest 12 Beef & Herb Meatballs 336G,https://www.tesco.com/groceries/en-GB/shop/fresh-food/all?department=Fresh%20Meat%20%26%20Poultry&viewAll=department&page=,£3.15,£9.38/kg,£2.65 Clubcard Price,,/groceries/en-GB/products/282025194,https://digitalcontent.api.tesco.com/v2/media/ghs/9ef5b0a5-433d-4c8f-ab5c-b05db7df3378/817f0fa7-1650-4c28-a7c9-c80263c113ab.jpeg?h=225&w=225,
279993208,Tesco Finest 6 Cumberland Pork Sausages 400G,https://www.tesco.com/groceries/en-GB/shop/fresh-food/all?department=Fresh%20Meat%20%26%20Poultry&viewAll=department&page=,,,,,/groceries/en-GB/products/279993208,https://digitalcontent.api.tesco.com/v2/media/ghs/ee0a53fe-2cf7-4622-9112-e6e0e300a440/201513c8-bd63-4b89-81f4-f03af975fcde.jpeg?h=225&w=225,This product's currently out of stock
308483578,Tesco Lean Diced Beef 400G,https://www.tesco.com/groceries/en-GB/shop/fresh-food/all?department=Fresh%20Meat%20%26%20Poultry&viewAll=department&page=,£4.50,£11.25/kg,,,/groceries/en-GB/products/308483578,https://digitalcontent.api.tesco.com/v2/media/ghs/8dbad8d6-12f0-4d20-b40b-b92c68c9219c/e6843492-aaaf-41db-be94-21aeb0c6e075.jpeg?h=225&w=225,
293250007,Tesco Thin Cut Pork Loin Steaks 600G,https://www.tesco.com/groceries/en-GB/shop/fresh-food/all?department=Fresh%20Meat%20%26%20Poultry&viewAll=department&page=,£3.80,£6.34/kg,£3.20 Clubcard Price,,/groceries/en-GB/products/293250007,https://digitalcontent.api.tesco.com/v2/media/ghs/87436824-51b9-4c82-a864-094ed947d8d5/bc8cf8c8-a3eb-44d2-afee-f038883b4b55.jpeg?h=225&w=225,
304402267,Tesco Pork Loin Steaks 960G,https://www.tesco.com/groceries/en-GB/shop/fresh-food/all?department=Fresh%20Meat%20%26%20Poultry&viewAll=department&page=,£5.75,£5.99/kg,,,/groceries/en-GB/products/304402267,https://digitalcontent.api.tesco.com/v2/media/ghs/97007bb8-e1a4-4fd6-8718-7266a16306ce/8629e092-9f70-467a-b989-4174e587aa33.jpeg?h=225&w=225,
281037392,Tesco Smoked Streaky Bacon 300G,https://www.tesco.com/groceries/en-GB/shop/fresh-food/all?department=Fresh%20Meat%20%26%20Poultry&viewAll=department&page=,£2.50,£8.34/kg,,,/groceries/en-GB/products/281037392,https://digitalcontent.api.tesco.com/v2/media/ghs/0da847f8-af66-4c2c-932d-ddd26eef3b7a/8ca699fc-6e1b-434a-a180-11bd9d1f8e62.jpeg?h=225&w=225,
261958659,Tesco Finest Aberdeen Angus Steak Mince 500G,https://www.tesco.com/groceries/en-GB/shop/fresh-food/all?department=Fresh%20Meat%20%26%20Poultry&viewAll=department&page=,£4.45,£8.90/kg,£3.75 Clubcard Price,,/groceries/en-GB/products/261958659,https://digitalcontent.api.tesco.com/v2/media/ghs/64c7f843-a7c2-4430-a7eb-bf0f865811e5/8a9abb0a-caec-4e02-a213-48e3ebc474a5.jpeg?h=225&w=225,
261879159,Tesco 8 British Cumberland Sausages 454G,https://www.tesco.com/groceries/en-GB/shop/fresh-food/all?department=Fresh%20Meat%20%26%20Poultry&viewAll=department&page=,£2.00,£4.41/kg,Any 2 for £3.50 Clubcard Price - Selected Tesco Sausages 375g Or 454g,,/groceries/en-GB/products/261879159,https://digitalcontent.api.tesco.com/v2/media/ghs/8dddc877-295e-494b-92df-442663c27ca1/ac50def1-324d-40c7-b2e6-339e56ae023a.jpeg?h=225&w=225,
309452019,Tesco Finest 5% Aberdeen Angus Steak Mince 500G,https://www.tesco.com/groceries/en-GB/shop/fresh-food/all?department=Fresh%20Meat%20%26%20Poultry&viewAll=department&page=,£4.25,£8.50/kg,,,/groceries/en-GB/products/309452019,,
300400483,Tesco Beef Rump Steak 255G,https://www.tesco.com/groceries/en-GB/shop/fresh-food/all?department=Fresh%20Meat%20%26%20Poultry&viewAll=department&page=,£3.62,£14.20/kg,Aldi Price Match,,/groceries/en-GB/products/300400483,https://digitalcontent.api.tesco.com/v2/media/ghs/8f34d906-7cef-4c92-96e1-93a224c986d3/2624a29c-5045-431e-bd94-afcbf0836b0c.jpeg?h=225&w=225,
281137408,Heck Chicken 10 Italia Sausages 340G,https://www.tesco.com/groceries/en-GB/shop/fresh-food/all?department=Fresh%20Meat%20%26%20Poultry&viewAll=department&page=,£3.10,£9.12/kg,£2.00 Clubcard Price,,/groceries/en-GB/products/281137408,https://digitalcontent.api.tesco.com/v2/media/ghs/35fe36dd-7cb4-4b77-8be7-3e293998a983/168adb2b-f599-4403-a4b6-fa7f0a033f44.jpeg?h=225&w=225,
253609248,Tesco 4 Quarter Pound Burgers 454G,https://www.tesco.com/groceries/en-GB/shop/fresh-food/all?department=Fresh%20Meat%20%26%20Poultry&viewAll=department&page=,£2.75,£6.06/kg,Aldi Price Match,,/groceries/en-GB/products/253609248,https://digitalcontent.api.tesco.com/v2/media/ghs/8104a0c1-809d-40b4-9234-807b3d67ad13/143314db-7ffd-407c-a9ba-c2aa174207ae.jpeg?h=225&w=225,
275174361,Tesco Finest Smoked Dry Cure Back Bacon 8 Rashers 240G,https://www.tesco.com/groceries/en-GB/shop/fresh-food/all?department=Fresh%20Meat%20%26%20Poultry&viewAll=department&page=,£3.25,£13.55/kg,£2.50 Clubcard Price,,/groceries/en-GB/products/275174361,https://digitalcontent.api.tesco.com/v2/media/ghs/434fee9a-0a93-4825-95bc-cacd42864da9/246b0cd0-0b55-4bc1-a306-1843cbcb9387.jpeg?h=225&w=225,
304404069,Willow Farm Whole Chicken 1.2Kg - 1.6Kg,https://www.tesco.com/groceries/en-GB/shop/fresh-food/all?department=Fresh%20Meat%20%26%20Poultry&viewAll=department&page=,£3.47,£2.90/kg,Aldi Price Match,,/groceries/en-GB/products/304404069,https://digitalcontent.api.tesco.com/v2/media/ghs/47cf78c0-b385-4312-a684-73a2e6671803/8971c62b-b810-45a5-97a9-c8a607e3231f.jpeg?h=225&w=225,
285210396,Tesco British Chicken Thighs 1Kg,https://www.tesco.com/groceries/en-GB/shop/fresh-food/all?department=Fresh%20Meat%20%26%20Poultry&viewAll=department&page=,£2.90,£2.90/kg,,,/groceries/en-GB/products/285210396,https://digitalcontent.api.tesco.com/v2/media/ghs/5cda6035-3f93-4bd4-a2f6-c3ce4497a293/f4e9ef2a-7ee5-4e81-ad34-8eb8559cf1c5.jpeg?h=225&w=225,
304780117,Willow Farm Chicken Wings 900G - 1.2Kg,https://www.tesco.com/groceries/en-GB/shop/fresh-food/all?department=Fresh%20Meat%20%26%20Poultry&viewAll=department&page=,£1.94,£1.85/kg,Aldi Price Match,,/groceries/en-GB/products/304780117,https://digitalcontent.api.tesco.com/v2/media/ghs/840bf967-60ed-487e-b1a0-a61cbe58dc52/fdb4fbe4-049a-4374-8f08-c85c30848bbc.jpeg?h=225&w=225,
301832309,Woodside Farms Unsmoked Gammon Joint,https://www.tesco.com/groceries/en-GB/shop/fresh-food/all?department=Fresh%20Meat%20%26%20Poultry&viewAll=department&page=,£3.50,£3.50/kg,,,/groceries/en-GB/products/301832309,https://digitalcontent.api.tesco.com/v2/media/ghs/2f20b710-6081-47fe-a032-f28131d9f00f/b0686dd8-48d2-42cd-8566-6536c2b77cab.jpeg?h=225&w=225,
308108650,Tesco Thin Cut Beef Steaks 395G,https://www.tesco.com/groceries/en-GB/shop/fresh-food/all?department=Fresh%20Meat%20%26%20Poultry&viewAll=department&page=,£3.83,£9.70/kg,Aldi Price Match,,/groceries/en-GB/products/308108650,https://digitalcontent.api.tesco.com/v2/media/ghs/8a2b66e8-11c5-4d66-9366-5ccbf81afb90/f75e15d9-f3c6-4d5c-8c8f-e458d2d64fee.jpeg?h=225&w=225,
292311053,Woodside Farms Streaky Bacon 275G,https://www.tesco.com/groceries/en-GB/shop/fresh-food/all?department=Fresh%20Meat%20%26%20Poultry&viewAll=department&page=,£1.35,£4.91/kg,,,/groceries/en-GB/products/292311053,https://digitalcontent.api.tesco.com/v2/media/ghs/bb17589e-d9c9-47c7-92f8-0afc32b09732/e6f80c72-cfe2-4dea-8466-606417cf563b.jpeg?h=225&w=225,
300400609,Tesco Sirloin Steak 227G,https://www.tesco.com/groceries/en-GB/shop/fresh-food/all?department=Fresh%20Meat%20%26%20Poultry&viewAll=department&page=,£4.60,£20.27/kg,£4.00 Clubcard Price,,/groceries/en-GB/products/300400609,https://digitalcontent.api.tesco.com/v2/media/ghs/0256c9aa-b5e3-489e-affe-679f9901fdd5/29516518-3576-462f-8a4b-95ed0896c045.jpeg?h=225&w=225,
296422890,Tesco Beef Steak Mince 750G 15% Fat,https://www.tesco.com/groceries/en-GB/shop/fresh-food/all?department=Fresh%20Meat%20%26%20Poultry&viewAll=department&page=,£4.35,£5.80/kg,,,/groceries/en-GB/products/296422890,https://digitalcontent.api.tesco.com/v2/media/ghs/a99ed278-c34d-4c4d-bf38-93b3cd4fcae6/5f257037-4a72-4d9d-be0e-cc23c1601997.jpeg?h=225&w=225,
303152949,Tesco Large Chicken Fillet Pack 1.6Kg,https://www.tesco.com/groceries/en-GB/shop/fresh-food/all?department=Fresh%20Meat%20%26%20Poultry&viewAll=department&page=,£9.70,£6.07/kg,£8.50 Clubcard Price,,/groceries/en-GB/products/303152949,https://digitalcontent.api.tesco.com/v2/media/ghs/ae718423-1b43-4a60-abfb-7d3caa85f748/ace57f7c-666a-4c38-a46e-1804cf19d806.jpeg?h=225&w=225,
300400621,Tesco Beef Ribeye Steak 227G,https://www.tesco.com/groceries/en-GB/shop/fresh-food/all?department=Fresh%20Meat%20%26%20Poultry&viewAll=department&page=,£5.20,£22.91/kg,£4.25 Clubcard Price,,/groceries/en-GB/products/300400621,https://digitalcontent.api.tesco.com/v2/media/ghs/60b48c41-6acb-4ced-ac7f-24b634059a7c/1a43fd01-d74a-47ad-9520-509328c797c5.jpeg?h=225&w=225,
259541778,Tesco Large Pork Shoulder Joint,https://www.tesco.com/groceries/en-GB/shop/fresh-food/all?department=Fresh%20Meat%20%26%20Poultry&viewAll=department&page=,£8.19,£4.20/kg,,,/groceries/en-GB/products/259541778,https://digitalcontent.api.tesco.com/v2/media/ghs/8d6d6b34-590a-45a3-bf46-872d62ea16c8/c16f1ae1-5f3a-4c3b-951c-fb36cf1baac7.jpeg?h=225&w=225,
264566997,Tesco Southern Fried Breaded Chicken Mini Fillets 305G,https://www.tesco.com/groceries/en-GB/shop/fresh-food/all?department=Fresh%20Meat%20%26%20Poultry&viewAll=department&page=,£3.35,£10.99/kg,,,/groceries/en-GB/products/264566997,https://digitalcontent.api.tesco.com/v2/media/ghs/b1a959de-67f5-493e-bc94-607ea9bc25ab/34b87aa2-5e07-479e-88d4-4c4c55ee5f24.jpeg?h=225&w=225,
275455524,Tesco Roast In Bag Whole Chicken Butter 1.50Kg,https://www.tesco.com/groceries/en-GB/shop/fresh-food/all?department=Fresh%20Meat%20%26%20Poultry&viewAll=department&page=,£5.80,£3.87/kg,,,/groceries/en-GB/products/275455524,https://digitalcontent.api.tesco.com/v2/media/ghs/5e599691-4489-42ea-aafc-6b97087d8cf3/0f03ec84-3594-40ae-a797-e1b2643ddf0a.jpeg?h=225&w=225,
275457044,Tesco Turkey Breast Mince 2% Fat 500G,https://www.tesco.com/groceries/en-GB/shop/fresh-food/all?department=Fresh%20Meat%20%26%20Poultry&viewAll=department&page=,,,,,/groceries/en-GB/products/275457044,https://digitalcontent.api.tesco.com/v2/media/ghs/e99f7592-13df-46b6-933f-80351c7eb75e/c9651652-3854-405f-bc9f-20ad1bdcc80c.jpeg?h=225&w=225,This product's currently out of stock
289242000,Tesco Gammon Joint With Honey Glaze 620G,https://www.tesco.com/groceries/en-GB/shop/fresh-food/all?department=Fresh%20Meat%20%26%20Poultry&viewAll=department&page=,£5.60,£9.04/kg,Any 2 for £8 Clubcard Price - Selected Tesco Ready To Cook & Bbq Products 620g-640g,,/groceries/en-GB/products/289242000,https://digitalcontent.api.tesco.com/v2/media/ghs/312fea03-5677-4c49-9ee8-c66940b728af/59885c74-60e7-4422-87d1-352a49dc0441.jpeg?h=225&w=225,
304405349,Tesco British Diced Chicken Breast 650G,https://www.tesco.com/groceries/en-GB/shop/fresh-food/all?department=Fresh%20Meat%20%26%20Poultry&viewAll=department&page=,£5.30,£8.16/kg,,,/groceries/en-GB/products/304405349,https://digitalcontent.api.tesco.com/v2/media/ghs/8933330e-52ee-4acb-a55f-b75972b9de3d/b9d9458b-c635-48aa-bd7f-553d87cadac9.jpeg?h=225&w=225,
275117919,Tesco Smoked Lardons 200G,https://www.tesco.com/groceries/en-GB/shop/fresh-food/all?department=Fresh%20Meat%20%26%20Poultry&viewAll=department&page=,£2.40,£12.00/kg,,,/groceries/en-GB/products/275117919,https://digitalcontent.api.tesco.com/v2/media/ghs/2f3f2ab4-437a-45ee-baf1-495902d999e8/03b2b212-1223-4064-b5a1-9a05c6867f41.jpeg?h=225&w=225,
279992532,Tesco Finest 10 Pigs In Blankets 210G,https://www.tesco.com/groceries/en-GB/shop/fresh-food/all?department=Fresh%20Meat%20%26%20Poultry&viewAll=department&page=,£3.00,£14.29/kg,,,/groceries/en-GB/products/279992532,https://digitalcontent.api.tesco.com/v2/media/ghs/2d2a5f97-1de6-40ca-8159-c8e1c290a6a7/a5af9f08-5d79-4f16-bd06-46c6dcee67e9.jpeg?h=225&w=225,
250057066,Tesco 2 Chicken Breast Garlic Kievs 375G,https://www.tesco.com/groceries/en-GB/shop/fresh-food/all?department=Fresh%20Meat%20%26%20Poultry&viewAll=department&page=,£3.75,£10.00/kg,,,/groceries/en-GB/products/250057066,https://digitalcontent.api.tesco.com/v2/media/ghs/c3c3d6b0-8a3a-426f-8f4c-b71221c6f8d2/4a0e74a0-265f-459c-85ea-fc6ba78562cc.jpeg?h=225&w=225,
306941570,Tesco Roast In The Bag Rotisserie Style Whole Chicken 1.5Kg,https://www.tesco.com/groceries/en-GB/shop/fresh-food/all?department=Fresh%20Meat%20%26%20Poultry&viewAll=department&page=,£5.80,£3.87/kg,£4.80 Clubcard Price,,/groceries/en-GB/products/306941570,,
279992854,Tesco Finest Gluten Free 18 British Pork Cocktail Sausages 270G,https://www.tesco.com/groceries/en-GB/shop/fresh-food/all?department=Fresh%20Meat%20%26%20Poultry&viewAll=department&page=,£3.00,£11.12/kg,,New,/groceries/en-GB/products/279992854,https://digitalcontent.api.tesco.com/v2/media/ghs/b6b36ec4-0921-4d0f-9aab-fa20782dc701/14797077-5ad3-4ff1-9cda-71f0fe8a419b.jpeg?h=225&w=225,
259703288,Tesco Finest Unsmoked Wiltshire Cured Bacon 240G,https://www.tesco.com/groceries/en-GB/shop/fresh-food/all?department=Fresh%20Meat%20%26%20Poultry&viewAll=department&page=,£3.25,£13.55/kg,,,/groceries/en-GB/products/259703288,https://digitalcontent.api.tesco.com/v2/media/ghs/f7bcd577-ecd6-457b-bb5b-537798f5459b/18d0476d-b774-47c0-8b47-e8588c55387f.jpeg?h=225&w=225,
280002909,Tesco Finest 6 Pork & Bramley Apple Sausages 400G,https://www.tesco.com/groceries/en-GB/shop/fresh-food/all?department=Fresh%20Meat%20%26%20Poultry&viewAll=department&page=,,,,,/groceries/en-GB/products/280002909,https://digitalcontent.api.tesco.com/v2/media/ghs/01291f25-8390-4c93-8cb8-8cc21f2de87f/d192ebe6-fae7-42c0-9206-467ecac4357a.jpeg?h=225&w=225,This product's currently out of stock
268236846,Tesco 2 Hunters Chicken Breasts 430G,https://www.tesco.com/groceries/en-GB/shop/fresh-food/all?department=Fresh%20Meat%20%26%20Poultry&viewAll=department&page=,£4.20,£9.77/kg,,,/groceries/en-GB/products/268236846,https://digitalcontent.api.tesco.com/v2/media/ghs/6efb0c42-42bd-41c2-8cb0-ff1db34575dd/396ce40a-0491-4cc5-86f6-ca18a851deba.jpeg?h=225&w=225,
308094727,Tesco Stewing Steak 400G,https://www.tesco.com/groceries/en-GB/shop/fresh-food/all?department=Fresh%20Meat%20%26%20Poultry&viewAll=department&page=,£3.29,£8.23/kg,,,/groceries/en-GB/products/308094727,https://digitalcontent.api.tesco.com/v2/media/ghs/621d389e-e83e-4a3e-8cd5-1099a1eeee4b/df159688-3ee3-42da-8820-7cfafcd3c4c6.jpeg?h=225&w=225,
261941310,Tesco British Lamb Mince 20% Fat 500G,https://www.tesco.com/groceries/en-GB/shop/fresh-food/all?department=Fresh%20Meat%20%26%20Poultry&viewAll=department&page=,£5.10,£10.20/kg,,,/groceries/en-GB/products/261941310,https://digitalcontent.api.tesco.com/v2/media/ghs/046d9678-0955-44e1-a3e9-afa49f3829c6/77f863ba-a828-4685-912c-817a79aa91fc.jpeg?h=225&w=225,
275174349,Tesco Finest Unsmoked Drycure Back Bacon 8 Rashers 240G,https://www.tesco.com/groceries/en-GB/shop/fresh-food/all?department=Fresh%20Meat%20%26%20Poultry&viewAll=department&page=,£3.25,£13.55/kg,£2.50 Clubcard Price,,/groceries/en-GB/products/275174349,https://digitalcontent.api.tesco.com/v2/media/ghs/cc7ecc2b-38df-4036-ae3c-554c87d29f41/1f42c910-2e07-45ce-bf48-9af991cf0147.jpeg?h=225&w=225,
308495443,Tesco Finest Sirloin Steak 227G,https://www.tesco.com/groceries/en-GB/shop/fresh-food/all?department=Fresh%20Meat%20%26%20Poultry&viewAll=department&page=,£5.05,£22.25/kg,,,/groceries/en-GB/products/308495443,https://digitalcontent.api.tesco.com/v2/media/ghs/966d6ee5-0a23-429c-9c75-f36163521a30/a35acdcc-fac7-42a5-8865-3ed4f82f0b12.jpeg?h=225&w=225,
292606718,Tesco Finest 2 Cornfed Free Range Chicken Fillets 270G-470G,https://www.tesco.com/groceries/en-GB/shop/fresh-food/all?department=Fresh%20Meat%20%26%20Poultry&viewAll=department&page=,£4.95,£16.50/kg,,,/groceries/en-GB/products/292606718,https://digitalcontent.api.tesco.com/v2/media/ghs/62da0b5f-fd22-4887-b13e-672835533531/383dadf3-00c2-43e5-8c26-c586a92ec150.jpeg?h=225&w=225,
306820039,Tesco Chicken Thighs 2Kg,https://www.tesco.com/groceries/en-GB/shop/fresh-food/all?department=Fresh%20Meat%20%26%20Poultry&viewAll=department&page=,£4.30,£2.15/kg,,,/groceries/en-GB/products/306820039,https://digitalcontent.api.tesco.com/v2/media/ghs/7cfb4bf7-eef8-4f56-a053-98538d7acb63/bde55c84-0d20-4538-b0b9-ecc8d0e80755.jpeg?h=225&w=225,
285210436,Tesco British Chicken Legs 1Kg,https://www.tesco.com/groceries/en-GB/shop/fresh-food/all?department=Fresh%20Meat%20%26%20Poultry&viewAll=department&page=,£2.10,£2.10/kg,,,/groceries/en-GB/products/285210436,https://digitalcontent.api.tesco.com/v2/media/ghs/3eccc7d4-d4de-46de-a0fd-673a744a2f51/d782545a-68dc-4f1a-afc9-cb50dc984abc.jpeg?h=225&w=225,
308079625,Tesco 2 Beef Medallion Steaks 340G,https://www.tesco.com/groceries/en-GB/shop/fresh-food/all?department=Fresh%20Meat%20%26%20Poultry&viewAll=department&page=,£4.50,£13.24/kg,,,/groceries/en-GB/products/308079625,https://digitalcontent.api.tesco.com/v2/media/ghs/de3a596e-caf2-45ee-af8c-848819a8ef77/8a373796-be4e-48f9-a402-81764da6a8f5.jpeg?h=225&w=225,
291125367,Tesco Unsmoked Gammon Steaks 2 Pack 450G,https://www.tesco.com/groceries/en-GB/shop/fresh-food/all?department=Fresh%20Meat%20%26%20Poultry&viewAll=department&page=,£4.25,£9.45/kg,,,/groceries/en-GB/products/291125367,https://digitalcontent.api.tesco.com/v2/media/ghs/cd9d03db-d9b8-4020-95b6-21029a5eff2c/fda8b447-7cde-46e8-bdb4-e750ba349176.jpeg?h=225&w=225,
285091909,Tesco Breaded Chicken Goujons 540G,https://www.tesco.com/groceries/en-GB/shop/fresh-food/all?department=Fresh%20Meat%20%26%20Poultry&viewAll=department&page=,£3.95,£7.32/kg,,,/groceries/en-GB/products/285091909,https://digitalcontent.api.tesco.com/v2/media/ghs/466ca0ac-9a67-4eca-aaa4-efd83797c5f4/b01fdb04-159d-4587-9e56-ea336cc07af0.jpeg?h=225&w=225,
304410983,Tesco Diced Lamb Shoulder 300G,https://www.tesco.com/groceries/en-GB/shop/fresh-food/all?department=Fresh%20Meat%20%26%20Poultry&viewAll=department&page=,£4.70,£15.67/kg,,,/groceries/en-GB/products/304410983,https://digitalcontent.api.tesco.com/v2/media/ghs/3b6289a4-1804-4cae-ba3f-3b829b638ed4/3d5a1543-d26c-41e6-8453-926f2089b408.jpeg?h=225&w=225,
306822918,Tesco Finest Crispy Katsu Chicken Tenders 305G,https://www.tesco.com/groceries/en-GB/shop/fresh-food/all?department=Fresh%20Meat%20%26%20Poultry&viewAll=department&page=,£3.70,£12.14/kg,£3.20 Clubcard Price,,/groceries/en-GB/products/306822918,https://digitalcontent.api.tesco.com/v2/media/ghs/e1fe9f42-a089-4f53-abc2-ff49f746ac29/7494c999-8ce4-4316-9923-d0b5c871ca14.jpeg?h=225&w=225,
268821142,Tesco Finest 12 Pork & Honey Chipolatas 375G,https://www.tesco.com/groceries/en-GB/shop/fresh-food/all?department=Fresh%20Meat%20%26%20Poultry&viewAll=department&page=,£3.00,£8.00/kg,,,/groceries/en-GB/products/268821142,https://digitalcontent.api.tesco.com/v2/media/ghs/7fc37017-bdb3-4420-86d7-4f36974f5f25/e5867b4f-62e6-47d8-a538-2fce19f5eba5.jpeg?h=225&w=225,
281260313,Tesco 2 Breaded Chicken Breast Fillets 350,https://www.tesco.com/groceries/en-GB/shop/fresh-food/all?department=Fresh%20Meat%20%26%20Poultry&viewAll=department&page=,£3.45,£9.86/kg,£3.00 Clubcard Price,,/groceries/en-GB/products/281260313,https://digitalcontent.api.tesco.com/v2/media/ghs/5f78d8c7-310b-4b8b-bba9-3f5ad8ff5220/b9162e49-e03c-409a-9a5e-e22785688604.jpeg?h=225&w=225,
292310169,Tesco Beef Stir Fry Strips 357G,https://www.tesco.com/groceries/en-GB/shop/fresh-food/all?department=Fresh%20Meat%20%26%20Poultry&viewAll=department&page=,£4.40,£12.33/kg,,,/groceries/en-GB/products/292310169,https://digitalcontent.api.tesco.com/v2/media/ghs/1ef469c5-f192-4ecd-9f7c-2fd54d5375c3/4443ed3f-8dea-48cc-8661-2b73bb981190.jpeg?h=225&w=225,
294070541,Tesco British Pork Sausage Meat 400G,https://www.tesco.com/groceries/en-GB/shop/fresh-food/all?department=Fresh%20Meat%20%26%20Poultry&viewAll=department&page=,£2.50,£6.25/kg,,New,/groceries/en-GB/products/294070541,https://digitalcontent.api.tesco.com/v2/media/ghs/e3f99849-72e5-4ef7-ad1d-67d191f96ef7/07f70fb1-7e44-4716-a157-9ec0b5183da9.jpeg?h=225&w=225,
254274712,Richmond 12 Thin Pork Sausages 340G,https://www.tesco.com/groceries/en-GB/shop/fresh-food/all?department=Fresh%20Meat%20%26%20Poultry&viewAll=department&page=,£2.00,£5.89/kg,,,/groceries/en-GB/products/254274712,https://digitalcontent.api.tesco.com/v2/media/ghs/4db81286-3dc2-4f0e-a5dc-65fcedb8e763/56e26a4e-b06f-4c20-bc4e-a83e82ebee16.jpeg?h=225&w=225,
308477494,Tesco Finest Rump Steak 255G,https://www.tesco.com/groceries/en-GB/shop/fresh-food/all?department=Fresh%20Meat%20%26%20Poultry&viewAll=department&page=,,,,,/groceries/en-GB/products/308477494,https://digitalcontent.api.tesco.com/v2/media/ghs/dd433256-c304-4a95-92cc-98368e244ad3/a025a5a7-e798-4c17-9442-79b73bba1e3d.jpeg?h=225&w=225,This product's currently out of stock
281037354,Tesco Unsmoked Streaky Bacon 300G,https://www.tesco.com/groceries/en-GB/shop/fresh-food/all?department=Fresh%20Meat%20%26%20Poultry&viewAll=department&page=,£2.50,£8.34/kg,,,/groceries/en-GB/products/281037354,,
286694229,Tesco Finest 20 Mini Meatballs 336G,https://www.tesco.com/groceries/en-GB/shop/fresh-food/all?department=Fresh%20Meat%20%26%20Poultry&viewAll=department&page=,£3.15,£9.38/kg,,,/groceries/en-GB/products/286694229,,
292285739,Woodside Farms Pork Chops 700G,https://www.tesco.com/groceries/en-GB/shop/fresh-food/all?department=Fresh%20Meat%20%26%20Poultry&viewAll=department&page=,£3.49,£4.99/kg,Aldi Price Match,,/groceries/en-GB/products/292285739,https://digitalcontent.api.tesco.com/v2/media/ghs/4481f9d5-c541-4e74-bb23-48cbf5653d22/aeba6425-5338-45ef-a3ab-4c0d56bbe02b.jpeg?h=225&w=225,
294070529,Tesco 12 British Pigs In Blankets 222G,https://www.tesco.com/groceries/en-GB/shop/fresh-food/all?department=Fresh%20Meat%20%26%20Poultry&viewAll=department&page=,£2.50,£11.27/kg,,New,/groceries/en-GB/products/294070529,https://digitalcontent.api.tesco.com/v2/media/ghs/1a4cd542-ae63-4f5c-924a-3735a7eb6eda/a83d37fa-163f-4583-adad-94537a9bbe1d.jpeg?h=225&w=225,
292285964,Woodside Farms Pork Belly Slices 500G,https://www.tesco.com/groceries/en-GB/shop/fresh-food/all?department=Fresh%20Meat%20%26%20Poultry&viewAll=department&page=,£3.15,£6.30/kg,Aldi Price Match,,/groceries/en-GB/products/292285964,https://digitalcontent.api.tesco.com/v2/media/ghs/86410999-cf23-48c9-b041-49198dd854f3/2cdd082c-0ce1-4922-9797-1050c706ca41.jpeg?h=225&w=225,
281974465,Tesco 12 Beef Meatballs 336G,https://www.tesco.com/groceries/en-GB/shop/fresh-food/all?department=Fresh%20Meat%20%26%20Poultry&viewAll=department&page=,£3.00,£8.93/kg,,,/groceries/en-GB/products/281974465,https://digitalcontent.api.tesco.com/v2/media/ghs/1d0c92a9-9cb7-4c40-99a1-4f3e6db43649/a14e9bf3-05f8-4efe-98d1-c393be9e2557.jpeg?h=225&w=225,
257904508,Fresh Beef Brisket Slow- Roast,https://www.tesco.com/groceries/en-GB/shop/fresh-food/all?department=Fresh%20Meat%20%26%20Poultry&viewAll=department&page=,£7.36,£9.20/kg,,,/groceries/en-GB/products/257904508,https://digitalcontent.api.tesco.com/v2/media/ghs/887359c9-3099-4b57-8202-da502a9d0fdc/61bcfe22-7b15-4f01-adf8-79cce56e66a5.jpeg?h=225&w=225,
265236085,Tesco 12 Pork Sausages 681G,https://www.tesco.com/groceries/en-GB/shop/fresh-food/all?department=Fresh%20Meat%20%26%20Poultry&viewAll=department&page=,£2.60,£3.82/kg,,,/groceries/en-GB/products/265236085,https://digitalcontent.api.tesco.com/v2/media/ghs/94790539-3751-400a-abe9-88717f638dc8/6906a240-81bc-4cc0-8cc0-e59a173ae14d.jpeg?h=225&w=225,
304396555,Willow Farm Chicken Drumsticks 900G - 1.2Kg,https://www.tesco.com/groceries/en-GB/shop/fresh-food/all?department=Fresh%20Meat%20%26%20Poultry&viewAll=department&page=,£2.36,£2.25/kg,Aldi Price Match,,/groceries/en-GB/products/304396555,https://digitalcontent.api.tesco.com/v2/media/ghs/95b09de6-85fe-43f6-af8a-eafe954c68ae/38c73b9f-cdd0-479d-9bd0-3fd43ef9ce71.jpeg?h=225&w=225,
276310314,Tesco Lamb Leg Steaks 300G,https://www.tesco.com/groceries/en-GB/shop/fresh-food/all?department=Fresh%20Meat%20%26%20Poultry&viewAll=department&page=,£4.75,£15.84/kg,,,/groceries/en-GB/products/276310314,https://digitalcontent.api.tesco.com/v2/media/ghs/e4d48054-530a-4ab4-bc94-a633f6dfb75f/8f8951c1-a173-4ca7-918d-b22ed2b8e5dc.jpeg?h=225&w=225,
294070420,Tesco 28 Pork Cocktail Sausages 378G,https://www.tesco.com/groceries/en-GB/shop/fresh-food/all?department=Fresh%20Meat%20%26%20Poultry&viewAll=department&page=,£2.50,£6.62/kg,,New,/groceries/en-GB/products/294070420,https://digitalcontent.api.tesco.com/v2/media/ghs/093e2643-984f-464d-b901-29dd81a0da67/95009f8b-93a0-4869-838b-a7b5fe8a8ea1.jpeg?h=225&w=225,
252995167,Tesco 8 Reduced Fat Pork Sausages 454G,https://www.tesco.com/groceries/en-GB/shop/fresh-food/all?department=Fresh%20Meat%20%26%20Poultry&viewAll=department&page=,£2.00,£4.41/kg,Any 2 for £3.50 Clubcard Price - Selected Tesco Sausages 375g Or 454g,,/groceries/en-GB/products/252995167,https://digitalcontent.api.tesco.com/v2/media/ghs/e43474be-a38b-4a74-8d3b-074f80152bb0/0130c0a7-20cb-4ef0-952c-008df8dd745c.jpeg?h=225&w=225,
261151906,The Bury Black Pudding 4 Slices 230G,https://www.tesco.com/groceries/en-GB/shop/fresh-food/all?department=Fresh%20Meat%20%26%20Poultry&viewAll=department&page=,£1.10,£4.79/kg,,,/groceries/en-GB/products/261151906,https://digitalcontent.api.tesco.com/v2/media/ghs/4abdd8fc-615c-4df7-8ebb-82effe52265a/c47949e5-fabf-4dc3-9fb2-936f0e60cd9c.jpeg?h=225&w=225,
300400644,Tesco Beef Fillet Steak 170G,https://www.tesco.com/groceries/en-GB/shop/fresh-food/all?department=Fresh%20Meat%20%26%20Poultry&viewAll=department&page=,£6.00,£35.30/kg,,,/groceries/en-GB/products/300400644,https://digitalcontent.api.tesco.com/v2/media/ghs/b5fab789-8331-4c74-a913-e2ee594e4caf/85d8cf8b-d88c-41e8-a878-b29168851d10.jpeg?h=225&w=225,
309169206,Woodside Farms 8 Pork Sausages 454G,https://www.tesco.com/groceries/en-GB/shop/fresh-food/all?department=Fresh%20Meat%20%26%20Poultry&viewAll=department&page=,£1.20,£2.65/kg,,,/groceries/en-GB/products/309169206,https://digitalcontent.api.tesco.com/v2/media/ghs/5e6359c0-9bcc-48e0-8947-8d87ebed6521/475df96d-19e0-4bf9-b071-a3b19d4cd8b6.jpeg?h=225&w=225,
301839665,Woodside Farms Smoked Gammon Joint,https://www.tesco.com/groceries/en-GB/shop/fresh-food/all?department=Fresh%20Meat%20%26%20Poultry&viewAll=department&page=,£3.50,£3.50/kg,Aldi Price Match,,/groceries/en-GB/products/301839665,https://digitalcontent.api.tesco.com/v2/media/ghs/bf24d420-a9eb-44ea-b80a-5389bddc40a6/29255204-9115-405e-b070-3650673be793.jpeg?h=225&w=225,
304780797,Willow Farm Chicken Thighs 900G - 1.2Kg,https://www.tesco.com/groceries/en-GB/shop/fresh-food/all?department=Fresh%20Meat%20%26%20Poultry&viewAll=department&page=,£2.61,£2.49/kg,Aldi Price Match,,/groceries/en-GB/products/304780797,https://digitalcontent.api.tesco.com/v2/media/ghs/9fbe6c93-a695-4062-a753-52fb7c74a4b4/49f521c7-a304-468e-bc20-989b507614cc.jpeg?h=225&w=225,
291126003,Tesco Smoked Gammon Steaks 450G 2 Pack,https://www.tesco.com/groceries/en-GB/shop/fresh-food/all?department=Fresh%20Meat%20%26%20Poultry&viewAll=department&page=,£4.25,£9.45/kg,,,/groceries/en-GB/products/291126003,https://digitalcontent.api.tesco.com/v2/media/ghs/f68d0acb-4207-4364-9295-746e18c03174/85d51bb8-98f0-4fe2-b81e-c49e28f86179.jpeg?h=225&w=225,
309467182,Tesco Finest Chestnut & Honey Lardons 180G,https://www.tesco.com/groceries/en-GB/shop/fresh-food/all?department=Fresh%20Meat%20%26%20Poultry&viewAll=department&page=,£3.25,£18.06/kg,,New,/groceries/en-GB/products/309467182,https://digitalcontent.api.tesco.com/v2/media/ghs/a9daacf8-8a56-41a0-a28f-730e474e7f3b/d5bd47d7-9696-488e-812e-b908107897a0.jpeg?h=225&w=225,
304406482,Tesco 2 Cheese & Bacon Chicken Kiev 260G,https://www.tesco.com/groceries/en-GB/shop/fresh-food/all?department=Fresh%20Meat%20%26%20Poultry&viewAll=department&page=,£2.50,£9.62/kg,,,/groceries/en-GB/products/304406482,https://digitalcontent.api.tesco.com/v2/media/ghs/33719754-88e4-4e09-a2dd-154d0f32da85/5e233ff4-368f-406a-82a2-c5b96208c688.jpeg?h=225&w=225,
277643857,Heck 6 97% Pork Sausages 400G,https://www.tesco.com/groceries/en-GB/shop/fresh-food/all?department=Fresh%20Meat%20%26%20Poultry&viewAll=department&page=,£3.00,£7.50/kg,,,/groceries/en-GB/products/277643857,https://digitalcontent.api.tesco.com/v2/media/ghs/83357858-f954-4cb5-bcb4-2357731fff59/3e7ce209-b0ef-49e6-af56-3568411130ea.jpeg?h=225&w=225,
285104502,Tesco Finest Diced Beef 400G,https://www.tesco.com/groceries/en-GB/shop/fresh-food/all?department=Fresh%20Meat%20%26%20Poultry&viewAll=department&page=,£5.30,£13.25/kg,,,/groceries/en-GB/products/285104502,https://digitalcontent.api.tesco.com/v2/media/ghs/444dc439-1845-4064-af70-438d3bebe8e9/9e8c5d2c-393f-41e1-879b-d4a18c76d858.jpeg?h=225&w=225,
282524801,Tesco Lamb Diced Leg 300G,https://www.tesco.com/groceries/en-GB/shop/fresh-food/all?department=Fresh%20Meat%20%26%20Poultry&viewAll=department&page=,£5.00,£16.67/kg,,,/groceries/en-GB/products/282524801,https://digitalcontent.api.tesco.com/v2/media/ghs/ceff74f2-104e-47a2-946d-b07c672e2254/c1fffdd5-7bc9-4200-81fb-6db8f3e447b2.jpeg?h=225&w=225,
279935929,Tesco Breaded Chicken Goujons 270G,https://www.tesco.com/groceries/en-GB/shop/fresh-food/all?department=Fresh%20Meat%20%26%20Poultry&viewAll=department&page=,£2.60,£9.63/kg,,,/groceries/en-GB/products/279935929,https://digitalcontent.api.tesco.com/v2/media/ghs/0b260a63-2a6a-417b-a531-b8d67d1fba51/e1c05968-3592-4655-a37d-dcdca94e81dc.jpeg?h=225&w=225,
264567506,Tesco 4 Breaded Chicken Steaks 505G,https://www.tesco.com/groceries/en-GB/shop/fresh-food/all?department=Fresh%20Meat%20%26%20Poultry&viewAll=department&page=,£3.30,£6.54/kg,,,/groceries/en-GB/products/264567506,https://digitalcontent.api.tesco.com/v2/media/ghs/9c9d3b4c-d019-4836-85a5-855c94e08e97/5562c978-ae51-4964-9ba3-479efd898bb0.jpeg?h=225&w=225,
293273781,Tesco 4 Pork Loin Steaks 540G,https://www.tesco.com/groceries/en-GB/shop/fresh-food/all?department=Fresh%20Meat%20%26%20Poultry&viewAll=department&page=,£3.80,£7.04/kg,,,/groceries/en-GB/products/293273781,https://digitalcontent.api.tesco.com/v2/media/ghs/0ae00e39-d6a6-45b9-aa98-3bd5127415c3/5e476e67-71e2-4e5f-9181-c6a7b4c5b191.jpeg?h=225&w=225,
274513043,Tesco Fresh Lamb Chops 300G,https://www.tesco.com/groceries/en-GB/shop/fresh-food/all?department=Fresh%20Meat%20%26%20Poultry&viewAll=department&page=,£4.55,£15.17/kg,,,/groceries/en-GB/products/274513043,https://digitalcontent.api.tesco.com/v2/media/ghs/7d79586e-f8ac-46db-a6f4-45c458be0280/dd894e4b-cacd-440d-8f13-47cc4e97187d.jpeg?h=225&w=225,
299054449,Tesco Unsmoked Lardons 200G,https://www.tesco.com/groceries/en-GB/shop/fresh-food/all?department=Fresh%20Meat%20%26%20Poultry&viewAll=department&page=,£2.40,£12.00/kg,,,/groceries/en-GB/products/299054449,https://digitalcontent.api.tesco.com/v2/media/ghs/886bb590-b345-4b52-94dd-f792566cf58a/e24973b9-d31b-4e70-ac36-0115381d6341.jpeg?h=225&w=225,
276105667,Tesco Fresh Diced Pork Topside 500G,https://www.tesco.com/groceries/en-GB/shop/fresh-food/all?department=Fresh%20Meat%20%26%20Poultry&viewAll=department&page=,£3.60,£7.20/kg,,,/groceries/en-GB/products/276105667,https://digitalcontent.api.tesco.com/v2/media/ghs/d3c62fc9-6a70-485a-bd35-e716a03bb0ba/9cbb5865-c934-4abc-acc3-d306921e756a.jpeg?h=225&w=225,
299344469,Tesco Yorkshire Puddings 6 Pack 180G,https://www.tesco.com/groceries/en-GB/shop/fresh-food/all?department=Fresh%20Meat%20%26%20Poultry&viewAll=department&page=,£2.00,£1.12/100g,,,/groceries/en-GB/products/299344469,https://digitalcontent.api.tesco.com/v2/media/ghs/484087dc-4ba5-4db5-a355-f5c04ccbea3b/6331ea2b-21c3-4aa8-9722-da7ba879e360.jpeg?h=225&w=225,
304406171,Tesco Southern Fried Chicken Thighs & Drumsticks 800G,https://www.tesco.com/groceries/en-GB/shop/fresh-food/all?department=Fresh%20Meat%20%26%20Poultry&viewAll=department&page=,£3.75,£4.69/kg,,,/groceries/en-GB/products/304406171,https://digitalcontent.api.tesco.com/v2/media/ghs/bf78fcdd-a5af-463a-826c-55785ec378b7/5e1f8d4f-8276-4357-99a8-5fbc541d20c3.jpeg?h=225&w=225,
298865009,Hearty Food Co. Breaded Chicken Goujons 270G,https://www.tesco.com/groceries/en-GB/shop/fresh-food/all?department=Fresh%20Meat%20%26%20Poultry&viewAll=department&page=,£1.79,£6.63/kg,Aldi Price Match,,/groceries/en-GB/products/298865009,https://digitalcontent.api.tesco.com/v2/media/ghs/527dbfb0-a50a-4f98-8af7-bd42ec926366/259c5a4e-9a04-49ad-8afb-354291c0518f.jpeg?h=225&w=225,
266988460,Mattessons Smoked Turkey Rashers 200G,https://www.tesco.com/groceries/en-GB/shop/fresh-food/all?department=Fresh%20Meat%20%26%20Poultry&viewAll=department&page=,£2.55,£12.75/kg,,,/groceries/en-GB/products/266988460,https://digitalcontent.api.tesco.com/v2/media/ghs/7b9773f6-8ad8-4510-b048-ac0ab69277d6/ee36c1c1-7ff2-4943-81ec-cc5d15d00399.jpeg?h=225&w=225,
272584462,Tesco Basted Pork Loin Joint 800G,https://www.tesco.com/groceries/en-GB/shop/fresh-food/all?department=Fresh%20Meat%20%26%20Poultry&viewAll=department&page=,£5.50,£6.88/kg,,,/groceries/en-GB/products/272584462,https://digitalcontent.api.tesco.com/v2/media/ghs/de0e60c1-cf73-4dfc-8607-b843aed056c7/fea9bd01-95ea-46de-ac89-11fd1d5584f5.jpeg?h=225&w=225,
254058047,Broad Oak Farm 8 Pork Premium Sausages 454G,https://www.tesco.com/groceries/en-GB/shop/fresh-food/all?department=Fresh%20Meat%20%26%20Poultry&viewAll=department&page=,£2.50,£5.51/kg,,,/groceries/en-GB/products/254058047,https://digitalcontent.api.tesco.com/v2/media/ghs/7e228347-f258-4292-af96-07e1cb50731f/a310d872-6f01-4bcd-bac5-3b62091b6e62.jpeg?h=225&w=225,
261992145,Tesco Finest* Smoked Dry Cure Streaky Bacon,https://www.tesco.com/groceries/en-GB/shop/fresh-food/all?department=Fresh%20Meat%20%26%20Poultry&viewAll=department&page=,£3.25,£13.55/kg,,,/groceries/en-GB/products/261992145,https://digitalcontent.api.tesco.com/v2/media/ghs/d67b57f2-5ad0-4d38-87f4-967c582006a8/0ebc97f2-aac5-4b5c-b562-1029c3b37af8.jpeg?h=225&w=225,
261878876,Tesco 8 Lincolnshire Sausages 454G,https://www.tesco.com/groceries/en-GB/shop/fresh-food/all?department=Fresh%20Meat%20%26%20Poultry&viewAll=department&page=,£2.00,£4.41/kg,Any 2 for £3.50 Clubcard Price - Selected Tesco Sausages 375g Or 454g,,/groceries/en-GB/products/261878876,https://digitalcontent.api.tesco.com/v2/media/ghs/f398948a-a974-4ed3-91bb-03476492aad5/d071ca03-97b8-443f-b101-e7ea727bf193.jpeg?h=225&w=225,
281085590,Tesco Pork Shoulder Steaks 700G,https://www.tesco.com/groceries/en-GB/shop/fresh-food/all?department=Fresh%20Meat%20%26%20Poultry&viewAll=department&page=,£4.45,£6.36/kg,,,/groceries/en-GB/products/281085590,https://digitalcontent.api.tesco.com/v2/media/ghs/f4d95329-ebf6-45b6-85c3-2d084f617ebf/e8f6bed1-b77c-4c6f-826c-fe0b290b7bbb.jpeg?h=225&w=225,
308450341,Tesco Room To Roam British Chicken Breast Portions 300G,https://www.tesco.com/groceries/en-GB/shop/fresh-food/all?department=Fresh%20Meat%20%26%20Poultry&viewAll=department&page=,£3.70,£12.34/kg,,,/groceries/en-GB/products/308450341,https://digitalcontent.api.tesco.com/v2/media/ghs/0ee02fb1-99e2-4913-b6f1-d5c9d9ce15d2/2a171c49-4acc-4f49-8363-5ccd4afaf269.jpeg?h=225&w=225,
299669459,Tesco Reduced Fat Cumberland Sausage 454G,https://www.tesco.com/groceries/en-GB/shop/fresh-food/all?department=Fresh%20Meat%20%26%20Poultry&viewAll=department&page=,£2.00,£4.41/kg,Any 2 for £3.50 Clubcard Price - Selected Tesco Sausages 375g Or 454g,,/groceries/en-GB/products/299669459,https://digitalcontent.api.tesco.com/v2/media/ghs/9b145453-b003-4d76-98d6-bcd7272a9bd8/f7c2a622-4260-4018-91cd-74e7a481841d.jpeg?h=225&w=225,
291970788,Tesco 6 British Chicken Sausages 400G,https://www.tesco.com/groceries/en-GB/shop/fresh-food/all?department=Fresh%20Meat%20%26%20Poultry&viewAll=department&page=,£2.30,£5.75/kg,,,/groceries/en-GB/products/291970788,https://digitalcontent.api.tesco.com/v2/media/ghs/6a6b8bf6-4669-4f06-a9d6-fefcb755a948/7cd913b3-cc84-43a0-9cc8-70b62fea8773.jpeg?h=225&w=225,
308106479,Tesco Beef Medallion Steak 227G,https://www.tesco.com/groceries/en-GB/shop/fresh-food/all?department=Fresh%20Meat%20%26%20Poultry&viewAll=department&page=,£3.15,£13.88/kg,,,/groceries/en-GB/products/308106479,https://digitalcontent.api.tesco.com/v2/media/ghs/96f376bf-b399-49e0-846a-f64033971743/94412d30-e542-40ba-a358-bb178de71c88.jpeg?h=225&w=225,
292310837,Woodside Farms Cooking Bacon 500G,https://www.tesco.com/groceries/en-GB/shop/fresh-food/all?department=Fresh%20Meat%20%26%20Poultry&viewAll=department&page=,£0.85,£1.70/kg,,,/groceries/en-GB/products/292310837,https://digitalcontent.api.tesco.com/v2/media/ghs/73096632-6442-4b6b-a1f0-4d20e4f8cec6/5e7daad1-7ad2-4278-a02c-b8aa63947803.jpeg?h=225&w=225,
308458275,Tesco Finest Ribeye Steak 227G,https://www.tesco.com/groceries/en-GB/shop/fresh-food/all?department=Fresh%20Meat%20%26%20Poultry&viewAll=department&page=,£5.80,£25.56/kg,,,/groceries/en-GB/products/308458275,https://digitalcontent.api.tesco.com/v2/media/ghs/80321cbc-b57e-4466-a891-27988b37379f/e2be58dc-c5f4-47ec-8edd-ff5838093b27.jpeg?h=225&w=225,
258016016,Tesco Lamb Sliced Liver,https://www.tesco.com/groceries/en-GB/shop/fresh-food/all?department=Fresh%20Meat%20%26%20Poultry&viewAll=department&page=,£1.89,£4.20/kg,,,/groceries/en-GB/products/258016016,https://digitalcontent.api.tesco.com/v2/media/ghs/6dbdc5e9-c12d-4074-ab73-67828e140df1/46017c7b-fa34-4cd0-b4f4-32f79987b6d8.jpeg?h=225&w=225,
296422877,Tesco Beef Steak Mince 500G 15% Fat,https://www.tesco.com/groceries/en-GB/shop/fresh-food/all?department=Fresh%20Meat%20%26%20Poultry&viewAll=department&page=,£3.00,£6.00/kg,,,/groceries/en-GB/products/296422877,https://digitalcontent.api.tesco.com/v2/media/ghs/3d7f04c0-1ca2-486b-8aba-881f46d75d90/171bc661-002a-4fd7-99de-fd6bcc88efe5.jpeg?h=225&w=225,
266508874,Tesco Buttered Chicken Breast Joint 640G,https://www.tesco.com/groceries/en-GB/shop/fresh-food/all?department=Fresh%20Meat%20%26%20Poultry&viewAll=department&page=,£5.60,£8.75/kg,Any 2 for £8 Clubcard Price - Selected Tesco Ready To Cook & Bbq Products 620g-640g,,/groceries/en-GB/products/266508874,https://digitalcontent.api.tesco.com/v2/media/ghs/ad676c44-d7da-4e3a-b125-fc331ab8b0c7/011b442a-d334-4318-aca4-28f25efccc3a.jpeg?h=225&w=225,
276054144,Tesco Finest British Cornfed Free Range Whole Chicken,https://www.tesco.com/groceries/en-GB/shop/fresh-food/all?department=Fresh%20Meat%20%26%20Poultry&viewAll=department&page=,£10.23,£6.20/kg,,,/groceries/en-GB/products/276054144,https://digitalcontent.api.tesco.com/v2/media/ghs/d631c27a-f1bf-4d62-8ede-7d2b0d19a9bf/778a2870-1bb2-49d5-a8cf-6c589bbf6028.jpeg?h=225&w=225,
304411319,Tesco Slow Roasting Beef Joint,https://www.tesco.com/groceries/en-GB/shop/fresh-food/all?department=Fresh%20Meat%20%26%20Poultry&viewAll=department&page=,£16.15,£9.50/kg,,,/groceries/en-GB/products/304411319,https://digitalcontent.api.tesco.com/v2/media/ghs/c711c1d8-61a8-4f59-a8a8-a4c6232762f8/fe31cd67-21f7-4782-8657-d8a204895d43.jpeg?h=225&w=225,
311425264,Tesco Reduced Fat & Salt 10 Unsmoked Bacon Medallions 300G,https://www.tesco.com/groceries/en-GB/shop/fresh-food/all?department=Fresh%20Meat%20%26%20Poultry&viewAll=department&page=,£3.60,£12.00/kg,,,/groceries/en-GB/products/311425264,https://digitalcontent.api.tesco.com/v2/media/ghs/5ce05e96-84ea-442b-a89a-f2614606f912/6250ce0b-7cd9-43dd-8a68-8683529bbf27.jpeg?h=225&w=225,
258139435,Tesco Medium Beef Roasting Joint With Basting Fat,https://www.tesco.com/groceries/en-GB/shop/fresh-food/all?department=Fresh%20Meat%20%26%20Poultry&viewAll=department&page=,£10.40,£13.00/kg,,,/groceries/en-GB/products/258139435,https://digitalcontent.api.tesco.com/v2/media/ghs/4ad624c1-3831-44a3-8391-5a19626b6e0c/9c54a422-8a92-4745-ac5d-0e57ceb47579_318560055.jpeg?h=225&w=225,
284953900,Tesco Roast In Bag Ready Basted Whole Chicken 1.5Kg,https://www.tesco.com/groceries/en-GB/shop/fresh-food/all?department=Fresh%20Meat%20%26%20Poultry&viewAll=department&page=,£5.80,£3.87/kg,,,/groceries/en-GB/products/284953900,https://digitalcontent.api.tesco.com/v2/media/ghs/cb00517c-8834-4673-a1c5-79df546bf2df/50588e37-2d9d-4e47-9fcb-47df3ef885f9.jpeg?h=225&w=225,
309487808,Tesco Chicken Tempura Mini Fillets 305G,https://www.tesco.com/groceries/en-GB/shop/fresh-food/all?department=Fresh%20Meat%20%26%20Poultry&viewAll=department&page=,£3.35,£10.99/kg,,,/groceries/en-GB/products/309487808,https://digitalcontent.api.tesco.com/v2/media/ghs/e39121a0-6d7d-4f61-a010-b4c6be4ad8e5/4bcb0938-ed5a-4efb-b692-63bba2427f51.jpeg?h=225&w=225,
275503762,Tesco Finest British Cornfed Free Range Thigh Fillets 430G,https://www.tesco.com/groceries/en-GB/shop/fresh-food/all?department=Fresh%20Meat%20%26%20Poultry&viewAll=department&page=,£4.60,£10.70/kg,,,/groceries/en-GB/products/275503762,https://digitalcontent.api.tesco.com/v2/media/ghs/a2d75a92-ea1b-4f22-a757-2d8f423391aa/f4d217e2-f0a5-496d-9b44-84990c828a65.jpeg?h=225&w=225,
264566899,Tesco Breaded Chicken Mini Fillets 305G,https://www.tesco.com/groceries/en-GB/shop/fresh-food/all?department=Fresh%20Meat%20%26%20Poultry&viewAll=department&page=,£3.35,£10.99/kg,,,/groceries/en-GB/products/264566899,https://digitalcontent.api.tesco.com/v2/media/ghs/75009703-a5ea-45df-ab4b-289e20bb65d6/518b5459-c5d9-4bb7-adaf-a0dfa56c39d1.jpeg?h=225&w=225,
306943493,Tesco Finest Crispy Garlic & Herb Chicken Escalope 320G,https://www.tesco.com/groceries/en-GB/shop/fresh-food/all?department=Fresh%20Meat%20%26%20Poultry&viewAll=department&page=,£3.70,£11.57/kg,,,/groceries/en-GB/products/306943493,https://digitalcontent.api.tesco.com/v2/media/ghs/5fa933fb-2312-4480-ba3d-6e74566b1c22/4dce1ab3-d822-4f2a-a4a4-fdc18c81d3e4.jpeg?h=225&w=225,
279992336,Tesco Finest Pork Sausage Meat 350G,https://www.tesco.com/groceries/en-GB/shop/fresh-food/all?department=Fresh%20Meat%20%26%20Poultry&viewAll=department&page=,£3.00,£8.58/kg,,,/groceries/en-GB/products/279992336,https://digitalcontent.api.tesco.com/v2/media/ghs/8cdc4be4-5368-4e7a-b216-a0d38f5a8346/ce59c704-268f-445b-a5c7-730309ad3246.jpeg?h=225&w=225,
308104406,Tesco Chicken Mince 5% Fat 500G,https://www.tesco.com/groceries/en-GB/shop/fresh-food/all?department=Fresh%20Meat%20%26%20Poultry&viewAll=department&page=,£3.15,£6.30/kg,,,/groceries/en-GB/products/308104406,https://digitalcontent.api.tesco.com/v2/media/ghs/2082eaeb-5840-4f78-bf33-34e1f48c1205/e676fd51-5068-4310-9615-9fa4f828ea5d.jpeg?h=225&w=225,
312360960,Tesco Finest Pork Ribeye Steaks 402G,https://www.tesco.com/groceries/en-GB/shop/fresh-food/all?department=Fresh%20Meat%20%26%20Poultry&viewAll=department&page=,£4.00,£9.96/kg,£3.50 Clubcard Price,,/groceries/en-GB/products/312360960,https://digitalcontent.api.tesco.com/v2/media/ghs/54436e03-88da-4613-b43b-46a551f4013a/7229557c-d87f-49eb-b3b6-12cf3efa049b.jpeg?h=225&w=225,
281464487,Tesco Lamb Lamb Leg Steaks 450G,https://www.tesco.com/groceries/en-GB/shop/fresh-food/all?department=Fresh%20Meat%20%26%20Poultry&viewAll=department&page=,£7.10,£15.78/kg,,,/groceries/en-GB/products/281464487,https://digitalcontent.api.tesco.com/v2/media/ghs/2582bb8b-3715-46bf-8cfe-5db2e27954e0/41288119-3604-4fc1-8b5b-e5a2036392ac.jpeg?h=225&w=225,
312345570,Tesco Bacon Strips 50G,https://www.tesco.com/groceries/en-GB/shop/fresh-food/all?department=Fresh%20Meat%20%26%20Poultry&viewAll=department&page=,£3.00,£6.00/100g,,,/groceries/en-GB/products/312345570,https://digitalcontent.api.tesco.com/v2/media/ghs/a2306fdb-7e4f-48a7-aa13-e842451008fb/08759629-0075-4d0e-9bd5-e22c8d3546d4.jpeg?h=225&w=225,
264567593,Tesco 4 Southern Fried Breaded Chicken Steaks 505G,https://www.tesco.com/groceries/en-GB/shop/fresh-food/all?department=Fresh%20Meat%20%26%20Poultry&viewAll=department&page=,£3.30,£6.54/kg,£3.00 Clubcard Price,,/groceries/en-GB/products/264567593,https://digitalcontent.api.tesco.com/v2/media/ghs/0d17c16c-d8be-42d6-8f60-6f82d583a79e/fdb95695-ce0b-497d-b9ef-fae70de0eb18.jpeg?h=225&w=225,
301801698,Woodside Farms Unsmoked Gammon Steaks 300G,https://www.tesco.com/groceries/en-GB/shop/fresh-food/all?department=Fresh%20Meat%20%26%20Poultry&viewAll=department&page=,£2.39,£7.97/kg,Aldi Price Match,,/groceries/en-GB/products/301801698,https://digitalcontent.api.tesco.com/v2/media/ghs/d48dd048-f03f-4187-ac86-8a39be371eaa/41f0983a-215f-4a94-bbd3-e08fa8c1c28c.jpeg?h=225&w=225,
293861718,Tesco 2 Pork Loin Chops 450G,https://www.tesco.com/groceries/en-GB/shop/fresh-food/all?department=Fresh%20Meat%20%26%20Poultry&viewAll=department&page=,£4.00,£8.89/kg,,,/groceries/en-GB/products/293861718,https://digitalcontent.api.tesco.com/v2/media/ghs/0fec0fbb-e486-459e-b216-e1d76461d60b/432414ba-54eb-401a-9590-73bb58b29fcc.jpeg?h=225&w=225,
299344319,Tesco Finest 4 Beef Dripping York Shire Puddings 190G,https://www.tesco.com/groceries/en-GB/shop/fresh-food/all?department=Fresh%20Meat%20%26%20Poultry&viewAll=department&page=,£2.25,£1.19/100g,,,/groceries/en-GB/products/299344319,https://digitalcontent.api.tesco.com/v2/media/ghs/bbd96ef4-4b67-4b96-a226-f227bc6a66ee/0c8961ed-974c-4932-a1d5-48567b7004fa.jpeg?h=225&w=225,
304380245,Tesco Crackling Pork Loin Joint 637G,https://www.tesco.com/groceries/en-GB/shop/fresh-food/all?department=Fresh%20Meat%20%26%20Poultry&viewAll=department&page=,£5.60,£8.80/kg,Any 2 for £8 Clubcard Price - Selected Tesco Ready To Cook & Bbq Products 620g-640g,,/groceries/en-GB/products/304380245,https://digitalcontent.api.tesco.com/v2/media/ghs/4750001e-a719-4441-aa2c-b7ae017633b2/acdc4cc1-0a8e-4f97-a60d-45a77c221cce.jpeg?h=225&w=225,
261742386,Tesco 4 Finest Caramelised Onion Burger,https://www.tesco.com/groceries/en-GB/shop/fresh-food/all?department=Fresh%20Meat%20%26%20Poultry&viewAll=department&page=,£4.00,£8.82/kg,£3.50 Clubcard Price,,/groceries/en-GB/products/261742386,https://digitalcontent.api.tesco.com/v2/media/ghs/8bea076a-ca65-4cd8-b560-3c6faddb0786/d1f4f54c-5adc-45e0-a1d9-944f03951aa2.jpeg?h=225&w=225,
257447210,Richmond 12 Skinless Pork Sausages 319G,https://www.tesco.com/groceries/en-GB/shop/fresh-food/all?department=Fresh%20Meat%20%26%20Poultry&viewAll=department&page=,£2.00,£6.27/kg,£1.75 Clubcard Price,,/groceries/en-GB/products/257447210,https://digitalcontent.api.tesco.com/v2/media/ghs/10b02e58-9c0b-4d4e-b839-038d03cb6e09/6084a6e6-36ba-4075-9ac0-1d1c71d3f88d.jpeg?h=225&w=225,
266507796,Tesco Butter Basted Turkey Breast Joint 640G,https://www.tesco.com/groceries/en-GB/shop/fresh-food/all?department=Fresh%20Meat%20%26%20Poultry&viewAll=department&page=,£5.60,£8.75/kg,,,/groceries/en-GB/products/266507796,https://digitalcontent.api.tesco.com/v2/media/ghs/539e880c-05f0-487b-afcb-397dc452ac82/4fde6cb4-2ade-485b-b898-2318ff98ea3a.jpeg?h=225&w=225,
303174687,Tesco Finest The Ultimate Brisket & Chuck Burgers 340G,https://www.tesco.com/groceries/en-GB/shop/fresh-food/all?department=Fresh%20Meat%20%26%20Poultry&viewAll=department&page=,£3.00,£8.83/kg,,,/groceries/en-GB/products/303174687,https://digitalcontent.api.tesco.com/v2/media/ghs/7e7608e4-c462-4091-9bdc-61ced21d8c52/9b88755c-b1dc-453f-b049-7992730a0b19.jpeg?h=225&w=225,
299054766,Tesco British Lamb Mince 10% Fat 250G,https://www.tesco.com/groceries/en-GB/shop/fresh-food/all?department=Fresh%20Meat%20%26%20Poultry&viewAll=department&page=,£3.55,£14.20/kg,,,/groceries/en-GB/products/299054766,https://digitalcontent.api.tesco.com/v2/media/ghs/07baee73-0f23-4a47-9809-e8b2632c6fd9/ac473116-2809-4ba5-8a3d-415744d91543.jpeg?h=225&w=225,
285399356,Tesco Finest Pork Chops 500G,https://www.tesco.com/groceries/en-GB/shop/fresh-food/all?department=Fresh%20Meat%20%26%20Poultry&viewAll=department&page=,£4.00,£8.00/kg,,,/groceries/en-GB/products/285399356,https://digitalcontent.api.tesco.com/v2/media/ghs/66f2fe84-84c7-43d5-99e7-5be03668cd91/4bb6aaac-e84e-45d8-91e4-f66584bfc3be.jpeg?h=225&w=225,
308481079,Tesco Finest Fillet Steak 210G,https://www.tesco.com/groceries/en-GB/shop/fresh-food/all?department=Fresh%20Meat%20%26%20Poultry&viewAll=department&page=,£7.95,£37.86/kg,,,/groceries/en-GB/products/308481079,https://digitalcontent.api.tesco.com/v2/media/ghs/28a8a172-d578-4053-bece-f4499898d684/da3a0893-960e-4946-8365-3773518628db.jpeg?h=225&w=225,
256565146,Fresh Pork Fillet,https://www.tesco.com/groceries/en-GB/shop/fresh-food/all?department=Fresh%20Meat%20%26%20Poultry&viewAll=department&page=,£3.40,£7.55/kg,,,/groceries/en-GB/products/256565146,https://digitalcontent.api.tesco.com/v2/media/ghs/105c230d-a750-493b-ab5a-abed5ab27dc6/e62a3f79-30f2-4e60-ac4b-5ca568e04302.jpeg?h=225&w=225,
292286358,Woodside Farms 12% Fat Pork Mince 500G,https://www.tesco.com/groceries/en-GB/shop/fresh-food/all?department=Fresh%20Meat%20%26%20Poultry&viewAll=department&page=,£2.25,£4.50/kg,,,/groceries/en-GB/products/292286358,https://digitalcontent.api.tesco.com/v2/media/ghs/fa71ff04-ce83-4325-acd6-50b26424ea15/fa88f32c-ba7e-4728-baf6-1e134c149272.jpeg?h=225&w=225,
256564625,Tesco British Pork Belly Slices,https://www.tesco.com/groceries/en-GB/shop/fresh-food/all?department=Fresh%20Meat%20%26%20Poultry&viewAll=department&page=,£3.50,£7.00/kg,,,/groceries/en-GB/products/256564625,https://digitalcontent.api.tesco.com/v2/media/ghs/e91852bd-3676-4b06-958d-08b30d4b4c2d/50ef9ea2-f962-4d70-91e4-eab11de999c1.jpeg?h=225&w=225,
258261577,Tesco Pork Loin Joint,https://www.tesco.com/groceries/en-GB/shop/fresh-food/all?department=Fresh%20Meat%20%26%20Poultry&viewAll=department&page=,£12.00,£6.00/kg,,,/groceries/en-GB/products/258261577,https://digitalcontent.api.tesco.com/v2/media/ghs/4fc4cecc-53da-49e8-8879-af5ed4526693/a76de33a-f3c1-409d-8e64-9964a101c142.jpeg?h=225&w=225,
287207602,Tesco Sweet Bbq Pulled Pork 410G,https://www.tesco.com/groceries/en-GB/shop/fresh-food/all?department=Fresh%20Meat%20%26%20Poultry&viewAll=department&page=,£4.45,£10.86/kg,,,/groceries/en-GB/products/287207602,https://digitalcontent.api.tesco.com/v2/media/ghs/bc9443fd-b1fa-4414-a584-dfb465caa174/751d6586-3a0c-4a14-9f8e-51dc2634af1f.jpeg?h=225&w=225,
311682851,Tesco Reduced Fat & Salt 10 Smoked Bacon Medallions 300G,https://www.tesco.com/groceries/en-GB/shop/fresh-food/all?department=Fresh%20Meat%20%26%20Poultry&viewAll=department&page=,£3.60,£12.00/kg,,,/groceries/en-GB/products/311682851,https://digitalcontent.api.tesco.com/v2/media/ghs/87ad4e1a-7f63-445d-88b7-8a6f7c265ae3/980a9a7a-3979-4914-a899-2fc92b9f3ed9.jpeg?h=225&w=225,
267285351,Tesco Hot & Spicy Breaded Chicken Mini Fillets 305G,https://www.tesco.com/groceries/en-GB/shop/fresh-food/all?department=Fresh%20Meat%20%26%20Poultry&viewAll=department&page=,£3.35,£10.99/kg,,,/groceries/en-GB/products/267285351,https://digitalcontent.api.tesco.com/v2/media/ghs/3139e5a6-7fe4-45da-9ef8-947a6d2f005e/477e7b4d-551f-4253-8a22-d497fd601292.jpeg?h=225&w=225,
289599764,Tesco Gammon Steak With Cheese & Pineapple 345G,https://www.tesco.com/groceries/en-GB/shop/fresh-food/all?department=Fresh%20Meat%20%26%20Poultry&viewAll=department&page=,£4.00,£11.60/kg,£3.50 Clubcard Price,,/groceries/en-GB/products/289599764,https://digitalcontent.api.tesco.com/v2/media/ghs/495067b7-abf3-4f45-b2a8-4647f9873a4d/d47a3dcf-4611-4ca9-b7bd-2fc6f167e826.jpeg?h=225&w=225,
278942594,Tesco Turkey Breast Mini Fillet 400G,https://www.tesco.com/groceries/en-GB/shop/fresh-food/all?department=Fresh%20Meat%20%26%20Poultry&viewAll=department&page=,£4.50,£11.25/kg,,,/groceries/en-GB/products/278942594,https://digitalcontent.api.tesco.com/v2/media/ghs/cb240aed-3d86-4738-8571-c73d35bfe0d0/65d1ccaf-cda6-4dbf-98ce-a9eb64c5d281.jpeg?h=225&w=225,
251039075,Tesco Finest 12 Cumberland Chipolata 375G,https://www.tesco.com/groceries/en-GB/shop/fresh-food/all?department=Fresh%20Meat%20%26%20Poultry&viewAll=department&page=,£3.00,£8.00/kg,,,/groceries/en-GB/products/251039075,https://digitalcontent.api.tesco.com/v2/media/ghs/23174470-8d25-4cc9-b843-6e8039e1866b/bc5fc0df-4de3-4072-aab8-af0c08760c79.jpeg?h=225&w=225,
297793994,Tesco Small Unsmoked Gammon Joint,https://www.tesco.com/groceries/en-GB/shop/fresh-food/all?department=Fresh%20Meat%20%26%20Poultry&viewAll=department&page=,£4.68,£5.50/kg,,,/groceries/en-GB/products/297793994,https://digitalcontent.api.tesco.com/v2/media/ghs/4c22b34b-4ed3-4e9c-906c-81a7f1c365b0/bf8395c6-e577-42e3-a501-c59486101b6b.jpeg?h=225&w=225,
299803065,Tesco Lamb Shank In Mint Gravy 450G,https://www.tesco.com/groceries/en-GB/shop/fresh-food/all?department=Fresh%20Meat%20%26%20Poultry&viewAll=department&page=,£4.80,£10.67/kg,,,/groceries/en-GB/products/299803065,https://digitalcontent.api.tesco.com/v2/media/ghs/cef20a91-60ae-4d6b-b454-7a7cee47920e/7ee22fe7-16a6-4a6d-b4ba-8b3e599cd859.jpeg?h=225&w=225,
311955195,I Love British 10 Smoked Back Bacon 300G,https://www.tesco.com/groceries/en-GB/shop/fresh-food/all?department=Fresh%20Meat%20%26%20Poultry&viewAll=department&page=,£2.20,£7.34/kg,£2.00 Clubcard Price,,/groceries/en-GB/products/311955195,https://digitalcontent.api.tesco.com/v2/media/ghs/701dcd29-6f0a-4bb0-8cd7-e5e2cce8213c/bfdc2fbd-99f5-4588-af66-fc65154110cb.jpeg?h=225&w=225,
304390423,Tesco Maple Bbq Pork Loin Steaks 600G,https://www.tesco.com/groceries/en-GB/shop/fresh-food/all?department=Fresh%20Meat%20%26%20Poultry&viewAll=department&page=,£4.50,£7.50/kg,,,/groceries/en-GB/products/304390423,https://digitalcontent.api.tesco.com/v2/media/ghs/80227304-dffd-4be6-8e60-94a7771b0810/7173ab77-8fc4-4866-9cb1-34dcf97d613c.jpeg?h=225&w=225,
279819238,Tesco British Ready To Eat Bbq Roast Chicken Drumsticks 430G,https://www.tesco.com/groceries/en-GB/shop/fresh-food/all?department=Fresh%20Meat%20%26%20Poultry&viewAll=department&page=,£2.80,£0.65/100g,,,/groceries/en-GB/products/279819238,https://digitalcontent.api.tesco.com/v2/media/ghs/98e22d2b-5da2-467a-97d8-a766b5d9467a/6aaf6462-d885-4dfb-b5ee-c9a94d18a8c9.jpeg?h=225&w=225,
281085768,Tesco Pork Individual Ribs 700G,https://www.tesco.com/groceries/en-GB/shop/fresh-food/all?department=Fresh%20Meat%20%26%20Poultry&viewAll=department&page=,£4.85,£6.93/kg,,,/groceries/en-GB/products/281085768,https://digitalcontent.api.tesco.com/v2/media/ghs/0945e271-42f3-45b9-9ec5-60b910503aea/3f05d99c-2216-47a5-8161-3944ed785a50.jpeg?h=225&w=225,
279819342,Tesco British Ready To Eat Bbq Roast Chicken Wings 525G,https://www.tesco.com/groceries/en-GB/shop/fresh-food/all?department=Fresh%20Meat%20%26%20Poultry&viewAll=department&page=,£3.15,£0.60/100g,,,/groceries/en-GB/products/279819342,https://digitalcontent.api.tesco.com/v2/media/ghs/22efb52d-fbd3-424c-bac4-b12486404c3c/d0d2c9c7-784b-496b-b3e1-21a2126eac7a.jpeg?h=225&w=225,
308082632,Tesco 12 Pork Chipolatas Chipolatas 375G,https://www.tesco.com/groceries/en-GB/shop/fresh-food/all?department=Fresh%20Meat%20%26%20Poultry&viewAll=department&page=,£2.20,£5.87/kg,Any 2 for £3.50 Clubcard Price - Selected Tesco Sausages 375g Or 454g,,/groceries/en-GB/products/308082632,https://digitalcontent.api.tesco.com/v2/media/ghs/58ff43ca-d8d8-4b66-bc6e-9ba66df5c212/e5382c9a-9458-4e38-bfd0-b2ed06599e69.jpeg?h=225&w=225,
261969306,Tesco Finest* Unsmoked Dry Cure Streaky,https://www.tesco.com/groceries/en-GB/shop/fresh-food/all?department=Fresh%20Meat%20%26%20Poultry&viewAll=department&page=,£3.25,£13.55/kg,,,/groceries/en-GB/products/261969306,https://digitalcontent.api.tesco.com/v2/media/ghs/58720239-38bf-4431-9301-600c345f9723/56f8edb7-405d-4fab-b38b-2395adf4b298.jpeg?h=225&w=225,
304408369,Tesco Beef Brisket Joint In Gravy 380G,https://www.tesco.com/groceries/en-GB/shop/fresh-food/all?department=Fresh%20Meat%20%26%20Poultry&viewAll=department&page=,£4.20,£11.06/kg DR.WT,£3.50 Clubcard Price,,/groceries/en-GB/products/304408369,https://digitalcontent.api.tesco.com/v2/media/ghs/0b8dad0b-46a8-4ecf-861d-1e970176aeb2/67761425-abbf-4701-8336-f396467ff799.jpeg?h=225&w=225,
265490888,Tesco Fresh Chicken Livers 380G,https://www.tesco.com/groceries/en-GB/shop/fresh-food/all?department=Fresh%20Meat%20%26%20Poultry&viewAll=department&page=,£1.25,£3.29/kg,,,/groceries/en-GB/products/265490888,https://digitalcontent.api.tesco.com/v2/media/ghs/71351fe5-c69d-42f8-85b8-ea93392c67fb/6dc2d45f-d268-496b-aa2b-b72f893d1888.jpeg?h=225&w=225,
262615661,Tesco 12 Cumberland British Pork Sausages 681G,https://www.tesco.com/groceries/en-GB/shop/fresh-food/all?department=Fresh%20Meat%20%26%20Poultry&viewAll=department&page=,£2.60,£3.82/kg,,,/groceries/en-GB/products/262615661,https://digitalcontent.api.tesco.com/v2/media/ghs/44a9e57e-5d6d-413a-bd98-07f6af3808df/1a77ee4c-77a3-4bce-9071-7bc599d06ba2.jpeg?h=225&w=225,
258016074,Tesco British Pork Sliced Liver,https://www.tesco.com/groceries/en-GB/shop/fresh-food/all?department=Fresh%20Meat%20%26%20Poultry&viewAll=department&page=,£0.96,£2.40/kg,,,/groceries/en-GB/products/258016074,https://digitalcontent.api.tesco.com/v2/media/ghs/bf70464f-8508-4375-99ae-9eb8231bb7c4/dc50d175-bce1-4710-80e0-a18ba5109f76.jpeg?h=225&w=225,
292285031,Woodside Farms Pork Loin Steaks 720G,https://www.tesco.com/groceries/en-GB/shop/fresh-food/all?department=Fresh%20Meat%20%26%20Poultry&viewAll=department&page=,£3.99,£5.55/kg,,,/groceries/en-GB/products/292285031,https://digitalcontent.api.tesco.com/v2/media/ghs/67f6699f-d973-4981-bfab-0b629a188312/b6e93bb1-5a7e-48d2-8efd-2d823cad4c93.jpeg?h=225&w=225,
308496085,Tesco Room To Roam Large British Whole Chicken 1.4Kg-1.8Kg,https://www.tesco.com/groceries/en-GB/shop/fresh-food/all?department=Fresh%20Meat%20%26%20Poultry&viewAll=department&page=,£6.35,£3.97/kg,,,/groceries/en-GB/products/308496085,https://digitalcontent.api.tesco.com/v2/media/ghs/262accc7-fef3-4458-9f52-1877e60d2589/c2076181-8398-4d4c-ba60-28dd84017d0a.jpeg?h=225&w=225,
299774138,Finne Brogue 6 Unsmoked Naked Back Bacon 200G,https://www.tesco.com/groceries/en-GB/shop/fresh-food/all?department=Fresh%20Meat%20%26%20Poultry&viewAll=department&page=,£3.50,£17.50/kg,,,/groceries/en-GB/products/299774138,https://digitalcontent.api.tesco.com/v2/media/ghs/c11820ab-383e-4264-a33d-d5a0b77ad258/0787026a-f751-4ab1-9cec-d23e2734cbe8.jpeg?h=225&w=225,
312351971,Tesco Finest Slow Cooked Coq Au Vin 775G,https://www.tesco.com/groceries/en-GB/shop/fresh-food/all?department=Fresh%20Meat%20%26%20Poultry&viewAll=department&page=,£6.50,£8.39/kg,£5.00 Clubcard Price,,/groceries/en-GB/products/312351971,https://digitalcontent.api.tesco.com/v2/media/ghs/65e1aed3-8eab-4d24-96bb-d09c63ef3094/682db27e-0ea6-4327-b93d-cf975cbbfd10_1039489330.jpeg?h=225&w=225,
290028259,Tesco Pork Leg Joint 1Kg,https://www.tesco.com/groceries/en-GB/shop/fresh-food/all?department=Fresh%20Meat%20%26%20Poultry&viewAll=department&page=,£5.50,£5.50/kg,,,/groceries/en-GB/products/290028259,https://digitalcontent.api.tesco.com/v2/media/ghs/dfaa3c6a-e4d0-4d67-848b-9245d2a65f89/49910b63-a82e-4311-95b9-510b7e611554.jpeg?h=225&w=225,
297794117,Tesco Small Smoked Gammon Joint,https://www.tesco.com/groceries/en-GB/shop/fresh-food/all?department=Fresh%20Meat%20%26%20Poultry&viewAll=department&page=,£4.68,£5.50/kg,,,/groceries/en-GB/products/297794117,https://digitalcontent.api.tesco.com/v2/media/ghs/a90139f5-8846-462c-bf20-c7fc550a333d/08f1d509-f942-4842-8b1e-cad7ec094ae7.jpeg?h=225&w=225,
284848075,"Tesco 2 Chicken Breast With Cheese, Leeks & Bacon 390G",https://www.tesco.com/groceries/en-GB/shop/fresh-food/all?department=Fresh%20Meat%20%26%20Poultry&viewAll=department&page=,£4.20,£10.77/kg,,,/groceries/en-GB/products/284848075,https://digitalcontent.api.tesco.com/v2/media/ghs/d698750d-0c42-412a-926b-ca6d0bbc628d/9e54cb98-09f3-4448-b650-af5ff6a197d5.jpeg?h=225&w=225,
290205136,Tesco 2 Sweet Chilli Chicken Breast Fillets 320G,https://www.tesco.com/groceries/en-GB/shop/fresh-food/all?department=Fresh%20Meat%20%26%20Poultry&viewAll=department&page=,£4.00,£12.50/kg,£3.50 Clubcard Price,,/groceries/en-GB/products/290205136,https://digitalcontent.api.tesco.com/v2/media/ghs/b846069b-cf46-4db6-84e5-c977c25d4464/3143896d-ad6c-4e07-9424-125bce16fca9.jpeg?h=225&w=225,
293249908,Tesco Pork Loin Steaks 2 Pack 270G,https://www.tesco.com/groceries/en-GB/shop/fresh-food/all?department=Fresh%20Meat%20%26%20Poultry&viewAll=department&page=,£3.25,£12.04/kg,,,/groceries/en-GB/products/293249908,https://digitalcontent.api.tesco.com/v2/media/ghs/5b6a3560-1fc6-4a9c-8243-9fa8fcb65a6e/99c68476-ebc6-4987-8deb-f87e83f22c4d.jpeg?h=225&w=225,
287314253,Tesco 2 Chicken Breast Cheese & Ham Lattice 386G,https://www.tesco.com/groceries/en-GB/shop/fresh-food/all?department=Fresh%20Meat%20%26%20Poultry&viewAll=department&page=,£4.00,£10.37/kg,£3.50 Clubcard Price,,/groceries/en-GB/products/287314253,https://digitalcontent.api.tesco.com/v2/media/ghs/aacf4f3f-41a8-4831-af31-a0507e094039/b6dba4d6-bcb4-4890-b51e-302aa9992cf6.jpeg?h=225&w=225,
298864984,Hearty Food Co. 2 Garlic Chicken Kievs 260G,https://www.tesco.com/groceries/en-GB/shop/fresh-food/all?department=Fresh%20Meat%20%26%20Poultry&viewAll=department&page=,£1.99,£7.66/kg,Aldi Price Match,,/groceries/en-GB/products/298864984,https://digitalcontent.api.tesco.com/v2/media/ghs/fc408c9d-cb8e-46e3-93a7-41e05bd77c53/9ccbd3de-47ee-4e79-aadf-68c3309de400.jpeg?h=225&w=225,
276105696,Tesco Pork Stir Fry 500G,https://www.tesco.com/groceries/en-GB/shop/fresh-food/all?department=Fresh%20Meat%20%26%20Poultry&viewAll=department&page=,£3.60,£7.20/kg,,,/groceries/en-GB/products/276105696,https://digitalcontent.api.tesco.com/v2/media/ghs/038b1d0c-5b49-4932-9eed-2d77e0ff7243/22143f61-ef5d-4099-b287-4310a2254f4a.jpeg?h=225&w=225,
285513723,Tesco 2 Piri Piri Chicken Breast Fillets 365G,https://www.tesco.com/groceries/en-GB/shop/fresh-food/all?department=Fresh%20Meat%20%26%20Poultry&viewAll=department&page=,£4.20,£11.51/kg,,,/groceries/en-GB/products/285513723,https://digitalcontent.api.tesco.com/v2/media/ghs/2fb4a8e4-ffbe-4958-903d-cdb1fa31ae39/232f2f14-da56-4453-b9ac-e62407fadaf6.jpeg?h=225&w=225,
284552695,Tesco Maple Bbq Pork Rib Rack 460G,https://www.tesco.com/groceries/en-GB/shop/fresh-food/all?department=Fresh%20Meat%20%26%20Poultry&viewAll=department&page=,,,,,/groceries/en-GB/products/284552695,https://digitalcontent.api.tesco.com/v2/media/ghs/0bbd9294-7b3a-45d2-8dbb-54972c58f8b6/f0d3dccf-7290-498e-8126-17116d000b1c.jpeg?h=225&w=225,This product's currently out of stock
261965092,Tesco Organic Beef Steak Mince 15% Fat 500G,https://www.tesco.com/groceries/en-GB/shop/fresh-food/all?department=Fresh%20Meat%20%26%20Poultry&viewAll=department&page=,£4.90,£9.80/kg,,,/groceries/en-GB/products/261965092,https://digitalcontent.api.tesco.com/v2/media/ghs/4080153c-b1de-4502-a164-5f87e046714d/ebf8cd7d-c8d4-41c9-a560-2f9d613b440c.jpeg?h=225&w=225,
302305587,Tesco Finest Ranch Steaks Peppercorn Butter 303G,https://www.tesco.com/groceries/en-GB/shop/fresh-food/all?department=Fresh%20Meat%20%26%20Poultry&viewAll=department&page=,£6.00,£19.81/kg,"Tesco Finest* Meal Deal for £12 Clubcard Price - Buy 1 Main, 1 Side, 1 Dessert & A Drink",,/groceries/en-GB/products/302305587,https://digitalcontent.api.tesco.com/v2/media/ghs/79e89a3b-6b7b-464f-b09b-65d598f39b3b/aad9769e-e3f8-4c5d-ad1e-a920a4e10e02.jpeg?h=225&w=225,
285400845,Tesco Finest Pork Loin Steaks 400G,https://www.tesco.com/groceries/en-GB/shop/fresh-food/all?department=Fresh%20Meat%20%26%20Poultry&viewAll=department&page=,£4.05,£10.13/kg,,,/groceries/en-GB/products/285400845,https://digitalcontent.api.tesco.com/v2/media/ghs/a5c7a12e-7370-431c-88a4-907b5cb180f1/1e1cffd6-5d30-49c1-819f-2d939d9cc4e1.jpeg?h=225&w=225,
293819816,Tesco British Turkey Breast Quickcook Steaks 380G,https://www.tesco.com/groceries/en-GB/shop/fresh-food/all?department=Fresh%20Meat%20%26%20Poultry&viewAll=department&page=,£4.50,£11.85/kg,,,/groceries/en-GB/products/293819816,https://digitalcontent.api.tesco.com/v2/media/ghs/1bfd876c-4bf0-4fc3-91ff-856824319ff0/de5974f5-4f9c-4a80-8666-df82973ad2bf.jpeg?h=225&w=225,
308479935,Tesco Room To Roam British Chicken Breast Fillets 650G,https://www.tesco.com/groceries/en-GB/shop/fresh-food/all?department=Fresh%20Meat%20%26%20Poultry&viewAll=department&page=,£7.50,£11.54/kg,,,/groceries/en-GB/products/308479935,https://digitalcontent.api.tesco.com/v2/media/ghs/a00a5369-f1b9-45b0-a8af-8e45f9c0a8c7/e2091f7b-ff55-44e2-afa7-0a3a6327c0b2.jpeg?h=225&w=225,
275477037,Simon Howie Black Pudding 200G,https://www.tesco.com/groceries/en-GB/shop/fresh-food/all?department=Fresh%20Meat%20%26%20Poultry&viewAll=department&page=,£1.50,£7.50/kg,£1.20 Clubcard Price,,/groceries/en-GB/products/275477037,https://digitalcontent.api.tesco.com/v2/media/ghs/b3a6d218-887c-4e24-8d9d-e29b99234990/d74c4834-a683-4870-b9c4-bf2283eb20b8.jpeg?h=225&w=225,
250536058,Tesco Organic 2 Chicken Fillets,https://www.tesco.com/groceries/en-GB/shop/fresh-food/all?department=Fresh%20Meat%20%26%20Poultry&viewAll=department&page=,£7.80,£19.50/kg,,,/groceries/en-GB/products/250536058,https://digitalcontent.api.tesco.com/v2/media/ghs/12ed5165-2c0f-4f4c-a59a-a6f6632ce346/c77e3525-a87f-47f1-84b4-4660800cbcf4.jpeg?h=225&w=225,
304415753,Tesco Salt & Pepper Chicken Joint 640G,https://www.tesco.com/groceries/en-GB/shop/fresh-food/all?department=Fresh%20Meat%20%26%20Poultry&viewAll=department&page=,£5.60,£8.75/kg,Any 2 for £8 Clubcard Price - Selected Tesco Ready To Cook & Bbq Products 620g-640g,,/groceries/en-GB/products/304415753,https://digitalcontent.api.tesco.com/v2/media/ghs/d749f250-3a32-42a9-8535-12955e96ff83/b1308f3a-e593-4566-874a-08922d84ce71_1616964770.jpeg?h=225&w=225,
311958802,Tesco Teriyaki Beef Brisket 370G,https://www.tesco.com/groceries/en-GB/shop/fresh-food/all?department=Fresh%20Meat%20%26%20Poultry&viewAll=department&page=,£4.20,£11.36/kg,,New,/groceries/en-GB/products/311958802,https://digitalcontent.api.tesco.com/v2/media/ghs/d07e4913-9ad0-4ea0-b20e-a6992a2247bf/2b8c7f14-c28f-4ccd-81be-7a7126aaea8d.jpeg?h=225&w=225,
251884298,Tesco Pork Bone Less Large Leg Joint,https://www.tesco.com/groceries/en-GB/shop/fresh-food/all?department=Fresh%20Meat%20%26%20Poultry&viewAll=department&page=,£10.00,£5.00/kg,£4.50 per kg Clubcard Price,,/groceries/en-GB/products/251884298,https://digitalcontent.api.tesco.com/v2/media/ghs/77d0f595-ef89-4dcf-8874-012661c81af4/9b659f7f-78ff-4900-a4fd-e3ec819ce240.jpeg?h=225&w=225,
308494588,Tesco Finest Sirloin Steak 454G,https://www.tesco.com/groceries/en-GB/shop/fresh-food/all?department=Fresh%20Meat%20%26%20Poultry&viewAll=department&page=,£13.00,£28.64/kg,,,/groceries/en-GB/products/308494588,https://digitalcontent.api.tesco.com/v2/media/ghs/b0e93569-a07b-40bf-95a9-a264f15a11ec/7b27dac0-3261-4e03-a2d3-ef5022473e49.jpeg?h=225&w=225,
256531152,Tesco Lamb Half Leg Joint,https://www.tesco.com/groceries/en-GB/shop/fresh-food/all?department=Fresh%20Meat%20%26%20Poultry&viewAll=department&page=,£14.56,£14.00/kg,,,/groceries/en-GB/products/256531152,,
260446011,Tesco Finest British Cornfed Free Range Thigh & Drumsticks 1Kg,https://www.tesco.com/groceries/en-GB/shop/fresh-food/all?department=Fresh%20Meat%20%26%20Poultry&viewAll=department&page=,£5.20,£5.20/kg,,,/groceries/en-GB/products/260446011,https://digitalcontent.api.tesco.com/v2/media/ghs/2d279e88-6829-4fd8-bb7b-96079ac8f86d/5f892887-b1cb-4077-8656-ff1491f2cc42.jpeg?h=225&w=225,
308469037,Tesco Room To Roam British Chicken Thigh Fillets 600G,https://www.tesco.com/groceries/en-GB/shop/fresh-food/all?department=Fresh%20Meat%20%26%20Poultry&viewAll=department&page=,£5.45,£9.09/kg,,,/groceries/en-GB/products/308469037,https://digitalcontent.api.tesco.com/v2/media/ghs/586b53d3-8793-404d-90df-23ab1c6acb4f/599ef01e-1cf2-441c-a033-0c9e0d840a24.jpeg?h=225&w=225,
265279667,Tesco Finest Dry Cure Bacon Lardons 180G,https://www.tesco.com/groceries/en-GB/shop/fresh-food/all?department=Fresh%20Meat%20%26%20Poultry&viewAll=department&page=,£3.25,£18.06/kg,,,/groceries/en-GB/products/265279667,https://digitalcontent.api.tesco.com/v2/media/ghs/891d4db9-db50-4bc3-b8e0-19c03116a275/de6d56df-d3e2-4341-912e-7cf7ce2f9f42.jpeg?h=225&w=225,
299803088,Tesco 2X Lamb Shanks In Red Wine Gravy 780G,https://www.tesco.com/groceries/en-GB/shop/fresh-food/all?department=Fresh%20Meat%20%26%20Poultry&viewAll=department&page=,£8.00,£10.26/kg,,,/groceries/en-GB/products/299803088,https://digitalcontent.api.tesco.com/v2/media/ghs/c5729c28-98ae-4c9c-b1a7-78d50005f806/227f2c60-db48-4cc0-98df-8990dab938ad.jpeg?h=225&w=225,
305965520,Walls 6 Ready Baked Pork Sausage 240G,https://www.tesco.com/groceries/en-GB/shop/fresh-food/all?department=Fresh%20Meat%20%26%20Poultry&viewAll=department&page=,£2.55,£10.63/kg,,,/groceries/en-GB/products/305965520,https://digitalcontent.api.tesco.com/v2/media/ghs/95123eaa-e317-47e5-af37-d7033c3794ba/838a034d-b39a-4eff-9562-f3d8e3f41eb9.jpeg?h=225&w=225,
284850371,Tesco Finest Wild Sage & Buttered Onion Stuffing 225G,https://www.tesco.com/groceries/en-GB/shop/fresh-food/all?department=Fresh%20Meat%20%26%20Poultry&viewAll=department&page=,£2.75,£1.23/100g,,,/groceries/en-GB/products/284850371,https://digitalcontent.api.tesco.com/v2/media/ghs/27fc6c87-49ff-48d9-9cda-418835a06da6/1e86a7bf-ef4c-4085-92d9-ddaba3faf5a3.jpeg?h=225&w=225,
260391909,Powters Newmarket Sausage 400G,https://www.tesco.com/groceries/en-GB/shop/fresh-food/all?department=Fresh%20Meat%20%26%20Poultry&viewAll=department&page=,£3.55,£8.88/kg,,,/groceries/en-GB/products/260391909,https://digitalcontent.api.tesco.com/v2/media/ghs/96054f7e-e2b9-49ed-af37-0eff47bc67a5/68d70a16-71c9-4e88-9a00-d192525e5cf1.jpeg?h=225&w=225,
310174688,Tgi Fridays Bbq Beef Brisket 400G,https://www.tesco.com/groceries/en-GB/shop/fresh-food/all?department=Fresh%20Meat%20%26%20Poultry&viewAll=department&page=,£5.50,£13.75/kg,£4.50 Clubcard Price,,/groceries/en-GB/products/310174688,https://digitalcontent.api.tesco.com/v2/media/ghs/88ba63a8-ac44-407a-b85f-184fdcde2b64/389ed629-bffc-48d9-ae78-5283dc06ae13_1992344822.jpeg?h=225&w=225,
309936065,Prepared House Pepper Sauce 250G,https://www.tesco.com/groceries/en-GB/shop/fresh-food/all?department=Fresh%20Meat%20%26%20Poultry&viewAll=department&page=,£2.00,£0.80/100g,,,/groceries/en-GB/products/309936065,https://digitalcontent.api.tesco.com/v2/media/ghs/d42e81b2-17b0-45f0-a2fe-9974b7cffe66/b13f14cd-a1c4-4d9c-a1c9-852804cd85e0_805486910.jpeg?h=225&w=225,
299054484,Tesco Finest Unsmoked 6 Dry Cure Thick Cut Bacon 240G,https://www.tesco.com/groceries/en-GB/shop/fresh-food/all?department=Fresh%20Meat%20%26%20Poultry&viewAll=department&page=,£3.25,£13.55/kg,,,/groceries/en-GB/products/299054484,https://digitalcontent.api.tesco.com/v2/media/ghs/33a286ee-9b36-4ee8-802c-96dc5c60c838/a7927864-4010-4d25-a1f0-2484464793e6.jpeg?h=225&w=225,
258353624,Tesco Finest* 12 Sage And Onion Stuffing Balls 350G,https://www.tesco.com/groceries/en-GB/shop/fresh-food/all?department=Fresh%20Meat%20%26%20Poultry&viewAll=department&page=,£3.00,£8.58/kg,,,/groceries/en-GB/products/258353624,https://digitalcontent.api.tesco.com/v2/media/ghs/a0fbe50c-5326-4276-82e9-270416abac9a/ae2f0c4a-cd84-4934-a9e6-f69cc620ba72.jpeg?h=225&w=225,
285210344,Tesco British Chicken Drumsticks 1Kg,https://www.tesco.com/groceries/en-GB/shop/fresh-food/all?department=Fresh%20Meat%20%26%20Poultry&viewAll=department&page=,£2.80,£2.80/kg,,,/groceries/en-GB/products/285210344,https://digitalcontent.api.tesco.com/v2/media/ghs/c68e274c-a65c-4503-ad67-bde129cf2d10/29e0f22c-524c-4fd1-b531-6551d2ec2dfc.jpeg?h=225&w=225,
285512868,Tesco Mini Roast Chicken Dinner & Gravy 438G,https://www.tesco.com/groceries/en-GB/shop/fresh-food/all?department=Fresh%20Meat%20%26%20Poultry&viewAll=department&page=,£4.20,£9.59/kg,,,/groceries/en-GB/products/285512868,https://digitalcontent.api.tesco.com/v2/media/ghs/e8280604-f751-4244-b6dd-3bcc383d0a84/356ce978-ee0c-4895-9fb0-1b6178695558.jpeg?h=225&w=225,
261290326,Simon Howie Original Haggis 454G,https://www.tesco.com/groceries/en-GB/shop/fresh-food/all?department=Fresh%20Meat%20%26%20Poultry&viewAll=department&page=,£2.60,£5.73/kg,£2.00 Clubcard Price,,/groceries/en-GB/products/261290326,https://digitalcontent.api.tesco.com/v2/media/ghs/e06b6d96-3f16-4689-afc2-dde9cee3cbc4/78eb40b1-8d5e-4c00-b6b0-41a10f137c74.jpeg?h=225&w=225,
306805703,Tesco 2 Beef Ranch Steaks With Garlic & Chilli 250G,https://www.tesco.com/groceries/en-GB/shop/fresh-food/all?department=Fresh%20Meat%20%26%20Poultry&viewAll=department&page=,£3.15,£12.60/kg,,,/groceries/en-GB/products/306805703,https://digitalcontent.api.tesco.com/v2/media/ghs/991396f1-4074-4d2a-8eb3-2204b21009f0/af0c0b4c-ae6d-45ab-ad99-a2e38de7e56d.jpeg?h=225&w=225,
309468221,Tesco Meat & Vegetable Beef Meatballs 336G,https://www.tesco.com/groceries/en-GB/shop/fresh-food/all?department=Fresh%20Meat%20%26%20Poultry&viewAll=department&page=,£2.25,£6.70/kg,,,/groceries/en-GB/products/309468221,https://digitalcontent.api.tesco.com/v2/media/ghs/124d5af8-301c-4858-9709-361f17f6e8d2/1e299bf4-8881-4176-b082-1c47ae04fa17.jpeg?h=225&w=225,
273321484,Tesco Minted Lamb Kebabs 400G,https://www.tesco.com/groceries/en-GB/shop/fresh-food/all?department=Fresh%20Meat%20%26%20Poultry&viewAll=department&page=,£4.70,£11.75/kg,,,/groceries/en-GB/products/273321484,https://digitalcontent.api.tesco.com/v2/media/ghs/7ac88a81-7d09-411e-9dcf-cadd61369961/73292fe2-2e30-4a4c-bbc1-f586852923d4.jpeg?h=225&w=225,
292310365,Woodside Farms Middle Bacon 500G,https://www.tesco.com/groceries/en-GB/shop/fresh-food/all?department=Fresh%20Meat%20%26%20Poultry&viewAll=department&page=,£2.14,£4.28/kg,,,/groceries/en-GB/products/292310365,https://digitalcontent.api.tesco.com/v2/media/ghs/ee6f9a07-0c73-4603-a0aa-8e34bd6ba8c6/dd9901e8-cb85-4eca-b6ce-7296a9be6981.jpeg?h=225&w=225,
306664546,Tesco 2 Lamb Rump Steaks 300G,https://www.tesco.com/groceries/en-GB/shop/fresh-food/all?department=Fresh%20Meat%20%26%20Poultry&viewAll=department&page=,£4.75,£15.84/kg,,,/groceries/en-GB/products/306664546,https://digitalcontent.api.tesco.com/v2/media/ghs/cb6a79c0-17dc-4423-aaf5-71b2559df81d/2a3a57bf-0520-4071-bb4d-d2318678790e.jpeg?h=225&w=225,
267158491,T Unsmoked Boneless Gammon Joint,https://www.tesco.com/groceries/en-GB/shop/fresh-food/all?department=Fresh%20Meat%20%26%20Poultry&viewAll=department&page=,£12.10,£5.50/kg,£4.50 per kg Clubcard Price,,/groceries/en-GB/products/267158491,https://digitalcontent.api.tesco.com/v2/media/ghs/0151b9fe-9549-49a7-9581-2b0bc9ddbeee/f19cdeb0-b7e7-48bc-a940-a3e699dc2429.jpeg?h=225&w=225,
289880192,Tesco Lamb Chops 550G,https://www.tesco.com/groceries/en-GB/shop/fresh-food/all?department=Fresh%20Meat%20%26%20Poultry&viewAll=department&page=,£8.00,£14.55/kg,,,/groceries/en-GB/products/289880192,https://digitalcontent.api.tesco.com/v2/media/ghs/2c9910e2-1c32-41bd-9475-02e4ca06ce3e/2f751a54-1e11-4118-aac4-5195a17683c4.jpeg?h=225&w=225,
275461706,Tesco Roast In Bag Whole Chicken Pork Sage And Onion Stuffed 1.5Kg,https://www.tesco.com/groceries/en-GB/shop/fresh-food/all?department=Fresh%20Meat%20%26%20Poultry&viewAll=department&page=,£5.80,£3.87/kg,,,/groceries/en-GB/products/275461706,https://digitalcontent.api.tesco.com/v2/media/ghs/26ba28b3-39d0-4580-8233-3375dcbd239a/f8030516-1130-4786-b62b-4b36f2292c96.jpeg?h=225&w=225,
305433666,Tesco Finest 8 Unsmoked Bacon Medallions 200G,https://www.tesco.com/groceries/en-GB/shop/fresh-food/all?department=Fresh%20Meat%20%26%20Poultry&viewAll=department&page=,£4.10,£20.50/kg,,,/groceries/en-GB/products/305433666,https://digitalcontent.api.tesco.com/v2/media/ghs/a4c91010-c86c-4019-a1ec-34066586792a/47ea41ab-d7f5-45e7-bcc4-36f3332d53ae.jpeg?h=225&w=225,
305526666,Tesco Finest 8 Smoked Bacon Medallions 200G,https://www.tesco.com/groceries/en-GB/shop/fresh-food/all?department=Fresh%20Meat%20%26%20Poultry&viewAll=department&page=,£4.10,£20.50/kg,,,/groceries/en-GB/products/305526666,https://digitalcontent.api.tesco.com/v2/media/ghs/7d6a5bfb-3acc-4c04-bc64-df54290d0605/df51c77a-d209-44f6-af21-7dfac3a6c6b2.jpeg?h=225&w=225,
293256393,Tesco 4 Pork Chops 900G,https://www.tesco.com/groceries/en-GB/shop/fresh-food/all?department=Fresh%20Meat%20%26%20Poultry&viewAll=department&page=,£5.65,£6.28/kg,,,/groceries/en-GB/products/293256393,https://digitalcontent.api.tesco.com/v2/media/ghs/adfa034e-3553-47d1-90df-ff7347f0c165/f2003703-b70c-4c51-82d4-23909dc0a3aa.jpeg?h=225&w=225,
303127030,Tesco Finest 4 Pork Cheese & Jalapeno Hot Dogs 400G,https://www.tesco.com/groceries/en-GB/shop/fresh-food/all?department=Fresh%20Meat%20%26%20Poultry&viewAll=department&page=,£2.85,£7.13/kg,,,/groceries/en-GB/products/303127030,https://digitalcontent.api.tesco.com/v2/media/ghs/56eae4ca-50ed-4611-bb2f-d8d7d5c5d1fc/debac869-8bd9-4bfc-8b2a-4e3f20461339.jpeg?h=225&w=225,
306806316,Tesco Gammon Steak With Maple & Bourbon Sauce 300G,https://www.tesco.com/groceries/en-GB/shop/fresh-food/all?department=Fresh%20Meat%20%26%20Poultry&viewAll=department&page=,£3.50,£11.67/kg,,,/groceries/en-GB/products/306806316,https://digitalcontent.api.tesco.com/v2/media/ghs/64509da1-c03b-4584-a0b3-8ed1db0f0f89/b031aa40-06fa-40eb-a508-eee0d508760e.jpeg?h=225&w=225,
273147114,Highland Game Venison Grill Steaks 300G,https://www.tesco.com/groceries/en-GB/shop/fresh-food/all?department=Fresh%20Meat%20%26%20Poultry&viewAll=department&page=,£2.80,£9.34/kg,,,/groceries/en-GB/products/273147114,https://digitalcontent.api.tesco.com/v2/media/ghs/015484eb-b83b-41f1-b553-039962b47869/47d58f80-8581-4be9-995a-859b997085dc.jpeg?h=225&w=225,
284847911,Tesco Spinach & Ricotta Chicken Breast 2 Pack 360G,https://www.tesco.com/groceries/en-GB/shop/fresh-food/all?department=Fresh%20Meat%20%26%20Poultry&viewAll=department&page=,£4.20,£11.67/kg,,,/groceries/en-GB/products/284847911,https://digitalcontent.api.tesco.com/v2/media/ghs/e79e49bc-6c31-4fc2-b254-4d5daace28d3/43a39b2e-6535-4eb3-adac-307de4950d53.jpeg?h=225&w=225,
280304506,Tesco Finest Chipolatas Pigs In Blankets 222G,https://www.tesco.com/groceries/en-GB/shop/fresh-food/all?department=Fresh%20Meat%20%26%20Poultry&viewAll=department&page=,£3.50,£15.77/kg,,New,/groceries/en-GB/products/280304506,https://digitalcontent.api.tesco.com/v2/media/ghs/351edd74-8cdb-4e2a-ab86-98c239e00884/2af04ef7-b4ef-454f-b7e6-d9fa77197a24.jpeg?h=225&w=225,
305526469,Tesco Finest Maple Cured Streaky Unsmoked Bacon 240G,https://www.tesco.com/groceries/en-GB/shop/fresh-food/all?department=Fresh%20Meat%20%26%20Poultry&viewAll=department&page=,£3.25,£13.55/kg,,,/groceries/en-GB/products/305526469,https://digitalcontent.api.tesco.com/v2/media/ghs/e307646b-9082-4cfe-8208-945304becf37/8b73cd4e-cd68-4403-a1d4-fcc4cc6e98b1.jpeg?h=225&w=225,
305528157,Tesco Finest 2 The Proper Burger 340G,https://www.tesco.com/groceries/en-GB/shop/fresh-food/all?department=Fresh%20Meat%20%26%20Poultry&viewAll=department&page=,£3.00,£8.83/kg,,,/groceries/en-GB/products/305528157,https://digitalcontent.api.tesco.com/v2/media/ghs/4d541175-19a8-4564-b7f4-f5a9548eb6a5/d94a3f8f-11f0-41e6-8f51-7dba9e9054b9.jpeg?h=225&w=225,
308105895,Simply Chicken 20 Battered Chicken Nuggets 400G,https://www.tesco.com/groceries/en-GB/shop/fresh-food/all?department=Fresh%20Meat%20%26%20Poultry&viewAll=department&page=,£3.00,£7.50/kg,,,/groceries/en-GB/products/308105895,https://digitalcontent.api.tesco.com/v2/media/ghs/a5174803-99ba-4099-86c4-70a6bc3974c6/8077b73d-0a3f-4dad-b3a3-e71675e8695e.jpeg?h=225&w=225,
306820961,Tesco Chicken Drumsticks 2Kg,https://www.tesco.com/groceries/en-GB/shop/fresh-food/all?department=Fresh%20Meat%20%26%20Poultry&viewAll=department&page=,£4.30,£2.15/kg,£3.60 Clubcard Price,,/groceries/en-GB/products/306820961,https://digitalcontent.api.tesco.com/v2/media/ghs/5ffa8bec-cb08-4161-8e61-101410021293/d85675ef-e0cc-4c7a-a2da-4c650f95043a.jpeg?h=225&w=225,
308472608,Tesco Room To Roam British Chicken Thighs 1Kg,https://www.tesco.com/groceries/en-GB/shop/fresh-food/all?department=Fresh%20Meat%20%26%20Poultry&viewAll=department&page=,£3.40,£3.40/kg,,,/groceries/en-GB/products/308472608,https://digitalcontent.api.tesco.com/v2/media/ghs/88bf1937-d503-4319-906e-e56c79a987b8/10ca3a24-529f-4ea6-999a-0e12f1c06ffe.jpeg?h=225&w=225,
307357413,Tesco Finest Chestnut Smoked Streaky Bacon 240G,https://www.tesco.com/groceries/en-GB/shop/fresh-food/all?department=Fresh%20Meat%20%26%20Poultry&viewAll=department&page=,£3.25,£13.55/kg,,,/groceries/en-GB/products/307357413,https://digitalcontent.api.tesco.com/v2/media/ghs/7cdf1a7e-ebac-42cf-859e-d32c332a4954/f68d2372-147b-4264-82e7-e34a3fef79f8.jpeg?h=225&w=225,
305525863,Tesco Boneless Beef Ribs In A Bbq Sauce 370G,https://www.tesco.com/groceries/en-GB/shop/fresh-food/all?department=Fresh%20Meat%20%26%20Poultry&viewAll=department&page=,£4.00,£10.82/kg,£3.50 Clubcard Price,,/groceries/en-GB/products/305525863,https://digitalcontent.api.tesco.com/v2/media/ghs/8564ab03-8ba0-47b8-90cf-b741c47a68f1/e4a9e6aa-0a61-4b84-951e-ad4cf2da12c8_1736811048.jpeg?h=225&w=225,
256531486,Fresh Lamb Half Shoulder,https://www.tesco.com/groceries/en-GB/shop/fresh-food/all?department=Fresh%20Meat%20%26%20Poultry&viewAll=department&page=,£10.20,£10.20/kg,£8.00 per kg Clubcard Price,,/groceries/en-GB/products/256531486,https://digitalcontent.api.tesco.com/v2/media/ghs/15acd356-e34e-4459-b373-0c23cb63b69e/4f68717e-34ab-45cc-868f-2eab02ed843e.jpeg?h=225&w=225,
254261635,Tesco Lamb Hearts,https://www.tesco.com/groceries/en-GB/shop/fresh-food/all?department=Fresh%20Meat%20%26%20Poultry&viewAll=department&page=,£1.54,£4.60/kg,,,/groceries/en-GB/products/254261635,https://digitalcontent.api.tesco.com/v2/media/ghs/4d8e2cad-82f7-4ba9-a773-21d571346342/9633ab84-a7cb-409f-9372-536403df5c31.jpeg?h=225&w=225,
267158243,T Smoked Boneless Gammon Joint,https://www.tesco.com/groceries/en-GB/shop/fresh-food/all?department=Fresh%20Meat%20%26%20Poultry&viewAll=department&page=,£12.10,£5.50/kg,£4.50 per kg Clubcard Price,,/groceries/en-GB/products/267158243,https://digitalcontent.api.tesco.com/v2/media/ghs/fff4ba9a-6d07-4c3b-945e-412152d0324c/251f7401-3f61-4156-bd16-def27b488c97.jpeg?h=225&w=225,
268397729,Gressingham Duck Legs 462G,https://www.tesco.com/groceries/en-GB/shop/fresh-food/all?department=Fresh%20Meat%20%26%20Poultry&viewAll=department&page=,£4.50,£9.75/kg,,,/groceries/en-GB/products/268397729,https://digitalcontent.api.tesco.com/v2/media/ghs/3048062b-1066-407b-9878-d8a9ccee2c33/d5e17920-d616-40c0-96db-40a66b00232e.jpeg?h=225&w=225,
291066661,Tesco Pork Loin Medallions 500G,https://www.tesco.com/groceries/en-GB/shop/fresh-food/all?department=Fresh%20Meat%20%26%20Poultry&viewAll=department&page=,£4.45,£8.90/kg,,,/groceries/en-GB/products/291066661,https://digitalcontent.api.tesco.com/v2/media/ghs/9fd09afd-daf8-4575-9d73-307087b587aa/9664dcb4-f966-4c39-bb19-faabcc8929fa.jpeg?h=225&w=225,
301511851,Finne Brogue Naked 6 Smoked Back Bacon 200G,https://www.tesco.com/groceries/en-GB/shop/fresh-food/all?department=Fresh%20Meat%20%26%20Poultry&viewAll=department&page=,£3.50,£17.50/kg,,,/groceries/en-GB/products/301511851,https://digitalcontent.api.tesco.com/v2/media/ghs-mktg/b0b04216-fa73-466d-a9d7-c9fcfa1ce9b3/no-image.jpeg,
281260768,Tesco 2 Southern Fried Breaded Chicken Fillets 300G,https://www.tesco.com/groceries/en-GB/shop/fresh-food/all?department=Fresh%20Meat%20%26%20Poultry&viewAll=department&page=,£3.45,£11.50/kg,,,/groceries/en-GB/products/281260768,https://digitalcontent.api.tesco.com/v2/media/ghs/07e0431f-5cfc-4779-bca4-922e20178b3b/0c242df9-ee10-4c80-91fd-48bc81955587.jpeg?h=225&w=225,
285865536,Heck Chicken Italia Burgers 228G,https://www.tesco.com/groceries/en-GB/shop/fresh-food/all?department=Fresh%20Meat%20%26%20Poultry&viewAll=department&page=,£2.40,£10.53/kg,,,/groceries/en-GB/products/285865536,https://digitalcontent.api.tesco.com/v2/media/ghs/7b801438-d749-4b38-9dcf-6be65a3df247/2fd3d0b1-0b58-4ca0-a12e-e8477c12af12.jpeg?h=225&w=225,
271754096,Gressingham Duck Fat 250G,https://www.tesco.com/groceries/en-GB/shop/fresh-food/all?department=Fresh%20Meat%20%26%20Poultry&viewAll=department&page=,£3.00,£12.00/kg,,,/groceries/en-GB/products/271754096,https://digitalcontent.api.tesco.com/v2/media/ghs/82ffdd74-1ea4-47cf-9897-fb74bc73a0ad/4c27d801-c196-457b-8960-d50722e4e790_672753737.jpeg?h=225&w=225,
300876351,Heck Simply Chicken Chipolatas 340G,https://www.tesco.com/groceries/en-GB/shop/fresh-food/all?department=Fresh%20Meat%20%26%20Poultry&viewAll=department&page=,£3.10,£9.12/kg,,,/groceries/en-GB/products/300876351,https://digitalcontent.api.tesco.com/v2/media/ghs/b8b01718-770e-43dd-8c37-0474e8c77a4d/e653d9ac-278c-44ad-8e1f-386826c06f6e.jpeg?h=225&w=225,
306823848,Tesco 2 Minted Lamb Steaks 250G,https://www.tesco.com/groceries/en-GB/shop/fresh-food/all?department=Fresh%20Meat%20%26%20Poultry&viewAll=department&page=,£4.75,£19.00/kg,,,/groceries/en-GB/products/306823848,https://digitalcontent.api.tesco.com/v2/media/ghs/3b69acd8-938e-4fdc-86a4-075fee684f9c/acc60b30-67aa-47bc-ba0b-5f1bfdf5fdc4.jpeg?h=225&w=225,
268913536,Gressingham Duck Fillets 250G,https://www.tesco.com/groceries/en-GB/shop/fresh-food/all?department=Fresh%20Meat%20%26%20Poultry&viewAll=department&page=,£4.50,£18.00/kg,,,/groceries/en-GB/products/268913536,https://digitalcontent.api.tesco.com/v2/media/ghs/0152e646-b896-4079-beac-753157da2a68/3bd36f46-5bca-4cb2-98ea-b78f33cb75a4.jpeg?h=225&w=225,
310095516,Tgi Fridays Buffalo Chicken Wings 500G,https://www.tesco.com/groceries/en-GB/shop/fresh-food/all?department=Fresh%20Meat%20%26%20Poultry&viewAll=department&page=,£4.50,£9.00/kg,£3.50 Clubcard Price,,/groceries/en-GB/products/310095516,https://digitalcontent.api.tesco.com/v2/media/ghs/9f074aae-8043-40bd-94e2-3e3d520698fd/637d92da-84ee-4f5b-9775-695213f09ddb_2019143620.jpeg?h=225&w=225,
303013781,Tesco Peking Bbq Pork Rib Rack 460G,https://www.tesco.com/groceries/en-GB/shop/fresh-food/all?department=Fresh%20Meat%20%26%20Poultry&viewAll=department&page=,£4.50,£9.79/kg,,,/groceries/en-GB/products/303013781,https://digitalcontent.api.tesco.com/v2/media/ghs/65da47a0-d187-44f6-b850-2bf4262db2e3/bbc2d74e-d1d0-4bab-abbd-18df684f278b.jpeg?h=225&w=225,
312088597,Tesco 12 British Turkey Meatballs 336G,https://www.tesco.com/groceries/en-GB/shop/fresh-food/all?department=Fresh%20Meat%20%26%20Poultry&viewAll=department&page=,£3.00,£8.93/kg,,,/groceries/en-GB/products/312088597,https://digitalcontent.api.tesco.com/v2/media/ghs/ce01c7e7-5359-47d6-bcb7-c9fa7afac079/8cacb19a-50e4-40b7-a975-9a2487277ac3.jpeg?h=225&w=225,
301512084,Finne Brogue Naked Ultimate Pork Sausage 400G,https://www.tesco.com/groceries/en-GB/shop/fresh-food/all?department=Fresh%20Meat%20%26%20Poultry&viewAll=department&page=,£3.25,£8.13/kg,,,/groceries/en-GB/products/301512084,https://digitalcontent.api.tesco.com/v2/media/ghs/0b1e009f-a2b7-484a-bbd5-da0c1770032e/bd7dfb44-276a-4580-a08c-0cad49df2469.jpeg?h=225&w=225,
308470985,Richmond Chicken Sausages 10 Pack 340G,https://www.tesco.com/groceries/en-GB/shop/fresh-food/all?department=Fresh%20Meat%20%26%20Poultry&viewAll=department&page=,£2.30,£6.77/kg,,,/groceries/en-GB/products/308470985,https://digitalcontent.api.tesco.com/v2/media/ghs/250bc237-584d-4628-91a1-cab82459f112/5a6b7c0c-3678-4e8b-b339-2a20e972bb3b.jpeg?h=225&w=225,
304400056,"Tesco Pork, Apple & Cranberry Stuffing 400G",https://www.tesco.com/groceries/en-GB/shop/fresh-food/all?department=Fresh%20Meat%20%26%20Poultry&viewAll=department&page=,£2.50,£6.25/kg,,New,/groceries/en-GB/products/304400056,https://digitalcontent.api.tesco.com/v2/media/ghs/64008092-c711-4faf-8075-065c5fd3cfbe/9a1c07dc-7519-4feb-bccf-f16ef0aa2612_566036248.jpeg?h=225&w=225,
268419481,Powters Skinny Pig Pork Sausages 400G,https://www.tesco.com/groceries/en-GB/shop/fresh-food/all?department=Fresh%20Meat%20%26%20Poultry&viewAll=department&page=,£3.55,£8.88/kg,,,/groceries/en-GB/products/268419481,https://digitalcontent.api.tesco.com/v2/media/ghs/38f4db02-8686-4f19-bbd6-28dbad8e5e54/7964f9a8-c28e-4400-8a4f-eaafe88cb896.jpeg?h=225&w=225,
284850296,Tesco Sage & Onion Stuffing 336G,https://www.tesco.com/groceries/en-GB/shop/fresh-food/all?department=Fresh%20Meat%20%26%20Poultry&viewAll=department&page=,£2.35,£0.70/100g,,,/groceries/en-GB/products/284850296,https://digitalcontent.api.tesco.com/v2/media/ghs/45ebef91-320a-4fc4-8037-049693530546/d8bcb3f2-a513-4521-a315-bb8910a7bd55.jpeg?h=225&w=225,
309183275,The Real Yorkshire Pudding Co. 4 Large Gluten Free Yorkshire Puddings 160G,https://www.tesco.com/groceries/en-GB/shop/fresh-food/all?department=Fresh%20Meat%20%26%20Poultry&viewAll=department&page=,£2.00,£1.25/100g,,,/groceries/en-GB/products/309183275,https://digitalcontent.api.tesco.com/v2/media/ghs/88442e91-a783-4bf8-8c0a-4adcf9189844/9ed061dc-8010-47db-b488-194bbdedc1df.jpeg?h=225&w=225,
309749528,Heck 60/40 Chicken Red Pepper & Feta Burgers 2 Pack 228G,https://www.tesco.com/groceries/en-GB/shop/fresh-food/all?department=Fresh%20Meat%20%26%20Poultry&viewAll=department&page=,£2.10,£9.22/kg,£1.60 Clubcard Price,,/groceries/en-GB/products/309749528,https://digitalcontent.api.tesco.com/v2/media/ghs/dbb37e88-99f7-46b9-958b-609ecefc3646/fa83b7b1-a003-47ce-b886-8db18fb4653e.jpeg?h=225&w=225,
312354651,Tesco 18 Pork Sausages 1.022Kg,https://www.tesco.com/groceries/en-GB/shop/fresh-food/all?department=Fresh%20Meat%20%26%20Poultry&viewAll=department&page=,£4.20,£4.11/kg,,,/groceries/en-GB/products/312354651,https://digitalcontent.api.tesco.com/v2/media/ghs/2341aa19-269d-490a-b955-a0e142ed1901/f63acc0e-12c5-4b23-a5f9-5cf2ea1394c6.jpeg?h=225&w=225,
253188113,Tesco Lamb Whole Leg Joint,https://www.tesco.com/groceries/en-GB/shop/fresh-food/all?department=Fresh%20Meat%20%26%20Poultry&viewAll=department&page=,£26.00,£13.00/kg,,,/groceries/en-GB/products/253188113,https://digitalcontent.api.tesco.com/v2/media/ghs/e13c1e54-5db9-44a1-9e24-f2e8564c95f8/fa6f37fe-c509-4ec8-ac9a-23191b7b00f4.jpeg?h=225&w=225,
275492600,Tesco Large Beef Roasting Joint With Basting Fat,https://www.tesco.com/groceries/en-GB/shop/fresh-food/all?department=Fresh%20Meat%20%26%20Poultry&viewAll=department&page=,£22.20,£12.00/kg,,,/groceries/en-GB/products/275492600,https://digitalcontent.api.tesco.com/v2/media/ghs/ad95869c-ecee-4042-9223-de6a6aebaf15/41460309-cad0-4c4f-802d-715a4d7c7a9e.jpeg?h=225&w=225,
254269241,Tesco Finest Beef Roasting Joint,https://www.tesco.com/groceries/en-GB/shop/fresh-food/all?department=Fresh%20Meat%20%26%20Poultry&viewAll=department&page=,£21.00,£15.00/kg,,,/groceries/en-GB/products/254269241,https://digitalcontent.api.tesco.com/v2/media/ghs/b2079178-52f8-4e76-a676-bd85566f9a95/7e077382-a018-4d32-9748-2d7040834a21.jpeg?h=225&w=225,
310191045,Tesco Smoked Gammon Joint Bone In,https://www.tesco.com/groceries/en-GB/shop/fresh-food/all?department=Fresh%20Meat%20%26%20Poultry&viewAll=department&page=,£20.00,£5.00/kg,,New,/groceries/en-GB/products/310191045,https://digitalcontent.api.tesco.com/v2/media/ghs/89895c55-b9f3-404d-94f6-f06047d49a66/1126f133-f08f-46fd-bb07-09fbd25f73bc.jpeg?h=225&w=225,
310103261,Tesco Unsmoked Gammon Joint Bone In,https://www.tesco.com/groceries/en-GB/shop/fresh-food/all?department=Fresh%20Meat%20%26%20Poultry&viewAll=department&page=,£20.00,£5.00/kg,,New,/groceries/en-GB/products/310103261,https://digitalcontent.api.tesco.com/v2/media/ghs/b7ae7552-d826-4ff7-8125-6224297ec93c/eae1dd5a-c565-4004-a566-e16c96b9bf15.jpeg?h=225&w=225,
305519669,Tesco Piri Piri Half Chicken 502G,https://www.tesco.com/groceries/en-GB/shop/fresh-food/all?department=Fresh%20Meat%20%26%20Poultry&viewAll=department&page=,£5.00,£9.97/kg,£3.50 Clubcard Price,,/groceries/en-GB/products/305519669,https://digitalcontent.api.tesco.com/v2/media/ghs/d9ba849e-bd5f-4eb3-a082-8045bc450830/39a7f0d3-2cb1-4f05-98e0-536a2023b4a9_1757090166.jpeg?h=225&w=225,
304394718,Tesco Salt & Chilli Chicken Wings 295G,https://www.tesco.com/groceries/en-GB/shop/fresh-food/all?department=Fresh%20Meat%20%26%20Poultry&viewAll=department&page=,£2.80,£9.50/kg,,,/groceries/en-GB/products/304394718,https://digitalcontent.api.tesco.com/v2/media/ghs/ca5bf5d3-bdbb-421b-b772-e6fb2d0789a2/85e4929e-a4df-439e-8d45-76156f94e71c.jpeg?h=225&w=225,
268405255,Gressingham Food Duck Breast Fillets 397G,https://www.tesco.com/groceries/en-GB/shop/fresh-food/all?department=Fresh%20Meat%20%26%20Poultry&viewAll=department&page=,£8.00,£20.16/kg,,,/groceries/en-GB/products/268405255,https://digitalcontent.api.tesco.com/v2/media/ghs/cb345749-8a7f-445e-8a57-8b1aaa6c5333/caa1a0ef-68fc-4484-b42c-23ad0012f3eb.jpeg?h=225&w=225,
305834520,Jolly Hog 6 British Pork Sausages Gluten Free 400G,https://www.tesco.com/groceries/en-GB/shop/fresh-food/all?department=Fresh%20Meat%20%26%20Poultry&viewAll=department&page=,£3.60,£9.00/kg,,,/groceries/en-GB/products/305834520,https://digitalcontent.api.tesco.com/v2/media/ghs/480787ed-37dc-45cd-a85e-2026fd97a439/20bcb791-f90a-4c7f-9a4c-8109ef0249de.jpeg?h=225&w=225,
309188788,Tesco Finest 4 Breakfast Pork Patties 320G,https://www.tesco.com/groceries/en-GB/shop/fresh-food/all?department=Fresh%20Meat%20%26%20Poultry&viewAll=department&page=,£2.85,£8.91/kg,,,/groceries/en-GB/products/309188788,https://digitalcontent.api.tesco.com/v2/media/ghs/b20111bb-fb32-42e6-a859-abaa6ab5cbb0/2c21043b-7599-49dd-b2e0-dff98d6e77f7.jpeg?h=225&w=225,
268500810,Tesco Finest Unsmoked Wiltshire Cure Gammon Steaks 460G,https://www.tesco.com/groceries/en-GB/shop/fresh-food/all?department=Fresh%20Meat%20%26%20Poultry&viewAll=department&page=,£5.20,£11.31/kg,,,/groceries/en-GB/products/268500810,https://digitalcontent.api.tesco.com/v2/media/ghs/93380b13-6615-42b5-b329-6b50aeb5310a/7d91372b-0948-4459-8eb9-3701623038b4.jpeg?h=225&w=225,
299669436,"Tesco Ginger, Lime & Chilli Chicken Breasts 290G",https://www.tesco.com/groceries/en-GB/shop/fresh-food/all?department=Fresh%20Meat%20%26%20Poultry&viewAll=department&page=,£4.20,£14.49/kg,,,/groceries/en-GB/products/299669436,https://digitalcontent.api.tesco.com/v2/media/ghs/d146836e-746d-4aa7-b7d3-4217a05ed900/ab264df7-ec53-4e79-93f0-7e205a446716.jpeg?h=225&w=225,
305975715,Walls 8 Thick Pork Sausages 410G,https://www.tesco.com/groceries/en-GB/shop/fresh-food/all?department=Fresh%20Meat%20%26%20Poultry&viewAll=department&page=,£2.50,£6.10/kg,,,/groceries/en-GB/products/305975715,https://digitalcontent.api.tesco.com/v2/media/ghs/af6c2f6f-074b-465b-bda4-aec7a70b6a7b/7e687225-8dee-4036-b608-2e0647e80b43.jpeg?h=225&w=225,
275158012,Tesco Pork Fillet Medallions 300G,https://www.tesco.com/groceries/en-GB/shop/fresh-food/all?department=Fresh%20Meat%20%26%20Poultry&viewAll=department&page=,£3.00,£10.00/kg,,,/groceries/en-GB/products/275158012,https://digitalcontent.api.tesco.com/v2/media/ghs/66155616-3964-403b-882c-08f4b50545a7/0a9675fc-ef7f-4c7f-a78b-ae7bc15a7dc9.jpeg?h=225&w=225,
272490780,Tesco Finest 4 Vintage Cheddar Burgers 454G,https://www.tesco.com/groceries/en-GB/shop/fresh-food/all?department=Fresh%20Meat%20%26%20Poultry&viewAll=department&page=,£4.00,£8.82/kg,,,/groceries/en-GB/products/272490780,https://digitalcontent.api.tesco.com/v2/media/ghs/2e03ee09-dee9-43d3-9404-5108a462fc41/db33366b-7fad-4ac9-9b60-565dbf77821d.jpeg?h=225&w=225,
263745286,Tesco Finest Pork Fillet,https://www.tesco.com/groceries/en-GB/shop/fresh-food/all?department=Fresh%20Meat%20%26%20Poultry&viewAll=department&page=,£6.65,£13.30/kg,,,/groceries/en-GB/products/263745286,https://digitalcontent.api.tesco.com/v2/media/ghs/298d7a35-6ccf-4e54-9a72-94a146490cc7/dee568f8-9b24-4eca-9d67-5bcb5d0b68bb.jpeg?h=225&w=225,
306954094,Tesco Swedish Style Meatballs 600G,https://www.tesco.com/groceries/en-GB/shop/fresh-food/all?department=Fresh%20Meat%20%26%20Poultry&viewAll=department&page=,£4.70,£7.84/kg,£4.00 Clubcard Price,,/groceries/en-GB/products/306954094,https://digitalcontent.api.tesco.com/v2/media/ghs/86b59f5d-d44e-488e-9476-9a006a9012fd/8319dcbd-50c9-4548-a986-bbd93bf5f140.jpeg?h=225&w=225,
311949502,Tesco Finest 6 Aberdeen Angus Beef Sausages 340G,https://www.tesco.com/groceries/en-GB/shop/fresh-food/all?department=Fresh%20Meat%20%26%20Poultry&viewAll=department&page=,£3.00,£8.83/kg,,,/groceries/en-GB/products/311949502,https://digitalcontent.api.tesco.com/v2/media/ghs/0c3abc03-feb1-41f1-8c58-8c1725f02ae2/918c79d9-e3af-4813-9d2f-97a6c4ba5136.jpeg?h=225&w=225,
299054461,Tesco Finest 6 Smoked Dry Cure Thick Cut Bacon 240G,https://www.tesco.com/groceries/en-GB/shop/fresh-food/all?department=Fresh%20Meat%20%26%20Poultry&viewAll=department&page=,£3.25,£13.55/kg,,,/groceries/en-GB/products/299054461,https://digitalcontent.api.tesco.com/v2/media/ghs/e4308b25-6da3-466b-ac94-c5e6cd177d0a/10f6ad48-e06a-4cc2-86e2-98f7f90d722e.jpeg?h=225&w=225,
292276186,Tesco Turkey Drumstick 700-900G,https://www.tesco.com/groceries/en-GB/shop/fresh-food/all?department=Fresh%20Meat%20%26%20Poultry&viewAll=department&page=,£2.96,£3.70/kg,,,/groceries/en-GB/products/292276186,https://digitalcontent.api.tesco.com/v2/media/ghs/88ba29af-1f8b-40d7-9a5a-b34ab0a4d503/035a4aac-d985-4c21-9f91-bbb76afb4df7.jpeg?h=225&w=225,
273147028,Higland Game Venison Meatballs 300G,https://www.tesco.com/groceries/en-GB/shop/fresh-food/all?department=Fresh%20Meat%20%26%20Poultry&viewAll=department&page=,£2.60,£8.67/kg,£2.00 Clubcard Price,,/groceries/en-GB/products/273147028,https://digitalcontent.api.tesco.com/v2/media/ghs/06e3534a-0d32-4ed3-a2f0-cc0c28c10f1f/3a15b393-4bdd-4705-96cb-d785c17b7252.jpeg?h=225&w=225,
293819690,Tesco Turkey Bone In Thigh Joint 1.25Kg,https://www.tesco.com/groceries/en-GB/shop/fresh-food/all?department=Fresh%20Meat%20%26%20Poultry&viewAll=department&page=,£3.50,£2.80/kg,,,/groceries/en-GB/products/293819690,https://digitalcontent.api.tesco.com/v2/media/ghs/91e5732f-279a-44bd-b6bf-b2a159019f2f/7d5ddd11-fff5-4756-ab1b-366d63e894be.jpeg?h=225&w=225,
309497409,Tesco 2 Lightly Seasoned Lamb Grill Steaks 300G,https://www.tesco.com/groceries/en-GB/shop/fresh-food/all?department=Fresh%20Meat%20%26%20Poultry&viewAll=department&page=,£3.15,£10.50/kg,,,/groceries/en-GB/products/309497409,https://digitalcontent.api.tesco.com/v2/media/ghs/140faeb9-a3ef-4e15-9bfa-85289f90a41e/74233554-c29c-4737-9b50-055687ddf56c.jpeg?h=225&w=225,
258016172,Tesco Lamb Kidneys,https://www.tesco.com/groceries/en-GB/shop/fresh-food/all?department=Fresh%20Meat%20%26%20Poultry&viewAll=department&page=,£2.35,£7.00/kg,,,/groceries/en-GB/products/258016172,https://digitalcontent.api.tesco.com/v2/media/ghs/a1269e2f-bbdb-4833-8881-7ac70868ddde/18234d0c-8ad6-4f17-a638-d4c2573f0bcb.jpeg?h=225&w=225,
256530838,Tesco British Lamb Neck Fillets,https://www.tesco.com/groceries/en-GB/shop/fresh-food/all?department=Fresh%20Meat%20%26%20Poultry&viewAll=department&page=,£6.96,£21.40/kg,,,/groceries/en-GB/products/256530838,https://digitalcontent.api.tesco.com/v2/media/ghs/0cdae40d-df01-40e7-9120-af3b608c64cf/668a985c-0a8f-4be8-aca0-59109bc16f8c.jpeg?h=225&w=225,
260951547,Lamb Whole Shoulder,https://www.tesco.com/groceries/en-GB/shop/fresh-food/all?department=Fresh%20Meat%20%26%20Poultry&viewAll=department&page=,£17.34,£10.20/kg,£8.00 per kg Clubcard Price,,/groceries/en-GB/products/260951547,https://digitalcontent.api.tesco.com/v2/media/ghs/12057451-8415-4a12-aff0-17ae11135d86/8d725217-718a-40fc-bed2-a001d9849db9.jpeg?h=225&w=225,
309489858,Tesco Finest Ultimate Salt Aged Pork Loin Joint,https://www.tesco.com/groceries/en-GB/shop/fresh-food/all?department=Fresh%20Meat%20%26%20Poultry&viewAll=department&page=,£7.31,£7.90/kg,,,/groceries/en-GB/products/309489858,https://digitalcontent.api.tesco.com/v2/media/ghs/2eafbc4c-ffb6-4fdb-84dc-4e5f4e70412f/af3edc7b-49f7-41f7-bb18-2837576d9f8f.jpeg?h=225&w=225,
264710090,Tesco Organic Thighs & Drumsticks 500G,https://www.tesco.com/groceries/en-GB/shop/fresh-food/all?department=Fresh%20Meat%20%26%20Poultry&viewAll=department&page=,£5.75,£11.50/kg,,,/groceries/en-GB/products/264710090,https://digitalcontent.api.tesco.com/v2/media/ghs/32fc9714-76d3-463c-b9c2-b74bf26f4335/61fccbd5-3512-4b34-9327-4e48209076d3.jpeg?h=225&w=225,
290922180,Highland Game Venison Steaks 250G,https://www.tesco.com/groceries/en-GB/shop/fresh-food/all?department=Fresh%20Meat%20%26%20Poultry&viewAll=department&page=,£6.75,£27.00/kg,,,/groceries/en-GB/products/290922180,https://digitalcontent.api.tesco.com/v2/media/ghs/168c268d-3d9e-4217-a7dd-e7493e7d5407/53b3386f-8c76-4eb8-89ca-bc321efac310.jpeg?h=225&w=225,
275152254,Gressingham Aromatic Half Duck 570G,https://www.tesco.com/groceries/en-GB/shop/fresh-food/all?department=Fresh%20Meat%20%26%20Poultry&viewAll=department&page=,£8.30,£14.57/kg,,,/groceries/en-GB/products/275152254,https://digitalcontent.api.tesco.com/v2/media/ghs/38e182bd-b778-4151-9824-1a59b8cda870/78e9edce-3b34-4666-8ce8-02359acbb6ab.jpeg?h=225&w=225,
264517601,Riverway 12 Traditional Pork Sausages 681G,https://www.tesco.com/groceries/en-GB/shop/fresh-food/all?department=Fresh%20Meat%20%26%20Poultry&viewAll=department&page=,£4.20,£6.17/kg,,,/groceries/en-GB/products/264517601,https://digitalcontent.api.tesco.com/v2/media/ghs/0bcc420b-5cf9-4508-86ea-c19a1af78141/73c0368d-94bc-443e-8e9b-5396c9ac2d4a.jpeg?h=225&w=225,
309489599,Tesco Finest Madeira & Creamy Mushroom Chicken Kiev 385G,https://www.tesco.com/groceries/en-GB/shop/fresh-food/all?department=Fresh%20Meat%20%26%20Poultry&viewAll=department&page=,£4.80,£12.47/kg,,,/groceries/en-GB/products/309489599,https://digitalcontent.api.tesco.com/v2/media/ghs/dda50d90-e822-4a1b-b684-c07a6fbcfb02/85185929-11ce-4bd5-a1b6-a4bdb37b1441.jpeg?h=225&w=225,
279993433,Tesco Finest 6 Pork & Leek Sausages 400G,https://www.tesco.com/groceries/en-GB/shop/fresh-food/all?department=Fresh%20Meat%20%26%20Poultry&viewAll=department&page=,£3.00,£7.50/kg,,,/groceries/en-GB/products/279993433,https://digitalcontent.api.tesco.com/v2/media/ghs/fdb4f266-d99b-406f-ba0d-70d9d6ca051d/cb9a4bfd-9631-4555-8e40-9ad36cc5a80a.jpeg?h=225&w=225,
304378427,Tesco Hunters Gammon Steaks 345G,https://www.tesco.com/groceries/en-GB/shop/fresh-food/all?department=Fresh%20Meat%20%26%20Poultry&viewAll=department&page=,£4.00,£11.60/kg,,,/groceries/en-GB/products/304378427,https://digitalcontent.api.tesco.com/v2/media/ghs/aec2b87b-3415-47f3-b9a0-2b3ff3df110b/3dc64bca-c79b-464c-845a-6d392ff1eda0.jpeg?h=225&w=225,
309750179,Tesco 2 Gammon Steaks With Rarebit Cheese Melt 300G,https://www.tesco.com/groceries/en-GB/shop/fresh-food/all?department=Fresh%20Meat%20%26%20Poultry&viewAll=department&page=,£3.50,£11.67/kg,,,/groceries/en-GB/products/309750179,https://digitalcontent.api.tesco.com/v2/media/ghs/54321808-adcb-48b7-8092-ab80e8659d6a/e3e343ad-1cc7-401e-864b-47c43a1b35a6.jpeg?h=225&w=225,
266514428,Tesco 2 Chicken Breast With Garlic Mushrooms 375G,https://www.tesco.com/groceries/en-GB/shop/fresh-food/all?department=Fresh%20Meat%20%26%20Poultry&viewAll=department&page=,£4.00,£10.67/kg,£3.50 Clubcard Price,,/groceries/en-GB/products/266514428,https://digitalcontent.api.tesco.com/v2/media/ghs/49107372-b2f8-4204-8f92-462415f6fbe4/snapshotimagehandler_1082293252.jpeg?h=225&w=225,
299957026,Tesco Katsu Chicken Breast Fillets 380G,https://www.tesco.com/groceries/en-GB/shop/fresh-food/all?department=Fresh%20Meat%20%26%20Poultry&viewAll=department&page=,£4.00,£10.53/kg,£3.50 Clubcard Price,,/groceries/en-GB/products/299957026,https://digitalcontent.api.tesco.com/v2/media/ghs/30799f8e-82c1-41e2-b70d-bb3d00bb917f/ebf8db9a-447f-4969-942a-35da1c08cd05.jpeg?h=225&w=225,
301745279,Tesco Bbq Pork Riblets 300G,https://www.tesco.com/groceries/en-GB/shop/fresh-food/all?department=Fresh%20Meat%20%26%20Poultry&viewAll=department&page=,£3.50,£11.67/kg,£2.75 Clubcard Price,,/groceries/en-GB/products/301745279,https://digitalcontent.api.tesco.com/v2/media/ghs/e3a868d9-40b4-4309-aa96-674825b1c800/069778a5-b1da-45e3-b0db-779c63814fcf.jpeg?h=225&w=225,
266306623,Tesco Piri Piri Spatchcock Chicken 1.20Kg,https://www.tesco.com/groceries/en-GB/shop/fresh-food/all?department=Fresh%20Meat%20%26%20Poultry&viewAll=department&page=,£5.25,£4.38/kg,,,/groceries/en-GB/products/266306623,https://digitalcontent.api.tesco.com/v2/media/ghs/cbe7dfe6-8fb6-419f-938a-c3ff840a0fc9/f7c9ac91-f193-42af-b0e6-899647b49839.jpeg?h=225&w=225,
284539591,Tesco Finest Rump Joint Cornish Sea Salt & Pepper 500G,https://www.tesco.com/groceries/en-GB/shop/fresh-food/all?department=Fresh%20Meat%20%26%20Poultry&viewAll=department&page=,£8.30,£16.60/kg,,,/groceries/en-GB/products/284539591,https://digitalcontent.api.tesco.com/v2/media/ghs/12756d3e-bff9-4993-8548-8f466231a30c/f38f3eed-9a6e-4cff-bda8-655eb499f37f.jpeg?h=225&w=225,
312361256,Tesco 4 British Turkey Burgers 454G,https://www.tesco.com/groceries/en-GB/shop/fresh-food/all?department=Fresh%20Meat%20%26%20Poultry&viewAll=department&page=,£3.20,£7.05/kg,,,/groceries/en-GB/products/312361256,https://digitalcontent.api.tesco.com/v2/media/ghs/c5415ddd-40ec-4d52-a36d-c8c9d1e4ba46/79c3ea69-372d-49c4-9df8-b2aaab98f5f0.jpeg?h=225&w=225,
274833833,Simon Howie Premium Pork Sausages 300G,https://www.tesco.com/groceries/en-GB/shop/fresh-food/all?department=Fresh%20Meat%20%26%20Poultry&viewAll=department&page=,£2.00,£6.67/kg,,,/groceries/en-GB/products/274833833,https://digitalcontent.api.tesco.com/v2/media/ghs/d800041c-59a0-4373-9d88-65aabd261d70/c6682e1d-0def-4afe-b772-9fb2cfd446bf.jpeg?h=225&w=225,
309497376,Tesco Meat & Vegetable 5% Fat Chicken Mince 500G,https://www.tesco.com/groceries/en-GB/shop/fresh-food/all?department=Fresh%20Meat%20%26%20Poultry&viewAll=department&page=,£2.00,£4.00/kg,,,/groceries/en-GB/products/309497376,https://digitalcontent.api.tesco.com/v2/media/ghs/557f82e5-2c15-4c4d-8cd2-f7208ea71171/825161b6-04c0-41a8-8809-9c51c3a635e2.jpeg?h=225&w=225,
306802073,Tesco 2 Beef Grill Steaks 300G,https://www.tesco.com/groceries/en-GB/shop/fresh-food/all?department=Fresh%20Meat%20%26%20Poultry&viewAll=department&page=,£2.20,£7.34/kg,,,/groceries/en-GB/products/306802073,https://digitalcontent.api.tesco.com/v2/media/ghs/eef2735e-c1c6-470d-81ac-de419602ca9a/c507e7a7-23c5-4919-ae35-f157a2955483.jpeg?h=225&w=225,
275457021,Tesco Turkey Thigh Mince 7% Fat 500G,https://www.tesco.com/groceries/en-GB/shop/fresh-food/all?department=Fresh%20Meat%20%26%20Poultry&viewAll=department&page=,£2.80,£5.60/kg,,,/groceries/en-GB/products/275457021,https://digitalcontent.api.tesco.com/v2/media/ghs/48d46192-4b82-452e-a06b-f0350e6b9943/86584982-b838-43da-a794-22c57f93fe3c.jpeg?h=225&w=225,
309494949,Tesco Finest Thick Cut Ribeye Steak 350G,https://www.tesco.com/groceries/en-GB/shop/fresh-food/all?department=Fresh%20Meat%20%26%20Poultry&viewAll=department&page=,£8.75,£25.00/kg,,,/groceries/en-GB/products/309494949,https://digitalcontent.api.tesco.com/v2/media/ghs/0f2b75f9-9d0f-4a45-8b6a-ea5e195a197b/e9710eff-6ee4-4831-b744-d413012ccfe4.jpeg?h=225&w=225,
252505933,Tesco Org Beef Roasting Joint,https://www.tesco.com/groceries/en-GB/shop/fresh-food/all?department=Fresh%20Meat%20%26%20Poultry&viewAll=department&page=,£14.00,£14.00/kg,,,/groceries/en-GB/products/252505933,https://digitalcontent.api.tesco.com/v2/media/ghs/259f487d-5d98-48db-897e-678b98f15080/b28dc39a-c39c-4d0e-a4b1-8941bb0e579f.jpeg?h=225&w=225,
294214453,Tesco Finest Unsmoked Wiltshire Gammon Small,https://www.tesco.com/groceries/en-GB/shop/fresh-food/all?department=Fresh%20Meat%20%26%20Poultry&viewAll=department&page=,£9.00,£9.00/kg,,,/groceries/en-GB/products/294214453,https://digitalcontent.api.tesco.com/v2/media/ghs/d83a7513-1fbb-4e0c-bc79-197b23440bc1/0d0174d6-d789-4d9b-8183-77e2f87e9216.jpeg?h=225&w=225,
309461165,Tesco Finest Slow Cooked Beef Bourguignon 540G,https://www.tesco.com/groceries/en-GB/shop/fresh-food/all?department=Fresh%20Meat%20%26%20Poultry&viewAll=department&page=,£6.50,£12.04/kg,£5.50 Clubcard Price,,/groceries/en-GB/products/309461165,https://digitalcontent.api.tesco.com/v2/media/ghs/1cb3cbb8-728b-4aad-b80a-69fe9d3516da/a0b16008-47fa-4ecc-bb5c-7a1672e71ea4_1818253646.jpeg?h=225&w=225,
308081921,Tesco Organic Lamb Chops 300G,https://www.tesco.com/groceries/en-GB/shop/fresh-food/all?department=Fresh%20Meat%20%26%20Poultry&viewAll=department&page=,£5.50,£18.34/kg,,,/groceries/en-GB/products/308081921,https://digitalcontent.api.tesco.com/v2/media/ghs/006a629c-5743-40f0-b8ce-f953f117d0c2/812efe16-1084-4694-8601-0f3aef85dce7.jpeg?h=225&w=225,
266804039,Gressingham Spatchcock Poussin 450G,https://www.tesco.com/groceries/en-GB/shop/fresh-food/all?department=Fresh%20Meat%20%26%20Poultry&viewAll=department&page=,£4.00,£8.89/kg,,,/groceries/en-GB/products/266804039,https://digitalcontent.api.tesco.com/v2/media/ghs/984c357b-2d61-44fc-acd0-dc2a0fcae4e4/386368ff-f7d6-44d2-b1bb-0cfc1a5a0d03.jpeg?h=225&w=225,
309779734,Tesco 2 Gammon Steaks With Pea Mint Sauce 300G,https://www.tesco.com/groceries/en-GB/shop/fresh-food/all?department=Fresh%20Meat%20%26%20Poultry&viewAll=department&page=,£3.50,£11.67/kg,,,/groceries/en-GB/products/309779734,https://digitalcontent.api.tesco.com/v2/media/ghs/967c4ec9-e504-47ae-a684-e81dae5d4e8a/9039282e-910a-45ae-9b27-162b331788ac.jpeg?h=225&w=225,
309489759,Tesco Maple & & Bourbon Pork Belly Slices 400G,https://www.tesco.com/groceries/en-GB/shop/fresh-food/all?department=Fresh%20Meat%20%26%20Poultry&viewAll=department&page=,£4.50,£11.25/kg,,,/groceries/en-GB/products/309489759,https://digitalcontent.api.tesco.com/v2/media/ghs/dfe35700-1928-42b0-b015-4dc54aeb3486/cf5e0467-db97-47b0-91e1-89011ce91116.jpeg?h=225&w=225,
306812320,Tesco Finest Sirloin Steak With Garlic & Onion Butter 220G,https://www.tesco.com/groceries/en-GB/shop/fresh-food/all?department=Fresh%20Meat%20%26%20Poultry&viewAll=department&page=,£6.00,£27.28/kg,,,/groceries/en-GB/products/306812320,https://digitalcontent.api.tesco.com/v2/media/ghs/acd35702-1b21-4b67-9468-f2e75ad02b21/e372a28d-9300-4d7b-a026-b71843ba457d.jpeg?h=225&w=225,
308477511,Tesco Room To Roam British Chicken Drumsticks 1Kg,https://www.tesco.com/groceries/en-GB/shop/fresh-food/all?department=Fresh%20Meat%20%26%20Poultry&viewAll=department&page=,£3.40,£3.40/kg,,,/groceries/en-GB/products/308477511,https://digitalcontent.api.tesco.com/v2/media/ghs/60ae4412-bf50-4f81-bd4e-aede86594ca0/d6a1f686-9158-4ae8-aa67-405038b0ba41.jpeg?h=225&w=225,
268500846,Tesco Finest Smoked Wiltshire Cure Gammon Steaks 460G,https://www.tesco.com/groceries/en-GB/shop/fresh-food/all?department=Fresh%20Meat%20%26%20Poultry&viewAll=department&page=,£5.20,£11.31/kg,,,/groceries/en-GB/products/268500846,https://digitalcontent.api.tesco.com/v2/media/ghs/31554d4d-2990-484d-b713-1f07fda5aff1/ff25736a-efbb-4034-b097-5d47ea57ec75.jpeg?h=225&w=225,
309189390,Tesco American Inspired Loaded Chicken Wings 735G,https://www.tesco.com/groceries/en-GB/shop/fresh-food/all?department=Fresh%20Meat%20%26%20Poultry&viewAll=department&page=,£4.70,£6.40/kg DR.WT,,,/groceries/en-GB/products/309189390,https://digitalcontent.api.tesco.com/v2/media/ghs/a04eb22d-d475-4095-8afb-2321f6158018/26d26b4b-4911-4239-bf17-d5f25753b145.jpeg?h=225&w=225,
312835819,Simply Chicken Tenders 300G,https://www.tesco.com/groceries/en-GB/shop/fresh-food/all?department=Fresh%20Meat%20%26%20Poultry&viewAll=department&page=,£3.50,£11.67/kg,,,/groceries/en-GB/products/312835819,https://digitalcontent.api.tesco.com/v2/media/ghs/cfd1dd3d-d5fb-4814-b287-a1078b791ba3/5a68c254-4b0b-4d1c-bd09-8953c65c89db.jpeg?h=225&w=225,
312834423,Prephouse White Wine & Mushroom Sauce 250G,https://www.tesco.com/groceries/en-GB/shop/fresh-food/all?department=Fresh%20Meat%20%26%20Poultry&viewAll=department&page=,£2.00,£0.80/100g,,,/groceries/en-GB/products/312834423,https://digitalcontent.api.tesco.com/v2/media/ghs/4b3c67ca-0e3b-4322-88ac-90efbe382cdc/snapshotimagehandler_1172661881.jpeg?h=225&w=225,
312097767,The Jolly Hog Bbq Pulled Pork 376G,https://www.tesco.com/groceries/en-GB/shop/fresh-food/all?department=Fresh%20Meat%20%26%20Poultry&viewAll=department&page=,£5.50,£14.63/kg,,,/groceries/en-GB/products/312097767,https://digitalcontent.api.tesco.com/v2/media/ghs/e8ad725a-0778-4d0d-adea-393b7413f93c/9dfb9519-8b89-48d4-9f0e-fcfa12a3f1fc.jpeg?h=225&w=225,
284026408,Grants Traditional Smoked Scottish Salmon 300G,https://www.tesco.com/groceries/en-GB/shop/fresh-food/all?department=Chilled%20Fish%20%26%20Seafood&viewAll=department&page=,£8.60,£2.87/100g,,,/groceries/en-GB/products/284026408,https://digitalcontent.api.tesco.com/v2/media/ghs/b9b8a4db-5990-4003-ba87-f22318c57d51/e7049f1d-a6dd-4164-a04d-85248154333f.jpeg?h=225&w=225,
304377492,Tesco Fish Pie Mix 340G,https://www.tesco.com/groceries/en-GB/shop/fresh-food/all?department=Chilled%20Fish%20%26%20Seafood&viewAll=department&page=,£4.30,£12.65/kg,,,/groceries/en-GB/products/304377492,https://digitalcontent.api.tesco.com/v2/media/ghs/872b88a7-855b-4dfb-9704-8aaa3c9a509f/015ab4f0-a688-4339-b745-ce506d359bc9.jpeg?h=225&w=225,
294007848,Tesco Finest Raw Jumbo King Prawns 165G,https://www.tesco.com/groceries/en-GB/shop/fresh-food/all?department=Chilled%20Fish%20%26%20Seafood&viewAll=department&page=,£4.00,£24.25/kg,,,/groceries/en-GB/products/294007848,https://digitalcontent.api.tesco.com/v2/media/ghs/e67a39a9-164c-4588-85de-ea2b85e74a01/1e5e97e3-e833-422b-bcb0-ab76c3497af6.jpeg?h=225&w=225,
301795306,Tesco Finest Cooked Jumbo King Prawns 150G,https://www.tesco.com/groceries/en-GB/shop/fresh-food/all?department=Chilled%20Fish%20%26%20Seafood&viewAll=department&page=,£4.00,£26.67/kg,,,/groceries/en-GB/products/301795306,https://digitalcontent.api.tesco.com/v2/media/ghs/74a80d14-0157-43f7-8331-d5ec488649be/bc3a3be7-9b94-4cd3-909c-0b12847cf40d.jpeg?h=225&w=225,
281693371,Tesco Steamed Salmon Fillets 180G,https://www.tesco.com/groceries/en-GB/shop/fresh-food/all?department=Chilled%20Fish%20%26%20Seafood&viewAll=department&page=,£5.00,£2.78/100g,,,/groceries/en-GB/products/281693371,https://digitalcontent.api.tesco.com/v2/media/ghs/aa57e815-3372-4474-addf-83f5809e373c/51b798c2-4867-421f-bf9b-294bdae16cf6.jpeg?h=225&w=225,
271284352,Tesco Battered Haddock Goujons 200G,https://www.tesco.com/groceries/en-GB/shop/fresh-food/all?department=Chilled%20Fish%20%26%20Seafood&viewAll=department&page=,£3.20,£16.00/kg,,,/groceries/en-GB/products/271284352,https://digitalcontent.api.tesco.com/v2/media/ghs/ac6a7fb5-31a1-4671-b194-64b5c6c900d6/dcda6361-4df3-4881-8f4b-f992e0cd49c6.jpeg?h=225&w=225,
291818567,Tesco Finest 2 Cod & Parsley Fishcakes 290G,https://www.tesco.com/groceries/en-GB/shop/fresh-food/all?department=Chilled%20Fish%20%26%20Seafood&viewAll=department&page=,£2.75,£9.49/kg,,,/groceries/en-GB/products/291818567,https://digitalcontent.api.tesco.com/v2/media/ghs/69bfc6e5-0612-4b03-af12-1e9c733ae372/ccf8253c-f621-4912-9e5d-aa378d5ec33e.jpeg?h=225&w=225,
294070408,Tesco Raw King Prawns 165G,https://www.tesco.com/groceries/en-GB/shop/fresh-food/all?department=Chilled%20Fish%20%26%20Seafood&viewAll=department&page=,£3.25,£19.70/kg,,,/groceries/en-GB/products/294070408,https://digitalcontent.api.tesco.com/v2/media/ghs/21500cbf-28ea-4004-9885-8382705619d4/a03f3609-9f56-421d-ba84-6f6f231e1f3e.jpeg?h=225&w=225,
291817879,Tesco Finest 2 Salmon Spinach & Lemon Fishcakes 290G,https://www.tesco.com/groceries/en-GB/shop/fresh-food/all?department=Chilled%20Fish%20%26%20Seafood&viewAll=department&page=,£2.75,£9.49/kg,,,/groceries/en-GB/products/291817879,https://digitalcontent.api.tesco.com/v2/media/ghs/7b926b0c-02e3-49d2-96e0-777c1cd407f1/aa1974f3-c56a-42d1-994d-511a06f7ef2b.jpeg?h=225&w=225,
289820635,Tesco Boneless Smoked Haddock 280G,https://www.tesco.com/groceries/en-GB/shop/fresh-food/all?department=Chilled%20Fish%20%26%20Seafood&viewAll=department&page=,£5.60,£20.00/kg,,,/groceries/en-GB/products/289820635,https://digitalcontent.api.tesco.com/v2/media/ghs/0725c878-5424-4037-a4e6-cab31d9fffd4/77c9f782-aa71-4635-819c-79036d2bd716.jpeg?h=225&w=225,
299598583,Tesco Finest 2 Cod & Chorizo Fishcakes 290G,https://www.tesco.com/groceries/en-GB/shop/fresh-food/all?department=Chilled%20Fish%20%26%20Seafood&viewAll=department&page=,£2.75,£0.95/100g,,,/groceries/en-GB/products/299598583,https://digitalcontent.api.tesco.com/v2/media/ghs/00f294ae-4e7f-4227-9c65-6ec612b2fbb4/95ffbefe-c696-4d71-abcf-06b43fda1c33.jpeg?h=225&w=225,
291844640,Tesco Finest 2 Smoked Haddock Fishcakes 290G,https://www.tesco.com/groceries/en-GB/shop/fresh-food/all?department=Chilled%20Fish%20%26%20Seafood&viewAll=department&page=,£2.75,£0.95/100g,,,/groceries/en-GB/products/291844640,https://digitalcontent.api.tesco.com/v2/media/ghs/08fb53ae-3f6e-4fd2-9280-96722cdd0fee/1dc2b962-ccee-4ff6-8ed6-0e09cd57a272.jpeg?h=225&w=225,
310130222,Tesco 2 Skinless Smoked Basa Fillets 240G,https://www.tesco.com/groceries/en-GB/shop/fresh-food/all?department=Chilled%20Fish%20%26%20Seafood&viewAll=department&page=,£2.75,£11.46/kg,,,/groceries/en-GB/products/310130222,https://digitalcontent.api.tesco.com/v2/media/ghs/0cdaa328-2845-4570-b2de-df529b2a6d23/606fc849-5a7b-4331-a0e3-65d9b650f0c5.jpeg?h=225&w=225,
281693820,2 Sweet Chilli Hot Smoked Salmon Fillets 180G,https://www.tesco.com/groceries/en-GB/shop/fresh-food/all?department=Chilled%20Fish%20%26%20Seafood&viewAll=department&page=,£5.00,£2.78/100g,,,/groceries/en-GB/products/281693820,https://digitalcontent.api.tesco.com/v2/media/ghs/1f787daf-1517-476d-a685-3fd9b6ee550a/761f351c-f845-4a24-8c65-52d6f1b0d091.jpeg?h=225&w=225,
289553663,Tesco Lightly Dusted Haddock Fillets 255G,https://www.tesco.com/groceries/en-GB/shop/fresh-food/all?department=Chilled%20Fish%20%26%20Seafood&viewAll=department&page=,£3.75,£14.71/kg,£3.25 Clubcard Price,,/groceries/en-GB/products/289553663,https://digitalcontent.api.tesco.com/v2/media/ghs/e1639be8-a9fe-4613-8bc2-63b8efadd365/39813bf7-8cb7-449d-81b6-312cf3dec0cc.jpeg?h=225&w=225,
289553605,Tesco Lightly Dusted Cod Fillets 255G,https://www.tesco.com/groceries/en-GB/shop/fresh-food/all?department=Chilled%20Fish%20%26%20Seafood&viewAll=department&page=,£3.75,£14.71/kg,,,/groceries/en-GB/products/289553605,https://digitalcontent.api.tesco.com/v2/media/ghs/eda614af-9660-47b7-a7f6-318c41749037/b1a3aa7b-3032-4a8a-bbee-7863ef136146.jpeg?h=225&w=225,
262220920,Tesco Prawn Cocktail 170G,https://www.tesco.com/groceries/en-GB/shop/fresh-food/all?department=Chilled%20Fish%20%26%20Seafood&viewAll=department&page=,£2.20,£1.30/100g,,,/groceries/en-GB/products/262220920,https://digitalcontent.api.tesco.com/v2/media/ghs/29c404f7-727e-4c12-bf1d-e3b7623582c3/109ecca4-457b-412c-9b6d-2788184a0de9.jpeg?h=225&w=225,
303226327,Tesco Finest Scottish Salmon Fillets 240G,https://www.tesco.com/groceries/en-GB/shop/fresh-food/all?department=Chilled%20Fish%20%26%20Seafood&viewAll=department&page=,£4.90,£20.42/kg,,,/groceries/en-GB/products/303226327,https://digitalcontent.api.tesco.com/v2/media/ghs/20279572-ecdb-4b31-be21-9ee012cdc8f4/2b173cce-f87b-426e-a822-10e6d8b206d3.jpeg?h=225&w=225,
289708202,Tesco Battered Cod Fillet Bites 200G,https://www.tesco.com/groceries/en-GB/shop/fresh-food/all?department=Chilled%20Fish%20%26%20Seafood&viewAll=department&page=,£2.50,£12.50/kg,,,/groceries/en-GB/products/289708202,https://digitalcontent.api.tesco.com/v2/media/ghs/b7ad6c2b-cf87-4a94-b9d1-45feb04df83b/e94cf51d-3127-4f84-9542-afc400c2dbfb.jpeg?h=225&w=225,
306934596,Seachill Cooked& Peeled King Prawns 150G,https://www.tesco.com/groceries/en-GB/shop/fresh-food/all?department=Chilled%20Fish%20%26%20Seafood&viewAll=department&page=,£2.49,£1.66/100g,Aldi Price Match,,/groceries/en-GB/products/306934596,https://digitalcontent.api.tesco.com/v2/media/ghs/3be45aef-9600-408c-9387-427db73c5944/6b6e8951-12c7-4de4-9912-83299931af3b.jpeg?h=225&w=225,
305436565,Tesco Smoked Salmon Slices 180G,https://www.tesco.com/groceries/en-GB/shop/fresh-food/all?department=Chilled%20Fish%20%26%20Seafood&viewAll=department&page=,£5.50,£3.06/100g,£5.00 Clubcard Price,,/groceries/en-GB/products/305436565,https://digitalcontent.api.tesco.com/v2/media/ghs/113f3d81-1698-44e2-9a46-bfa37a212f45/f6815bb3-0376-4801-b339-171df61a4ed8.jpeg?h=225&w=225,
301795289,Tesco Cold Water Prawns 150G,https://www.tesco.com/groceries/en-GB/shop/fresh-food/all?department=Chilled%20Fish%20%26%20Seafood&viewAll=department&page=,£2.75,£18.34/kg,,,/groceries/en-GB/products/301795289,https://digitalcontent.api.tesco.com/v2/media/ghs/eb0c018c-c09d-4476-854e-e60b405403c4/1e674fa7-e21a-44a8-b319-2add910baaf4.jpeg?h=225&w=225,
291914234,Scottish Monarch Smoked Scottish Salmon 90G,https://www.tesco.com/groceries/en-GB/shop/fresh-food/all?department=Chilled%20Fish%20%26%20Seafood&viewAll=department&page=,£2.30,£2.56/100g,,,/groceries/en-GB/products/291914234,https://digitalcontent.api.tesco.com/v2/media/ghs/b322a806-0c37-40f7-ab1d-ecffe9c7445b/3722ce9f-5e3f-4328-8494-ddb7b0709fe1.jpeg?h=225&w=225,
304381123,Tesco 2 Breaded Cod Fillets 300G,https://www.tesco.com/groceries/en-GB/shop/fresh-food/all?department=Chilled%20Fish%20%26%20Seafood&viewAll=department&page=,£2.80,£9.34/kg,,,/groceries/en-GB/products/304381123,https://digitalcontent.api.tesco.com/v2/media/ghs/9085b92d-7ba2-4af7-b0dd-a48142ac5b5e/ccb8c433-fcf9-4a86-b91c-4063023d4b87.jpeg?h=225&w=225,
310150394,Tesco 2 Skinless & Boneless Basa Fillets 250G,https://www.tesco.com/groceries/en-GB/shop/fresh-food/all?department=Chilled%20Fish%20%26%20Seafood&viewAll=department&page=,£2.75,£11.00/kg,£2.25 Clubcard Price,,/groceries/en-GB/products/310150394,https://digitalcontent.api.tesco.com/v2/media/ghs/969ef98e-e732-4276-917c-d1858b2e9147/c044983d-f49b-4760-a5e3-c11b5ca15a8c.jpeg?h=225&w=225,
301882762,Tesco Smoked Salmon 120G,https://www.tesco.com/groceries/en-GB/shop/fresh-food/all?department=Chilled%20Fish%20%26%20Seafood&viewAll=department&page=,£3.75,£3.13/100g,,,/groceries/en-GB/products/301882762,https://digitalcontent.api.tesco.com/v2/media/ghs/53944454-e44f-40e3-8623-3a6a539b0814/a6231209-1a41-415b-835b-afb0060c0b14.jpeg?h=225&w=225,
310127031,Mowi 2 Scottish Salmon Fillets 230G,https://www.tesco.com/groceries/en-GB/shop/fresh-food/all?department=Chilled%20Fish%20%26%20Seafood&viewAll=department&page=,£5.00,£21.74/kg,,,/groceries/en-GB/products/310127031,https://digitalcontent.api.tesco.com/v2/media/ghs/9e0e84e7-2ab4-4018-9ee3-b16115f5794e/a09bdddd-97c2-438a-8500-21f78641cb99.jpeg?h=225&w=225,
271523387,Tesco Breaded Chunky Cod Fillets 350G,https://www.tesco.com/groceries/en-GB/shop/fresh-food/all?department=Chilled%20Fish%20%26%20Seafood&viewAll=department&page=,£3.80,£10.86/kg,,,/groceries/en-GB/products/271523387,https://digitalcontent.api.tesco.com/v2/media/ghs/ec7812ab-c5ba-4462-8b89-c74033150376/2a8e5bf4-5b21-4e6e-be29-2a7d135eb183.jpeg?h=225&w=225,
296920881,Tesco 2 Boneless Salmon Fillets 260G,https://www.tesco.com/groceries/en-GB/shop/fresh-food/all?department=Chilled%20Fish%20%26%20Seafood&viewAll=department&page=,£4.15,£15.97/kg,,,/groceries/en-GB/products/296920881,https://digitalcontent.api.tesco.com/v2/media/ghs/e32500fb-1a84-43fb-98ec-855d6d5a8e99/ca0eb43e-f652-4f03-9148-b9d5688f624d.jpeg?h=225&w=225,
277160996,Tesco Boneless Salmon Half Side 500 G,https://www.tesco.com/groceries/en-GB/shop/fresh-food/all?department=Chilled%20Fish%20%26%20Seafood&viewAll=department&page=,£8.00,£16.00/kg,£7.00 Clubcard Price,,/groceries/en-GB/products/277160996,https://digitalcontent.api.tesco.com/v2/media/ghs/53bf9691-189b-4caa-bdfe-96b224d5e3e7/321c2649-1643-4734-82d0-7c13330356a9.jpeg?h=225&w=225,
303270573,Tesco Finest Skinless & Boneless Cod Loins 280G,https://www.tesco.com/groceries/en-GB/shop/fresh-food/all?department=Chilled%20Fish%20%26%20Seafood&viewAll=department&page=,£5.60,£20.00/kg,,,/groceries/en-GB/products/303270573,https://digitalcontent.api.tesco.com/v2/media/ghs/e7fdb111-481f-4fe5-a8a2-567fcebb077d/2ac78e72-5a53-4988-847c-0f13b6289bf6.jpeg?h=225&w=225,
301882727,Tesco Smoked Salmon 60G,https://www.tesco.com/groceries/en-GB/shop/fresh-food/all?department=Chilled%20Fish%20%26%20Seafood&viewAll=department&page=,£2.20,£3.67/100g,,,/groceries/en-GB/products/301882727,https://digitalcontent.api.tesco.com/v2/media/ghs/228af112-47a5-4894-bc30-9ee69e090f56/b8989bbe-9b38-43bd-bb92-6c8395676531.jpeg?h=225&w=225,
271529162,Tesco 2 Breaded Chunky Haddock Fillets 350G,https://www.tesco.com/groceries/en-GB/shop/fresh-food/all?department=Chilled%20Fish%20%26%20Seafood&viewAll=department&page=,£3.80,£10.86/kg,£3.25 Clubcard Price,,/groceries/en-GB/products/271529162,https://digitalcontent.api.tesco.com/v2/media/ghs/fad52be0-7317-483c-89da-ede109649885/f701d08f-a186-4100-87f0-d11d121c8578.jpeg?h=225&w=225,
291845420,Tesco 2 Cod Fishcakes 270G,https://www.tesco.com/groceries/en-GB/shop/fresh-food/all?department=Chilled%20Fish%20%26%20Seafood&viewAll=department&page=,£1.70,£6.30/kg,,,/groceries/en-GB/products/291845420,https://digitalcontent.api.tesco.com/v2/media/ghs/990edf70-5df5-4b15-b64d-ce0c8d7b624c/08eabe98-0148-4769-8db7-9b5174ba003b.jpeg?h=225&w=225,
294007606,Tesco Cooked & Peeled King Prawns 150G,https://www.tesco.com/groceries/en-GB/shop/fresh-food/all?department=Chilled%20Fish%20%26%20Seafood&viewAll=department&page=,£3.00,£2.00/100g,£2.50 Clubcard Price,,/groceries/en-GB/products/294007606,https://digitalcontent.api.tesco.com/v2/media/ghs/ee3890e5-8480-4947-9139-3aefa41e2358/f5ff4069-3d27-4bf3-8dc0-90cdc733a4d6.jpeg?h=225&w=225,
297186912,Tesco Boneless Salmon Fillet 130G,https://www.tesco.com/groceries/en-GB/shop/fresh-food/all?department=Chilled%20Fish%20%26%20Seafood&viewAll=department&page=,£2.30,£17.70/kg,,,/groceries/en-GB/products/297186912,https://digitalcontent.api.tesco.com/v2/media/ghs/3b652300-ced2-4f7d-a618-11d0a32af91a/aeadfe9c-2c08-4289-87bc-a873214b4da7.jpeg?h=225&w=225,
292916835,Tesco 2 Boneless Cod Fillets 280G,https://www.tesco.com/groceries/en-GB/shop/fresh-food/all?department=Chilled%20Fish%20%26%20Seafood&viewAll=department&page=,£4.75,£16.97/kg,,,/groceries/en-GB/products/292916835,https://digitalcontent.api.tesco.com/v2/media/ghs/4256610f-f7b1-4ce8-ad57-22ef873710b8/3e11b1bd-b4ae-4e2c-b8f6-eb3673e8b138.jpeg?h=225&w=225,
307159688,Seachill Cooked& Peeled Cold Water Prawns 150G,https://www.tesco.com/groceries/en-GB/shop/fresh-food/all?department=Chilled%20Fish%20%26%20Seafood&viewAll=department&page=,£1.85,£1.24/100g,Aldi Price Match,,/groceries/en-GB/products/307159688,https://digitalcontent.api.tesco.com/v2/media/ghs/12731ac6-2d08-49da-b0c2-995be3931cd5/158ea7ec-dfeb-4bb2-9daa-3dd70931cf1a.jpeg?h=225&w=225,
250211805,Tesco 16 Seafood Sticks 250G,https://www.tesco.com/groceries/en-GB/shop/fresh-food/all?department=Chilled%20Fish%20%26%20Seafood&viewAll=department&page=,£1.20,£0.48/100g,,,/groceries/en-GB/products/250211805,https://digitalcontent.api.tesco.com/v2/media/ghs/cc572ce5-23dd-45c6-b418-fca35b878557/dc66f1e0-5f57-4fc8-867e-490a267663de.jpeg?h=225&w=225,
255969252,Tesco Smoked Kippers With Butter,https://www.tesco.com/groceries/en-GB/shop/fresh-food/all?department=Chilled%20Fish%20%26%20Seafood&viewAll=department&page=,£1.37,£6.50/kg,£5.50 per kg Clubcard Price,,/groceries/en-GB/products/255969252,https://digitalcontent.api.tesco.com/v2/media/ghs/b3b905d9-b94c-4b01-81e9-4659204610d4/1f08e285-0ebc-485d-87b0-303fbe11e676.jpeg?h=225&w=225,
251631139,Tesco Smoked Mackerel,https://www.tesco.com/groceries/en-GB/shop/fresh-food/all?department=Chilled%20Fish%20%26%20Seafood&viewAll=department&page=,£2.87,£11.05/kg,,,/groceries/en-GB/products/251631139,https://digitalcontent.api.tesco.com/v2/media/ghs/dfd02e66-e55d-4e80-81f7-f4a0e9eb598d/74cd1d40-eddf-4477-a95a-e9daa9107ff2.jpeg?h=225&w=225,
251631082,Tesco Peppered Smoked Mackerel Fillets,https://www.tesco.com/groceries/en-GB/shop/fresh-food/all?department=Chilled%20Fish%20%26%20Seafood&viewAll=department&page=,£2.93,£11.05/kg,£9.50 per kg Clubcard Price,,/groceries/en-GB/products/251631082,https://digitalcontent.api.tesco.com/v2/media/ghs/2740c8a0-45b3-45b7-8310-2630e4e50d0e/b682bfc2-64e3-4ffb-9576-d20ebcd184bc.jpeg?h=225&w=225,
310169977,Tesco Salmon Tails 260G,https://www.tesco.com/groceries/en-GB/shop/fresh-food/all?department=Chilled%20Fish%20%26%20Seafood&viewAll=department&page=,£4.05,£15.58/kg,,,/groceries/en-GB/products/310169977,https://digitalcontent.api.tesco.com/v2/media/ghs/43488463-497c-4f8e-931f-ccb2dd38f100/fbb9f6ab-b54e-4895-867c-bdc97604d353.jpeg?h=225&w=225,
305528975,Tesco Organic 2 Boneless Salmon Fillets 265G,https://www.tesco.com/groceries/en-GB/shop/fresh-food/all?department=Chilled%20Fish%20%26%20Seafood&viewAll=department&page=,£7.45,£28.12/kg,,,/groceries/en-GB/products/305528975,https://digitalcontent.api.tesco.com/v2/media/ghs/1032772e-ea21-4c58-bb2f-3e7d20339a0c/135fc935-e1f2-43c2-805b-aeb7693f43b5.jpeg?h=225&w=225,
271340240,Tesco Salmon Side 1Kg,https://www.tesco.com/groceries/en-GB/shop/fresh-food/all?department=Chilled%20Fish%20%26%20Seafood&viewAll=department&page=,£15.90,£15.90/kg,,,/groceries/en-GB/products/271340240,https://digitalcontent.api.tesco.com/v2/media/ghs/8fb22d1c-f0ce-4e0f-b421-e131349a233d/d55e0e2d-feff-4ff7-b409-afe70acc40a4.jpeg?h=225&w=225,
311667037,Tesco Finest Raw Argentinian Red Shrimp 180G,https://www.tesco.com/groceries/en-GB/shop/fresh-food/all?department=Chilled%20Fish%20%26%20Seafood&viewAll=department&page=,£5.00,£27.78/kg,,New,/groceries/en-GB/products/311667037,https://digitalcontent.api.tesco.com/v2/media/ghs/60b79733-f80d-4c83-9bd2-2edcabe7e307/b3358cce-ac67-4e9f-b40d-4ef3b5ec0fdf_1663174690.jpeg?h=225&w=225,
287134241,Tesco Finest Prawn Cocktail 170G,https://www.tesco.com/groceries/en-GB/shop/fresh-food/all?department=Chilled%20Fish%20%26%20Seafood&viewAll=department&page=,£2.90,£17.06/kg,,,/groceries/en-GB/products/287134241,https://digitalcontent.api.tesco.com/v2/media/ghs/a47e87e4-3e3b-4d87-b5c7-00a5c565c957/aa513daa-6f53-4eef-9960-e93a7b8ffd6d.jpeg?h=225&w=225,
306805536,Tesco White Wine Scottish Mussels 500G,https://www.tesco.com/groceries/en-GB/shop/fresh-food/all?department=Chilled%20Fish%20%26%20Seafood&viewAll=department&page=,£2.75,£5.50/kg,,,/groceries/en-GB/products/306805536,https://digitalcontent.api.tesco.com/v2/media/ghs/9270ed3b-0a99-43b6-9690-a68b79db9c26/a93d7fec-b339-4eba-b5a6-81315d1f3bb7.jpeg?h=225&w=225,
305523053,Tesco Lemon & Garlic King Prawns 150G,https://www.tesco.com/groceries/en-GB/shop/fresh-food/all?department=Chilled%20Fish%20%26%20Seafood&viewAll=department&page=,£3.50,£23.34/kg,,,/groceries/en-GB/products/305523053,https://digitalcontent.api.tesco.com/v2/media/ghs/f2ed1b8a-d7ef-4001-98e4-22f94c770a10/8d9c6517-f5e3-4b57-b6d5-1ceefed70f82.jpeg?h=225&w=225,
306820949,Tesco Garlic Scottish Mussels 500G,https://www.tesco.com/groceries/en-GB/shop/fresh-food/all?department=Chilled%20Fish%20%26%20Seafood&viewAll=department&page=,£2.75,£5.50/kg,,,/groceries/en-GB/products/306820949,https://digitalcontent.api.tesco.com/v2/media/ghs/32352c07-1665-41ce-8d9f-13478233a055/e230d004-f972-404a-abcb-9817c1b71585.jpeg?h=225&w=225,
309753753,Cecile's Cuisine 16 Cocktail Blinis 135G,https://www.tesco.com/groceries/en-GB/shop/fresh-food/all?department=Chilled%20Fish%20%26%20Seafood&viewAll=department&page=,£2.10,£1.56/100g,,,/groceries/en-GB/products/309753753,https://digitalcontent.api.tesco.com/v2/media/ghs/a825a875-e28e-4af1-92f3-d67903cd064c/fe8df56b-9402-4a6d-9ee6-0adc8b61af9a.jpeg?h=225&w=225,
299847820,Tesco 2 Lemon & Pepper Sea Bass Fillets 200G,https://www.tesco.com/groceries/en-GB/shop/fresh-food/all?department=Chilled%20Fish%20%26%20Seafood&viewAll=department&page=,£4.25,£21.25/kg,,,/groceries/en-GB/products/299847820,https://digitalcontent.api.tesco.com/v2/media/ghs/ff7efec2-d1d4-4985-affe-2fcbdea87ca2/1cc9edf2-a0a7-4552-89af-e93ec28774ed.jpeg?h=225&w=225,
303088668,Tesco Finest Sweetcure Smoked Mackerel Fillets 160G,https://www.tesco.com/groceries/en-GB/shop/fresh-food/all?department=Chilled%20Fish%20%26%20Seafood&viewAll=department&page=,£3.80,£2.38/100g,,,/groceries/en-GB/products/303088668,https://digitalcontent.api.tesco.com/v2/media/ghs/886c2e29-d26c-4297-80b5-4042e8959517/37bd907b-6979-499e-bb7e-a46aeba08520.jpeg?h=225&w=225,
304789816,Tesco 2 Cape Hake Fillets 240G,https://www.tesco.com/groceries/en-GB/shop/fresh-food/all?department=Chilled%20Fish%20%26%20Seafood&viewAll=department&page=,£4.00,£16.67/kg,£3.50 Clubcard Price,,/groceries/en-GB/products/304789816,https://digitalcontent.api.tesco.com/v2/media/ghs/9a0b7c3a-b271-416b-8492-45d4310bc48f/17cc1bc3-5cb4-4182-b1ca-74cc4a2385b4.jpeg?h=225&w=225,
277116946,Tesco Orkney Crab Meat 100G,https://www.tesco.com/groceries/en-GB/shop/fresh-food/all?department=Chilled%20Fish%20%26%20Seafood&viewAll=department&page=,£3.70,£3.70/100g,,,/groceries/en-GB/products/277116946,https://digitalcontent.api.tesco.com/v2/media/ghs/a525457f-3acd-4191-8969-6e3d05325af3/b79f500d-742f-45a5-9819-ac7a29dd28d0.jpeg?h=225&w=225,
281693238,Tesco Hot Smoked Roasted Salmon Fillets 180G,https://www.tesco.com/groceries/en-GB/shop/fresh-food/all?department=Chilled%20Fish%20%26%20Seafood&viewAll=department&page=,£5.00,£2.78/100g,,,/groceries/en-GB/products/281693238,https://digitalcontent.api.tesco.com/v2/media/ghs/01e6b362-46b6-4e39-9c80-a75c2fc5084d/2cb136b8-b6aa-41ce-8d23-819f5309ff10.jpeg?h=225&w=225,
305530401,Tesco Chilli & Lime King Prawns 150G,https://www.tesco.com/groceries/en-GB/shop/fresh-food/all?department=Chilled%20Fish%20%26%20Seafood&viewAll=department&page=,£3.50,£23.34/kg,,,/groceries/en-GB/products/305530401,https://digitalcontent.api.tesco.com/v2/media/ghs/1f853b10-85d7-4b45-949b-49b10930083f/49e7b3b8-bd9b-4cc7-86aa-9ac585d428ba.jpeg?h=225&w=225,
299054668,Tesco Sweetcure Smoked Mackerel Strips 200G,https://www.tesco.com/groceries/en-GB/shop/fresh-food/all?department=Chilled%20Fish%20%26%20Seafood&viewAll=department&page=,£3.60,£1.80/100g,,,/groceries/en-GB/products/299054668,https://digitalcontent.api.tesco.com/v2/media/ghs/490c934a-d80e-43bc-9259-83649d90361e/157eb267-3f6f-4421-ad0b-6dc28f78b2a8.jpeg?h=225&w=225,
279468791,Tesco Finest 2 Wild Caught Sockeye Salmon Fillets 230G,https://www.tesco.com/groceries/en-GB/shop/fresh-food/all?department=Chilled%20Fish%20%26%20Seafood&viewAll=department&page=,£6.80,£29.57/kg,,,/groceries/en-GB/products/279468791,https://digitalcontent.api.tesco.com/v2/media/ghs/cdd37294-9659-4620-9f14-3ce01a43693b/20a805a2-8015-4754-b2f5-78c7472fafe2.jpeg?h=225&w=225,
306821384,Tesco Finest Canadian Cooked Prawns 150G,https://www.tesco.com/groceries/en-GB/shop/fresh-food/all?department=Chilled%20Fish%20%26%20Seafood&viewAll=department&page=,£3.25,£21.67/kg,£2.90 Clubcard Price,,/groceries/en-GB/products/306821384,https://digitalcontent.api.tesco.com/v2/media/ghs/139649e2-dd9e-4ead-be1c-c20fc8548942/8a39cc2d-8fb0-4172-9232-f9f7ecdac9b7.jpeg?h=225&w=225,
289553761,Tesco Lightly Dusted Plaice Fillets 265G,https://www.tesco.com/groceries/en-GB/shop/fresh-food/all?department=Chilled%20Fish%20%26%20Seafood&viewAll=department&page=,£3.75,£14.16/kg,,,/groceries/en-GB/products/289553761,https://digitalcontent.api.tesco.com/v2/media/ghs/7e9ddd90-a064-4148-a4d0-f912e59d1699/15fe3784-4b05-4105-8226-863128e20f52.jpeg?h=225&w=225,
281760672,Tesco 30% Reduced Fat Prawn Cocktail 170G,https://www.tesco.com/groceries/en-GB/shop/fresh-food/all?department=Chilled%20Fish%20%26%20Seafood&viewAll=department&page=,£2.20,£1.30/100g,,,/groceries/en-GB/products/281760672,https://digitalcontent.api.tesco.com/v2/media/ghs/e9efdf98-4eec-463f-9d89-2b89e4224ffb/cbeb763c-837d-4c91-a82e-6c5b4a6f84b3.jpeg?h=225&w=225,
264389056,Tesco 12 Smoked Salmon Canapes 100G,https://www.tesco.com/groceries/en-GB/shop/fresh-food/all?department=Chilled%20Fish%20%26%20Seafood&viewAll=department&page=,£2.50,£2.50/100g,,,/groceries/en-GB/products/264389056,https://digitalcontent.api.tesco.com/v2/media/ghs/540b7ba3-ebed-4b76-b054-28aef5b9a355/0be8d958-7876-49b0-b8d1-5399d28d62d7.jpeg?h=225&w=225,
308079510,Tesco Finest 2 Salmon & Hollandaise Fishcakes 290G,https://www.tesco.com/groceries/en-GB/shop/fresh-food/all?department=Chilled%20Fish%20%26%20Seafood&viewAll=department&page=,£2.75,£9.49/kg,,,/groceries/en-GB/products/308079510,https://digitalcontent.api.tesco.com/v2/media/ghs/1bbb41a5-c845-4be1-91be-97ffb9e245d4/79a6456e-fb25-48f7-9c75-e09a5e1de9f5.jpeg?h=225&w=225,
277116733,Tesco Scottish Mackerel Fillets 180G,https://www.tesco.com/groceries/en-GB/shop/fresh-food/all?department=Chilled%20Fish%20%26%20Seafood&viewAll=department&page=,£2.25,£1.25/100g,,,/groceries/en-GB/products/277116733,https://digitalcontent.api.tesco.com/v2/media/ghs/49c22e3c-992b-4206-872f-fabd1d506fe2/e881cdeb-6a58-4d5e-8729-30eadacda908.jpeg?h=225&w=225,
302286988,Tesco Boneless Haddock Fillets 280G,https://www.tesco.com/groceries/en-GB/shop/fresh-food/all?department=Chilled%20Fish%20%26%20Seafood&viewAll=department&page=,£4.80,£17.15/kg,,,/groceries/en-GB/products/302286988,https://digitalcontent.api.tesco.com/v2/media/ghs/d2388ac7-c60b-43bd-b3d6-2710f582e7d6/5bf2c0b4-f6e4-42dc-99e7-1624bb731b42.jpeg?h=225&w=225,
301882749,Tesco Finest Scottish Smoked Salmon 120G,https://www.tesco.com/groceries/en-GB/shop/fresh-food/all?department=Chilled%20Fish%20%26%20Seafood&viewAll=department&page=,£5.10,£4.25/100g,,,/groceries/en-GB/products/301882749,https://digitalcontent.api.tesco.com/v2/media/ghs/7b6ed7dd-d25e-4a5f-9c41-9de194b87cd0/8459bccc-8d6a-4bc5-ad87-286f0c635bed.jpeg?h=225&w=225,
310654316,Tesco Finest 2 Thai Inspired Salmon & Cod F/Cakes 290G,https://www.tesco.com/groceries/en-GB/shop/fresh-food/all?department=Chilled%20Fish%20%26%20Seafood&viewAll=department&page=,£2.75,£9.49/kg,£2.25 Clubcard Price,,/groceries/en-GB/products/310654316,https://digitalcontent.api.tesco.com/v2/media/ghs-mktg/b0b04216-fa73-466d-a9d7-c9fcfa1ce9b3/no-image.jpeg,
301882687,Tesco Finest Mild & Delicate Smoked Salmon 120G,https://www.tesco.com/groceries/en-GB/shop/fresh-food/all?department=Chilled%20Fish%20%26%20Seafood&viewAll=department&page=,£5.10,£4.25/100g,,,/groceries/en-GB/products/301882687,https://digitalcontent.api.tesco.com/v2/media/ghs/da6e0768-ca26-4ef7-b326-cc3fc82fb0ca/af1f9259-9844-44bb-8f35-4afa7647b41d.jpeg?h=225&w=225,
306810996,Tesco Smoked Mackerel Flakes 120G,https://www.tesco.com/groceries/en-GB/shop/fresh-food/all?department=Chilled%20Fish%20%26%20Seafood&viewAll=department&page=,£2.10,£1.75/100g,,,/groceries/en-GB/products/306810996,https://digitalcontent.api.tesco.com/v2/media/ghs/582ce064-5a14-4909-a6c4-d70ce39bcbad/e04a6387-41da-4ab6-b6cd-3a99843aec7a.jpeg?h=225&w=225,
309454934,Tesco Tempura Prawns 200G,https://www.tesco.com/groceries/en-GB/shop/fresh-food/all?department=Chilled%20Fish%20%26%20Seafood&viewAll=department&page=,£2.80,£14.00/kg,,,/groceries/en-GB/products/309454934,https://digitalcontent.api.tesco.com/v2/media/ghs/3a251edd-67bb-4698-8c3a-fbdc76420585/adf1bbfe-1fd0-4060-a5b0-fd3d16f5f9ca.jpeg?h=225&w=225,
300826722,Tesco Large Seafood Stick 50G,https://www.tesco.com/groceries/en-GB/shop/fresh-food/all?department=Chilled%20Fish%20%26%20Seafood&viewAll=department&page=,£0.55,£1.10/100g,,,/groceries/en-GB/products/300826722,https://digitalcontent.api.tesco.com/v2/media/ghs/29b29c94-48c2-4d88-ba00-1db537df4e10/c72aedcc-a120-4d36-977a-3b08181a3495.jpeg?h=225&w=225,
308103511,Tesco 2 Sweet Chilli & Lime Infused Salmon 230G,https://www.tesco.com/groceries/en-GB/shop/fresh-food/all?department=Chilled%20Fish%20%26%20Seafood&viewAll=department&page=,£4.75,£20.66/kg,,,/groceries/en-GB/products/308103511,https://digitalcontent.api.tesco.com/v2/media/ghs/de2e7c45-92b9-447f-9e13-8c0ff9911010/dfaf39bc-c5d4-4d2e-8d62-0494361fa3d9.jpeg?h=225&w=225,
309747513,Tesco 4 Boneless Salmon Fillets 520G,https://www.tesco.com/groceries/en-GB/shop/fresh-food/all?department=Chilled%20Fish%20%26%20Seafood&viewAll=department&page=,£8.00,£15.39/kg,,,/groceries/en-GB/products/309747513,https://digitalcontent.api.tesco.com/v2/media/ghs/f97dd2ce-f54b-41ae-9aeb-b4a8ec9414af/6c365e0c-24d1-4722-88d2-d3c7616ea7ea.jpeg?h=225&w=225,
305827828,Hearty Food Co. 4 Breaded Fish Fillets 600G,https://www.tesco.com/groceries/en-GB/shop/fresh-food/all?department=Chilled%20Fish%20%26%20Seafood&viewAll=department&page=,£3.35,£5.59/kg,Aldi Price Match,,/groceries/en-GB/products/305827828,https://digitalcontent.api.tesco.com/v2/media/ghs/9ce92714-c054-45ab-866b-5de94552a823/eabe068b-b635-44e2-a083-0a48fdb92978.jpeg?h=225&w=225,
312358998,Tesco Finest 2 Battered Haddock & Tartare Sauce F/Cakes 315G,https://www.tesco.com/groceries/en-GB/shop/fresh-food/all?department=Chilled%20Fish%20%26%20Seafood&viewAll=department&page=,£2.75,£0.87/100g,£2.25 Clubcard Price,,/groceries/en-GB/products/312358998,https://digitalcontent.api.tesco.com/v2/media/ghs/cd6c239e-10c3-498e-9499-011590c8d033/d465efce-087c-4b4e-a6f1-1fb2d4deebc8.jpeg?h=225&w=225,
304399212,Tesco Finest 2 Yellow Fin Tuna Steaks 240G,https://www.tesco.com/groceries/en-GB/shop/fresh-food/all?department=Chilled%20Fish%20%26%20Seafood&viewAll=department&page=,£7.80,£32.50/kg,,,/groceries/en-GB/products/304399212,https://digitalcontent.api.tesco.com/v2/media/ghs/def8d5e9-e48d-44e4-a014-b83f589171cf/76ecd111-7660-45f5-97c6-444940d48000.jpeg?h=225&w=225,
312207924,Tesco Finest Black Cod Fillet,https://www.tesco.com/groceries/en-GB/shop/fresh-food/all?department=Chilled%20Fish%20%26%20Seafood&viewAll=department&page=,£8.10,£50.00/kg,,,/groceries/en-GB/products/312207924,https://digitalcontent.api.tesco.com/v2/media/ghs/43147133-d331-434d-b227-611c0415d657/7cf72f86-088f-4208-bb16-5bffcdc94022.jpeg?h=225&w=225,
305250974,Leap Wild Smoked Sockeye Salmon 100G,https://www.tesco.com/groceries/en-GB/shop/fresh-food/all?department=Chilled%20Fish%20%26%20Seafood&viewAll=department&page=,£7.35,£7.35/100g,,,/groceries/en-GB/products/305250974,https://digitalcontent.api.tesco.com/v2/media/ghs/f8ba961b-b271-46ba-947e-6e9759d75725/7b27c15b-3ed0-4236-aaeb-ee16bb53a1e9.jpeg?h=225&w=225,
265448335,Tesco Raw Scallops 150G,https://www.tesco.com/groceries/en-GB/shop/fresh-food/all?department=Chilled%20Fish%20%26%20Seafood&viewAll=department&page=,£4.00,£26.67/kg,,,/groceries/en-GB/products/265448335,https://digitalcontent.api.tesco.com/v2/media/ghs/03308fb0-2f44-4665-9d51-78953bd6b0c5/de0e7ad6-dee1-43d5-9f4f-706113a519e2.jpeg?h=225&w=225,
312849884,The Mussel Shack Cooked Seafood Selection 240G,https://www.tesco.com/groceries/en-GB/shop/fresh-food/all?department=Chilled%20Fish%20%26%20Seafood&viewAll=department&page=,£3.50,£1.46/100g,,,/groceries/en-GB/products/312849884,https://digitalcontent.api.tesco.com/v2/media/ghs/82a93661-e395-4680-bc54-eb549d147d0d/6d07bf8c-94fd-401b-83f8-8c4ab59b7371.jpeg?h=225&w=225,
294070300,Tesco Finest 2 Scottish Loch Trout Fillets 260G,https://www.tesco.com/groceries/en-GB/shop/fresh-food/all?department=Chilled%20Fish%20%26%20Seafood&viewAll=department&page=,£5.70,£21.93/kg,,,/groceries/en-GB/products/294070300,https://digitalcontent.api.tesco.com/v2/media/ghs/ec444be9-2340-44c8-854e-7f2cbccbdcec/7926d5c6-742d-49ec-a065-34ee0d7926d4.jpeg?h=225&w=225,
310689269,Tesco Ready To Eat 2 Lemon & Peppercorn Steamed Salmon Fillets 180G,https://www.tesco.com/groceries/en-GB/shop/fresh-food/all?department=Chilled%20Fish%20%26%20Seafood&viewAll=department&page=,£5.00,£2.78/100g,,,/groceries/en-GB/products/310689269,https://digitalcontent.api.tesco.com/v2/media/ghs/2b079d45-e668-4bd1-8403-9ab8aafa6e98/fb5e939d-45e6-4d13-b345-a08ce817b129.jpeg?h=225&w=225,
302742950,The Big Prawn Co Big & Juicy Crayfish 120G,https://www.tesco.com/groceries/en-GB/shop/fresh-food/all?department=Chilled%20Fish%20%26%20Seafood&viewAll=department&page=,£4.25,£35.42/kg,,,/groceries/en-GB/products/302742950,https://digitalcontent.api.tesco.com/v2/media/ghs/4de564f0-803a-40c1-8efb-7d77d0fafaa3/b955f8c2-13e5-463a-97c6-e32445bb4eaa.jpeg?h=225&w=225,
299054708,Tesco Piri Piri Smoked Mackerel Strips 200G,https://www.tesco.com/groceries/en-GB/shop/fresh-food/all?department=Chilled%20Fish%20%26%20Seafood&viewAll=department&page=,£3.60,£1.80/100g,,,/groceries/en-GB/products/299054708,https://digitalcontent.api.tesco.com/v2/media/ghs/23212e13-cffb-428b-9054-8a917a659cd1/21837096-1dbd-48ce-a2a0-9b87aafd8bf3.jpeg?h=225&w=225,
308084889,Tesco 6 Breaded Cod Fish Fingers 300G,https://www.tesco.com/groceries/en-GB/shop/fresh-food/all?department=Chilled%20Fish%20%26%20Seafood&viewAll=department&page=,£3.00,£10.00/kg,,,/groceries/en-GB/products/308084889,https://digitalcontent.api.tesco.com/v2/media/ghs/48d2cb1e-466b-4631-99b9-3bdfa7efc88e/8bc6489c-3994-4823-b5a4-8b9a40a71264.jpeg?h=225&w=225,
306944250,Tesco Lemon & Parsley Smoked Mackerel Strips 200G,https://www.tesco.com/groceries/en-GB/shop/fresh-food/all?department=Chilled%20Fish%20%26%20Seafood&viewAll=department&page=,£3.60,£1.80/100g,,,/groceries/en-GB/products/306944250,https://digitalcontent.api.tesco.com/v2/media/ghs/7ba61ba0-d5c2-4cb0-aba5-d7f31e78933c/46d117d9-2db4-45cb-bb57-80e71dccdbd4.jpeg?h=225&w=225,
307337063,Tesco Finest Live Scottish Mussels 1Kg,https://www.tesco.com/groceries/en-GB/shop/fresh-food/all?department=Chilled%20Fish%20%26%20Seafood&viewAll=department&page=,£3.00,£3.00/kg,,,/groceries/en-GB/products/307337063,https://digitalcontent.api.tesco.com/v2/media/ghs/15e3b1e1-3391-4afd-b89d-e8c40fc8d8f9/03072753-c2d7-4d9a-b118-352a279d1cfe.jpeg?h=225&w=225,
310152680,Tesco 4 Boneless Sea Bass Fillets 360G,https://www.tesco.com/groceries/en-GB/shop/fresh-food/all?department=Chilled%20Fish%20%26%20Seafood&viewAll=department&page=,£7.00,£19.45/kg,,,/groceries/en-GB/products/310152680,https://digitalcontent.api.tesco.com/v2/media/ghs/5593d711-c3e8-4553-8559-5f5075d0c172/4f08d601-d9e9-4018-93f6-ca5a2726344c.jpeg?h=225&w=225,
312706535,Mowi Scottish Salmon Flakes With Honey 80G,https://www.tesco.com/groceries/en-GB/shop/fresh-food/all?department=Chilled%20Fish%20%26%20Seafood&viewAll=department&page=,£3.00,£3.75/100g,,,/groceries/en-GB/products/312706535,https://digitalcontent.api.tesco.com/v2/media/ghs/23eb221c-ae8c-4b95-8107-fb63bec536b9/c3edd884-2251-4dc7-8255-69195769ce75.jpeg?h=225&w=225,
308093452,Tesco 2 Garlic & Herb Infused Salmon Fillets 230G,https://www.tesco.com/groceries/en-GB/shop/fresh-food/all?department=Chilled%20Fish%20%26%20Seafood&viewAll=department&page=,£4.75,£20.66/kg,,,/groceries/en-GB/products/308093452,https://digitalcontent.api.tesco.com/v2/media/ghs/0e9d6de6-f0ee-4960-a39f-59cfc99b85f0/99c35d9e-547d-4bd3-99e9-f643f3128ab7.jpeg?h=225&w=225,
310675464,Tesco Finest The Ultimate Lobster Topped Prawn Cocktail 240G,https://www.tesco.com/groceries/en-GB/shop/fresh-food/all?department=Chilled%20Fish%20%26%20Seafood&viewAll=department&page=,£4.00,£1.67/100g,,,/groceries/en-GB/products/310675464,https://digitalcontent.api.tesco.com/v2/media/ghs/3db1e80a-4a00-4617-a7a5-e490ac81262b/dce76bdb-9b4b-428e-abe8-8bf53ac087f3.jpeg?h=225&w=225,
305523024,Tesco Organic Cooked & Peeled Black Tiger Prawns 150G,https://www.tesco.com/groceries/en-GB/shop/fresh-food/all?department=Chilled%20Fish%20%26%20Seafood&viewAll=department&page=,£4.25,£2.84/100g,,,/groceries/en-GB/products/305523024,https://digitalcontent.api.tesco.com/v2/media/ghs/df454e31-cd43-4b10-a0b8-8f5309f8d6aa/fc6b1ed2-f392-471e-a923-a47e13e957b4.jpeg?h=225&w=225,
312347308,The Mussel Shack Cooked Mussel Meats 150G,https://www.tesco.com/groceries/en-GB/shop/fresh-food/all?department=Chilled%20Fish%20%26%20Seafood&viewAll=department&page=,£1.30,£0.87/100g,,,/groceries/en-GB/products/312347308,https://digitalcontent.api.tesco.com/v2/media/ghs/7dbe59c5-7973-4a01-bbe5-56a24e2d6780/e5a72fb8-f4ef-469a-801c-8d577e199b56.jpeg?h=225&w=225,
312222139,Tesco King Prawns Cooked & Peeled 250G,https://www.tesco.com/groceries/en-GB/shop/fresh-food/all?department=Chilled%20Fish%20%26%20Seafood&viewAll=department&page=,£5.00,£20.00/kg,,,/groceries/en-GB/products/312222139,https://digitalcontent.api.tesco.com/v2/media/ghs-mktg/b0b04216-fa73-466d-a9d7-c9fcfa1ce9b3/no-image.jpeg,
295098991,Bay Fishmongers Salmon,https://www.tesco.com/groceries/en-GB/shop/fresh-food/all?department=Chilled%20Fish%20%26%20Seafood&viewAll=department&page=,,,,,/groceries/en-GB/products/295098991,,This product's currently out of stock
312108022,Tesco Finest 3-Tier Seafood Platter Serves 6,https://www.tesco.com/groceries/en-GB/shop/fresh-food/all?department=Chilled%20Fish%20%26%20Seafood&viewAll=department&page=,£55.00,£40.96/kg,,,/groceries/en-GB/products/312108022,https://digitalcontent.api.tesco.com/v2/media/ghs/5ca31a08-be8d-4b9b-ad84-d4dbae5d83db/58a4c470-ffd3-49c0-9a78-6a8f956d4bed.jpeg?h=225&w=225,
312342452,Tesco Finest Smoked Salmon & Prawn Antipasti Serves 6,https://www.tesco.com/groceries/en-GB/shop/fresh-food/all?department=Chilled%20Fish%20%26%20Seafood&viewAll=department&page=,£20.00,£26.32/kg,,,/groceries/en-GB/products/312342452,https://digitalcontent.api.tesco.com/v2/media/ghs/767a81b3-553e-4288-b939-f2031e2e9203/e0b04a0f-7010-4703-bc25-497155a6aab9.jpeg?h=225&w=225,
312101369,Tesco Finest Two Thermidor Wild Lobster Tails Serves 2,https://www.tesco.com/groceries/en-GB/shop/fresh-food/all?department=Chilled%20Fish%20%26%20Seafood&viewAll=department&page=,£18.00,£69.24/kg,,,/groceries/en-GB/products/312101369,https://digitalcontent.api.tesco.com/v2/media/ghs/d2769556-fe6d-4c07-ab07-c2af59cadc33/cdc0c481-5b87-4b40-9b14-48e0f7847157.jpeg?h=225&w=225,
309484989,Tesco Finest Ready to Cook Coated King Prawn Selection Serves 4,https://www.tesco.com/groceries/en-GB/shop/fresh-food/all?department=Chilled%20Fish%20%26%20Seafood&viewAll=department&page=,£12.00,£20.00/kg,,,/groceries/en-GB/products/309484989,https://digitalcontent.api.tesco.com/v2/media/ghs/95dda343-78df-4e7a-bab6-43b5623a7666/da02f0d1-2075-4436-9d8a-cc32308e73f1.jpeg?h=225&w=225,
312227557,Tesco Finest Four Coquilles St Jacques Serves 4,https://www.tesco.com/groceries/en-GB/shop/fresh-food/all?department=Chilled%20Fish%20%26%20Seafood&viewAll=department&page=,£12.00,£24.20/kg,,,/groceries/en-GB/products/312227557,https://digitalcontent.api.tesco.com/v2/media/ghs/63bd6644-ca70-4ae4-a76e-94edd2d60a68/e68720ae-7c59-4248-8fac-ad23e7f75269.jpeg?h=225&w=225,
297938070,Tesco Finest Jumbo King Prawn Cocktail Serves 4,https://www.tesco.com/groceries/en-GB/shop/fresh-food/all?department=Chilled%20Fish%20%26%20Seafood&viewAll=department&page=,£8.00,£18.61/kg,,,/groceries/en-GB/products/297938070,https://digitalcontent.api.tesco.com/v2/media/ghs/8b1d6f8d-be7a-483f-89b6-6795d943a005/8594bc80-fb31-4bdd-81f5-0303f91a09a3.jpeg?h=225&w=225,
296070820,Tesco Finest Wiltshire Crumbed Ham 125G,https://www.tesco.com/groceries/en-GB/shop/fresh-food/all?department=Cooked%20Meats%2C%20Antipasti%20%26%20Dips&viewAll=department&page=,,,,,/groceries/en-GB/products/296070820,https://digitalcontent.api.tesco.com/v2/media/ghs/be714e01-13ee-48e5-a580-8e76da1abeb6/b8a44de2-2acc-4419-9597-2b44dcc68b34.jpeg?h=225&w=225,This product's currently out of stock
296070912,Tesco Finest Honey Roast Ham 125G,https://www.tesco.com/groceries/en-GB/shop/fresh-food/all?department=Cooked%20Meats%2C%20Antipasti%20%26%20Dips&viewAll=department&page=,£3.00,£2.40/100g,,,/groceries/en-GB/products/296070912,https://digitalcontent.api.tesco.com/v2/media/ghs/4fb4b320-472d-4bbd-8361-ad41af669204/87a37102-ba5f-4a81-93ae-aab2dc484465.jpeg?h=225&w=225,
276477859,Tesco British Pork Cooked Ham 125G,https://www.tesco.com/groceries/en-GB/shop/fresh-food/all?department=Cooked%20Meats%2C%20Antipasti%20%26%20Dips&viewAll=department&page=,£2.00,£1.60/100g,Any 2 for £3.50 Clubcard Price - Selected Tesco Sliced Cooked Meat 90g-150g,,/groceries/en-GB/products/276477859,https://digitalcontent.api.tesco.com/v2/media/ghs/15ce496b-c4b7-4d04-b3f3-635f87e0ea32/89db7f19-e31f-4fff-bb09-5c2d3413ba63.jpeg?h=225&w=225,
296070935,Tesco Finest Finely Sliced Wiltshire Ham 250G,https://www.tesco.com/groceries/en-GB/shop/fresh-food/all?department=Cooked%20Meats%2C%20Antipasti%20%26%20Dips&viewAll=department&page=,£4.00,£1.60/100g,,,/groceries/en-GB/products/296070935,https://digitalcontent.api.tesco.com/v2/media/ghs/9acd65f6-cb34-4c81-ad66-8e232e1e9eb1/d850af0c-afbc-483d-bb2c-428b9b3b6346.jpeg?h=225&w=225,
276477669,Tesco No Added Water Honey Roast Ham 125G,https://www.tesco.com/groceries/en-GB/shop/fresh-food/all?department=Cooked%20Meats%2C%20Antipasti%20%26%20Dips&viewAll=department&page=,£2.00,£1.60/100g,Any 2 for £3.50 Clubcard Price - Selected Tesco Sliced Cooked Meat 90g-150g,,/groceries/en-GB/products/276477669,https://digitalcontent.api.tesco.com/v2/media/ghs/6c9ee041-e747-4840-908a-59245aeb3ab5/f59bd36f-0465-4b4c-bd57-0eccff79bbc7.jpeg?h=225&w=225,
265085320,Tesco British Pork Crumbed Ham 125G,https://www.tesco.com/groceries/en-GB/shop/fresh-food/all?department=Cooked%20Meats%2C%20Antipasti%20%26%20Dips&viewAll=department&page=,£2.00,£1.60/100g,Any 2 for £3.50 Clubcard Price - Selected Tesco Sliced Cooked Meat 90g-150g,,/groceries/en-GB/products/265085320,https://digitalcontent.api.tesco.com/v2/media/ghs/de1f39b5-38b1-4b38-a49d-5d9f2404fc3f/83df0565-c142-4d6a-9205-d03d2c70677c.jpeg?h=225&w=225,
295014849,Tesco Roast Sliced Chicken Breast 180G,https://www.tesco.com/groceries/en-GB/shop/fresh-food/all?department=Cooked%20Meats%2C%20Antipasti%20%26%20Dips&viewAll=department&page=,£2.80,£1.56/100g,,,/groceries/en-GB/products/295014849,https://digitalcontent.api.tesco.com/v2/media/ghs/6b7b4102-e3ac-4ea3-8a6b-6b927c2a713a/b5bb489c-d22c-4837-9d47-fcaa478d08dd.jpeg?h=225&w=225,
276492495,Tesco British Pork Wafer Thin Honey Roast Ham 125G,https://www.tesco.com/groceries/en-GB/shop/fresh-food/all?department=Cooked%20Meats%2C%20Antipasti%20%26%20Dips&viewAll=department&page=,£2.00,£1.60/100g,Any 2 for £3.50 Clubcard Price - Selected Tesco Sliced Cooked Meat 90g-150g,,/groceries/en-GB/products/276492495,https://digitalcontent.api.tesco.com/v2/media/ghs/9b750abf-8deb-4734-b026-8710a69b2b22/737a0e0b-dd2c-4910-867f-54485bd93a2a.jpeg?h=225&w=225,
276492380,Tesco British Pork Wafer Thin Oak Smoked Ham 125G,https://www.tesco.com/groceries/en-GB/shop/fresh-food/all?department=Cooked%20Meats%2C%20Antipasti%20%26%20Dips&viewAll=department&page=,£2.00,£1.60/100g,Any 2 for £3.50 Clubcard Price - Selected Tesco Sliced Cooked Meat 90g-150g,,/groceries/en-GB/products/276492380,https://digitalcontent.api.tesco.com/v2/media/ghs/107d242d-4083-4516-ae84-6d6c9fbd92d3/f4e9bcbb-5c2e-443d-ade0-941703c228b2.jpeg?h=225&w=225,
303880749,Tesco 16 Honey Roast Ham 400G,https://www.tesco.com/groceries/en-GB/shop/fresh-food/all?department=Cooked%20Meats%2C%20Antipasti%20%26%20Dips&viewAll=department&page=,£3.00,£0.75/100g,,,/groceries/en-GB/products/303880749,https://digitalcontent.api.tesco.com/v2/media/ghs/88f177d9-74a3-4236-be3b-8ba7db774ca2/af3891e3-c970-4add-902e-b62ab4f24287_994863243.jpeg?h=225&w=225,
296526864,Peperami Original 5 Pack 5X22.5G,https://www.tesco.com/groceries/en-GB/shop/fresh-food/all?department=Cooked%20Meats%2C%20Antipasti%20%26%20Dips&viewAll=department&page=,£2.50,£2.23/100g,,,/groceries/en-GB/products/296526864,https://digitalcontent.api.tesco.com/v2/media/ghs/3de410e3-1f0d-49fd-842f-fd00f32419dc/aeb5f332-b06f-4ce6-8d18-9766200e9d74.jpeg?h=225&w=225,
277044420,Tesco British Roast Chicken 125G,https://www.tesco.com/groceries/en-GB/shop/fresh-food/all?department=Cooked%20Meats%2C%20Antipasti%20%26%20Dips&viewAll=department&page=,£2.00,£1.60/100g,Any 2 for £3.50 Clubcard Price - Selected Tesco Sliced Cooked Meat 90g-150g,,/groceries/en-GB/products/277044420,https://digitalcontent.api.tesco.com/v2/media/ghs/84d669ab-02f0-409f-ab05-2f8eb957b56e/4802daae-7f1b-4e31-9f50-ff92f30e2192.jpeg?h=225&w=225,
255412675,Tesco Houmous 300G,https://www.tesco.com/groceries/en-GB/shop/fresh-food/all?department=Cooked%20Meats%2C%20Antipasti%20%26%20Dips&viewAll=department&page=,£1.50,£0.50/100g,,,/groceries/en-GB/products/255412675,https://digitalcontent.api.tesco.com/v2/media/ghs/93825507-17cc-413a-bc6c-d95b64b5b88e/91029151-19a4-4e5c-a957-d3a5105a44a5_1070480997.jpeg?h=225&w=225,
250591613,Peperami Mini Original 10X10g,https://www.tesco.com/groceries/en-GB/shop/fresh-food/all?department=Cooked%20Meats%2C%20Antipasti%20%26%20Dips&viewAll=department&page=,£2.50,£2.50/100g,£2.25 Clubcard Price,,/groceries/en-GB/products/250591613,https://digitalcontent.api.tesco.com/v2/media/ghs/2bcdeb09-8e16-4d31-b388-97bf8f7c4c22/baa7ac49-1ff0-4799-be9d-747d9170907b.jpeg?h=225&w=225,
302490020,Fridge Raiders Roast Chicken Bites 3X22.5G,https://www.tesco.com/groceries/en-GB/shop/fresh-food/all?department=Cooked%20Meats%2C%20Antipasti%20%26%20Dips&viewAll=department&page=,£1.60,£2.38/100g,,,/groceries/en-GB/products/302490020,https://digitalcontent.api.tesco.com/v2/media/ghs/b509b145-006d-45a4-80a4-e2d5af1d8692/74c43876-bb7a-4515-94cf-bc26ea008294.jpeg?h=225&w=225,
299955420,Eastman's Sliced Cooked Chicken 240G,https://www.tesco.com/groceries/en-GB/shop/fresh-food/all?department=Cooked%20Meats%2C%20Antipasti%20%26%20Dips&viewAll=department&page=,£1.79,£0.75/100g,Aldi Price Match,,/groceries/en-GB/products/299955420,https://digitalcontent.api.tesco.com/v2/media/ghs/024ceb33-4fe7-4d6d-8d04-7be1b8d0006c/e5493b23-b541-43e3-82ec-dbdc1280af67.jpeg?h=225&w=225,
277051964,Tesco British Roast Turkey 125G,https://www.tesco.com/groceries/en-GB/shop/fresh-food/all?department=Cooked%20Meats%2C%20Antipasti%20%26%20Dips&viewAll=department&page=,£2.00,£1.60/100g,Any 2 for £3.50 Clubcard Price - Selected Tesco Sliced Cooked Meat 90g-150g,,/groceries/en-GB/products/277051964,https://digitalcontent.api.tesco.com/v2/media/ghs/f397ed46-df76-451f-8777-14ca530c115c/2939b87c-6bf2-4f06-b16c-884ef142a9a8.jpeg?h=225&w=225,
302490066,Fridge Raiders Slow Roasted Chicken Bites 6X22.5G,https://www.tesco.com/groceries/en-GB/shop/fresh-food/all?department=Cooked%20Meats%2C%20Antipasti%20%26%20Dips&viewAll=department&page=,£2.80,£2.08/100g,£2.00 Clubcard Price,,/groceries/en-GB/products/302490066,https://digitalcontent.api.tesco.com/v2/media/ghs/f51651b2-9d21-4784-b804-b42f09874419/32f27e2b-1157-4621-ad65-454058d2eef3.jpeg?h=225&w=225,
303881155,Tesco Wafer Thin Honey Roast Ham 400G,https://www.tesco.com/groceries/en-GB/shop/fresh-food/all?department=Cooked%20Meats%2C%20Antipasti%20%26%20Dips&viewAll=department&page=,£3.00,£0.75/100g,£2.50 Clubcard Price,,/groceries/en-GB/products/303881155,https://digitalcontent.api.tesco.com/v2/media/ghs/613317f4-f1d2-4af1-b186-b979b5849061/1085e6a0-6267-41ee-b495-16e685e45a42.jpeg?h=225&w=225,
303881218,Tesco Wafer Thin Honey Roast Ham 125G,https://www.tesco.com/groceries/en-GB/shop/fresh-food/all?department=Cooked%20Meats%2C%20Antipasti%20%26%20Dips&viewAll=department&page=,£1.35,£1.08/100g,,,/groceries/en-GB/products/303881218,https://digitalcontent.api.tesco.com/v2/media/ghs/ab40a3d7-342c-42ac-9d45-1e299a049e4e/c3848eaa-e0fa-4b15-b9d4-1a2369c6eb56_2037965451.jpeg?h=225&w=225,
296814552,Tesco Finest Spanish Chorizo Ring 225G,https://www.tesco.com/groceries/en-GB/shop/fresh-food/all?department=Cooked%20Meats%2C%20Antipasti%20%26%20Dips&viewAll=department&page=,£2.50,£1.12/100g,£2.00 Clubcard Price,,/groceries/en-GB/products/296814552,https://digitalcontent.api.tesco.com/v2/media/ghs/730e21f1-e9ab-424c-b3f8-ddee56a0833c/2a3f386b-962f-4ceb-879f-54a54f9cfee1.jpeg?h=225&w=225,
296070866,Tesco Finest Wiltshire Finely Sliced Ham 125G,https://www.tesco.com/groceries/en-GB/shop/fresh-food/all?department=Cooked%20Meats%2C%20Antipasti%20%26%20Dips&viewAll=department&page=,,,,,/groceries/en-GB/products/296070866,https://digitalcontent.api.tesco.com/v2/media/ghs/f9e25836-1d2a-45f5-903f-69ea0a1df503/6ecde8fa-6b8d-4d1f-b2a0-ad976dac196e.jpeg?h=225&w=225,This product's currently out of stock
260083981,Tesco Houmous 200G,https://www.tesco.com/groceries/en-GB/shop/fresh-food/all?department=Cooked%20Meats%2C%20Antipasti%20%26%20Dips&viewAll=department&page=,£1.20,£0.60/100g,Any 2 for £2 Clubcard Price - Selected Tesco Dips 163g - 211g,,/groceries/en-GB/products/260083981,,
307754087,Tesco Prime Cuts Lean Ham On The Bone 125G,https://www.tesco.com/groceries/en-GB/shop/fresh-food/all?department=Cooked%20Meats%2C%20Antipasti%20%26%20Dips&viewAll=department&page=,£2.00,£1.60/100g,Any 2 for £3.50 Clubcard Price - Selected Tesco Sliced Cooked Meat 90g-150g,,/groceries/en-GB/products/307754087,,
260258101,Tesco Organic Houmous 200G,https://www.tesco.com/groceries/en-GB/shop/fresh-food/all?department=Cooked%20Meats%2C%20Antipasti%20%26%20Dips&viewAll=department&page=,£1.20,£0.60/100g,Any 2 for £2 Clubcard Price - Selected Tesco Dips 163g - 211g,,/groceries/en-GB/products/260258101,https://digitalcontent.api.tesco.com/v2/media/ghs/b1421764-98d9-466c-bdc8-530e6fa78f6a/a5c3c921-a1a8-420b-9378-5e0c50d370d5.jpeg?h=225&w=225,
260249776,Tesco Sour Cream & Chive Dip 200G,https://www.tesco.com/groceries/en-GB/shop/fresh-food/all?department=Cooked%20Meats%2C%20Antipasti%20%26%20Dips&viewAll=department&page=,£1.20,£0.60/100g,Any 2 for £2 Clubcard Price - Selected Tesco Dips 163g - 211g,,/groceries/en-GB/products/260249776,https://digitalcontent.api.tesco.com/v2/media/ghs/97cee04a-4bca-4625-bbf2-37bd9e5ce926/ed757512-05ad-4f06-aecc-c63762ee84a7.jpeg?h=225&w=225,
265162350,Tesco Corned Beef 125G,https://www.tesco.com/groceries/en-GB/shop/fresh-food/all?department=Cooked%20Meats%2C%20Antipasti%20%26%20Dips&viewAll=department&page=,£2.00,£1.60/100g,Any 2 for £3.50 Clubcard Price - Selected Tesco Sliced Cooked Meat 90g-150g,,/groceries/en-GB/products/265162350,https://digitalcontent.api.tesco.com/v2/media/ghs/fc434f5e-ebd9-43f4-91e7-bb87fe791682/0c658263-2650-4a24-892e-e9810e8ce0c8.jpeg?h=225&w=225,
299955783,Eastman's Cooked Ham 125G,https://www.tesco.com/groceries/en-GB/shop/fresh-food/all?department=Cooked%20Meats%2C%20Antipasti%20%26%20Dips&viewAll=department&page=,£0.86,£0.69/100g,Aldi Price Match,,/groceries/en-GB/products/299955783,https://digitalcontent.api.tesco.com/v2/media/ghs/dcf1ab96-6cdb-42a7-93f1-cacf6282b0ce/765605c6-502c-4050-97ae-043a4c7684c5.jpeg?h=225&w=225,
303880611,Eastmans Wafer Thin Cooked Ham 125G,https://www.tesco.com/groceries/en-GB/shop/fresh-food/all?department=Cooked%20Meats%2C%20Antipasti%20%26%20Dips&viewAll=department&page=,£0.86,£0.69/100g,,,/groceries/en-GB/products/303880611,https://digitalcontent.api.tesco.com/v2/media/ghs/768f1c46-c0e0-4d00-ab04-561b7726cbf3/905971ea-b567-42f8-a4ed-0bea757d9f5b.jpeg?h=225&w=225,
303880703,Eastmans Wafer Thin Cooked Chicken 125G,https://www.tesco.com/groceries/en-GB/shop/fresh-food/all?department=Cooked%20Meats%2C%20Antipasti%20%26%20Dips&viewAll=department&page=,£0.86,£0.69/100g,Aldi Price Match,,/groceries/en-GB/products/303880703,https://digitalcontent.api.tesco.com/v2/media/ghs/66d8676d-9c6b-41bb-8e5c-038fc4aeb2c1/7d770b58-d137-42a6-80ee-8a405f0c75b3.jpeg?h=225&w=225,
311807538,Tesco Prime Cuts Roast Beef 90G,https://www.tesco.com/groceries/en-GB/shop/fresh-food/all?department=Cooked%20Meats%2C%20Antipasti%20%26%20Dips&viewAll=department&page=,£2.00,£22.23/kg,Any 2 for £3.50 Clubcard Price - Selected Tesco Sliced Cooked Meat 90g-150g,,/groceries/en-GB/products/311807538,https://digitalcontent.api.tesco.com/v2/media/ghs/1a5cd1de-74f6-449c-8768-1c766e6754ce/b3e52047-a273-4fea-a509-0da5d60715a5.jpeg?h=225&w=225,
299955685,Eastman's Cooked Ham 30 Slices 400G,https://www.tesco.com/groceries/en-GB/shop/fresh-food/all?department=Cooked%20Meats%2C%20Antipasti%20%26%20Dips&viewAll=department&page=,£1.69,£0.42/100g,,,/groceries/en-GB/products/299955685,https://digitalcontent.api.tesco.com/v2/media/ghs/504056f0-14af-4027-9022-04596568fb78/deca6935-4428-48b4-8c98-a703943adfc5.jpeg?h=225&w=225,
303880473,Eastmans Wafer Thin Cooked Ham 400G,https://www.tesco.com/groceries/en-GB/shop/fresh-food/all?department=Cooked%20Meats%2C%20Antipasti%20%26%20Dips&viewAll=department&page=,£1.69,£0.42/100g,Aldi Price Match,,/groceries/en-GB/products/303880473,https://digitalcontent.api.tesco.com/v2/media/ghs/66bb053a-4b5f-4708-ad68-c3dfbf9f8836/f157e629-1042-4257-8012-1ba346dc4d9b.jpeg?h=225&w=225,
291124830,Tesco Pizza Pepperoni 120G,https://www.tesco.com/groceries/en-GB/shop/fresh-food/all?department=Cooked%20Meats%2C%20Antipasti%20%26%20Dips&viewAll=department&page=,£0.95,£0.79/100g,Aldi Price Match,,/groceries/en-GB/products/291124830,https://digitalcontent.api.tesco.com/v2/media/ghs/dcb0e829-6200-41b7-ae18-bb5824f6428e/7d0d3070-6dd3-45a8-a7f8-fa719832da02.jpeg?h=225&w=225,
254898538,Tesco German Style Salami 125G,https://www.tesco.com/groceries/en-GB/shop/fresh-food/all?department=Cooked%20Meats%2C%20Antipasti%20%26%20Dips&viewAll=department&page=,£0.92,£0.74/100g,Aldi Price Match,,/groceries/en-GB/products/254898538,https://digitalcontent.api.tesco.com/v2/media/ghs/b89dddc2-d403-49d0-b780-62a3cc712490/ded16af4-332d-49c7-b14c-27f523c14595.jpeg?h=225&w=225,
272453220,Tesco Guacamole 163G,https://www.tesco.com/groceries/en-GB/shop/fresh-food/all?department=Cooked%20Meats%2C%20Antipasti%20%26%20Dips&viewAll=department&page=,£1.20,£0.74/100g,Any 2 for £2 Clubcard Price - Selected Tesco Dips 163g - 211g,,/groceries/en-GB/products/272453220,https://digitalcontent.api.tesco.com/v2/media/ghs/3be6bd2a-a825-418d-bd83-0a6b456fb00e/d8a2bdcf-d746-4347-b8a8-3bb9c5056f4c.jpeg?h=225&w=225,
305974463,Eastmans Corned Beef Slices 150G,https://www.tesco.com/groceries/en-GB/shop/fresh-food/all?department=Cooked%20Meats%2C%20Antipasti%20%26%20Dips&viewAll=department&page=,£1.25,£0.83/100g,,,/groceries/en-GB/products/305974463,https://digitalcontent.api.tesco.com/v2/media/ghs/5f411153-e64b-47c5-a7ab-4b48a0cb9d33/6ce78347-b065-41e3-978c-7a0fb3ed551a.jpeg?h=225&w=225,
264465402,Tesco 4 Ready To Eat Roast Chicken Breasts 485G,https://www.tesco.com/groceries/en-GB/shop/fresh-food/all?department=Cooked%20Meats%2C%20Antipasti%20%26%20Dips&viewAll=department&page=,£5.00,£1.04/100g,,,/groceries/en-GB/products/264465402,https://digitalcontent.api.tesco.com/v2/media/ghs/914b7f56-93e6-40c5-aefe-b632d6feac7d/3858f04c-1ec6-4cad-9d85-f209e02ca0e5.jpeg?h=225&w=225,
264465356,Tesco Ready To Eat 2 Roast Boneless Chicken Breasts 245G,https://www.tesco.com/groceries/en-GB/shop/fresh-food/all?department=Cooked%20Meats%2C%20Antipasti%20%26%20Dips&viewAll=department&page=,£2.90,£1.19/100g,,,/groceries/en-GB/products/264465356,https://digitalcontent.api.tesco.com/v2/media/ghs/dc7c5733-2a56-4023-9663-8421d52e5491/865cd834-2749-4fe4-ace0-6ec15e255c15.jpeg?h=225&w=225,
295981947,Tesco Finest 14 Month Parma Ham 78G,https://www.tesco.com/groceries/en-GB/shop/fresh-food/all?department=Cooked%20Meats%2C%20Antipasti%20%26%20Dips&viewAll=department&page=,£2.65,£3.40/100g,,,/groceries/en-GB/products/295981947,https://digitalcontent.api.tesco.com/v2/media/ghs/69d532a6-7fab-40ee-9521-4f3f8a7e664c/82c33750-534d-4296-ab67-b5ddef310a78_1989377468.jpeg?h=225&w=225,
276415346,Tesco British Pork Honey Roast Ham 400G,https://www.tesco.com/groceries/en-GB/shop/fresh-food/all?department=Cooked%20Meats%2C%20Antipasti%20%26%20Dips&viewAll=department&page=,£4.60,£1.15/100g,,,/groceries/en-GB/products/276415346,https://digitalcontent.api.tesco.com/v2/media/ghs/0669723e-567a-404e-a810-514d65f6b321/7740f169-cb9b-4850-b8be-7eaabb1b5941.jpeg?h=225&w=225,
296071030,Tesco Finest Roast Turkey Breast 125G,https://www.tesco.com/groceries/en-GB/shop/fresh-food/all?department=Cooked%20Meats%2C%20Antipasti%20%26%20Dips&viewAll=department&page=,,,,,/groceries/en-GB/products/296071030,https://digitalcontent.api.tesco.com/v2/media/ghs/d51ad690-c358-4c8c-97a1-12dd2dbbb08a/6a0c5f40-c1e3-4bdc-ba0b-5f31c9be3a06.jpeg?h=225&w=225,This product's currently out of stock
276478386,T.5 British Pork Oak Smoked Ham 125G,https://www.tesco.com/groceries/en-GB/shop/fresh-food/all?department=Cooked%20Meats%2C%20Antipasti%20%26%20Dips&viewAll=department&page=,£2.00,£1.60/100g,Any 2 for £3.50 Clubcard Price - Selected Tesco Sliced Cooked Meat 90g-150g,,/groceries/en-GB/products/276478386,https://digitalcontent.api.tesco.com/v2/media/ghs/778129b8-eb70-46c0-9388-db8b8277ffe1/67da1cb5-b156-41d3-9797-5e816e190284.jpeg?h=225&w=225,
276492604,Tesco British Pork Wafer Thin Cooked Ham 125G,https://www.tesco.com/groceries/en-GB/shop/fresh-food/all?department=Cooked%20Meats%2C%20Antipasti%20%26%20Dips&viewAll=department&page=,£2.00,£1.60/100g,Any 2 for £3.50 Clubcard Price - Selected Tesco Sliced Cooked Meat 90g-150g,,/groceries/en-GB/products/276492604,https://digitalcontent.api.tesco.com/v2/media/ghs/a8234f80-373d-480c-a014-3f80813091fa/561641bc-6d50-4f92-aea4-522a86e4eb06.jpeg?h=225&w=225,
312228513,Tesco Finest Charred Topside Beef 90G,https://www.tesco.com/groceries/en-GB/shop/fresh-food/all?department=Cooked%20Meats%2C%20Antipasti%20%26%20Dips&viewAll=department&page=,£3.00,£33.34/kg,,,/groceries/en-GB/products/312228513,https://digitalcontent.api.tesco.com/v2/media/ghs/3580a1d6-2bc4-45d7-a18e-8f0a3c765dec/1af6fa61-19c6-4afd-9dca-f5d615991fec.jpeg?h=225&w=225,
279817753,Tesco Ready To Eat Bbq Chicken Breast Pieces 180G,https://www.tesco.com/groceries/en-GB/shop/fresh-food/all?department=Cooked%20Meats%2C%20Antipasti%20%26%20Dips&viewAll=department&page=,£3.15,£1.75/100g,£2.65 Clubcard Price,,/groceries/en-GB/products/279817753,https://digitalcontent.api.tesco.com/v2/media/ghs/a58000d7-30f3-4949-8226-ab95dcb1a26a/48aba96d-7f3f-4443-87c2-7d326ca56f06.jpeg?h=225&w=225,
254273333,Herta Classic Frankfurters Hot Dogs 10 Pack 350G,https://www.tesco.com/groceries/en-GB/shop/fresh-food/all?department=Cooked%20Meats%2C%20Antipasti%20%26%20Dips&viewAll=department&page=,£2.55,£0.73/100g,,,/groceries/en-GB/products/254273333,https://digitalcontent.api.tesco.com/v2/media/ghs/a10b48e6-f6c8-43ca-8161-f796d2ca7b82/eeec7dd4-95c3-4df1-ad8b-69a29f07d651.jpeg?h=225&w=225,
277052076,Tesco British Wafer Thin Roast Chicken 125G,https://www.tesco.com/groceries/en-GB/shop/fresh-food/all?department=Cooked%20Meats%2C%20Antipasti%20%26%20Dips&viewAll=department&page=,£2.00,£1.60/100g,Any 2 for £3.50 Clubcard Price - Selected Tesco Sliced Cooked Meat 90g-150g,,/groceries/en-GB/products/277052076,,
268334344,Tesco Smoked Pancetta 2 X 65G,https://www.tesco.com/groceries/en-GB/shop/fresh-food/all?department=Cooked%20Meats%2C%20Antipasti%20%26%20Dips&viewAll=department&page=,£1.90,£1.47/100g,£1.70 Clubcard Price,,/groceries/en-GB/products/268334344,https://digitalcontent.api.tesco.com/v2/media/ghs/d1b81b49-b1ed-45c3-92ce-b29271d53688/8f26ef09-d08d-4950-be39-f72cc9557fb7.jpeg?h=225&w=225,
299955443,Eastman's Sliced Cooked Chicken Tikka 240G,https://www.tesco.com/groceries/en-GB/shop/fresh-food/all?department=Cooked%20Meats%2C%20Antipasti%20%26%20Dips&viewAll=department&page=,£1.99,£0.83/100g,Aldi Price Match,,/groceries/en-GB/products/299955443,https://digitalcontent.api.tesco.com/v2/media/ghs/98e06c43-cac8-4790-88ea-c5e4a93b92c2/628ec9d0-1749-46e1-8aa0-0f158a194e10.jpeg?h=225&w=225,
303881309,Tesco 36 Wafer Thin Roast Chicken Slices 400G,https://www.tesco.com/groceries/en-GB/shop/fresh-food/all?department=Cooked%20Meats%2C%20Antipasti%20%26%20Dips&viewAll=department&page=,£3.00,£0.75/100g,£2.50 Clubcard Price,,/groceries/en-GB/products/303881309,https://digitalcontent.api.tesco.com/v2/media/ghs/688f0b3b-93d1-4d3e-a948-d85699afc7bf/45cbf633-07ab-4367-8558-087c214b1838.jpeg?h=225&w=225,
302490043,Fridge Raiders Southern Style Chicken Bites 3X22.5G,https://www.tesco.com/groceries/en-GB/shop/fresh-food/all?department=Cooked%20Meats%2C%20Antipasti%20%26%20Dips&viewAll=department&page=,£1.60,£2.38/100g,,,/groceries/en-GB/products/302490043,https://digitalcontent.api.tesco.com/v2/media/ghs/09058b8c-63f7-4ae9-b050-6c1da3f4a189/ab62ff00-9701-4348-b3b4-8b3fd9922a4b.jpeg?h=225&w=225,
303881269,Tesco Wafer Thin Roast Chicken 125G,https://www.tesco.com/groceries/en-GB/shop/fresh-food/all?department=Cooked%20Meats%2C%20Antipasti%20%26%20Dips&viewAll=department&page=,£1.35,£1.08/100g,,,/groceries/en-GB/products/303881269,https://digitalcontent.api.tesco.com/v2/media/ghs/a26badb9-7c92-4453-a57b-f01ced62b647/4c79e2fb-db10-4a4e-8a47-8870cab81c70.jpeg?h=225&w=225,
260084012,Tesco Reduced Fat Houmous Dip 200G,https://www.tesco.com/groceries/en-GB/shop/fresh-food/all?department=Cooked%20Meats%2C%20Antipasti%20%26%20Dips&viewAll=department&page=,£1.20,£0.60/100g,Any 2 for £2 Clubcard Price - Selected Tesco Dips 163g - 211g,,/groceries/en-GB/products/260084012,https://digitalcontent.api.tesco.com/v2/media/ghs/e3a43f9d-5fcc-480e-9899-ef52a7b86227/657819c2-0478-452c-8f62-dfb43c85e481.jpeg?h=225&w=225,
280677375,Tesco Caramelised Onion Houmous 182G,https://www.tesco.com/groceries/en-GB/shop/fresh-food/all?department=Cooked%20Meats%2C%20Antipasti%20%26%20Dips&viewAll=department&page=,£1.20,£0.66/100g,Any 2 for £2 Clubcard Price - Selected Tesco Dips 163g - 211g,,/groceries/en-GB/products/280677375,https://digitalcontent.api.tesco.com/v2/media/ghs/6d7f59b4-33ad-452e-bd8d-5dfc299efe53/23b239fd-24a1-4358-adf3-28acd2e89388.jpeg?h=225&w=225,
280710699,Tesco Sweet Chilli Houmous 182G,https://www.tesco.com/groceries/en-GB/shop/fresh-food/all?department=Cooked%20Meats%2C%20Antipasti%20%26%20Dips&viewAll=department&page=,£1.20,£0.66/100g,Any 2 for £2 Clubcard Price - Selected Tesco Dips 163g - 211g,,/groceries/en-GB/products/280710699,https://digitalcontent.api.tesco.com/v2/media/ghs/59cf3a38-f105-4a02-8ca0-71ed73774ff5/10965004-0ca3-458a-a7fe-07f0f7ef703e.jpeg?h=225&w=225,
299936679,Tesco Mild Salsa 200G ..,https://www.tesco.com/groceries/en-GB/shop/fresh-food/all?department=Cooked%20Meats%2C%20Antipasti%20%26%20Dips&viewAll=department&page=,£1.20,£0.60/100g,Any 2 for £2 Clubcard Price - Selected Tesco Dips 163g - 211g,,/groceries/en-GB/products/299936679,https://digitalcontent.api.tesco.com/v2/media/ghs/b836b682-fa42-49bd-a96e-5680cdd44a85/c290a09c-c98c-4e69-99f7-0f00fe051716.jpeg?h=225&w=225,
296233369,Tesco Houmous Red Pepper 182G,https://www.tesco.com/groceries/en-GB/shop/fresh-food/all?department=Cooked%20Meats%2C%20Antipasti%20%26%20Dips&viewAll=department&page=,£1.20,£0.66/100g,Any 2 for £2 Clubcard Price - Selected Tesco Dips 163g - 211g,,/groceries/en-GB/products/296233369,https://digitalcontent.api.tesco.com/v2/media/ghs/be98e459-0d21-489a-b3fc-02db0d581e43/e3920a1a-1502-4d90-927b-256316e97f54.jpeg?h=225&w=225,
276491997,Tesco British Pork Lunch Tongue 125G,https://www.tesco.com/groceries/en-GB/shop/fresh-food/all?department=Cooked%20Meats%2C%20Antipasti%20%26%20Dips&viewAll=department&page=,£2.00,£1.60/100g,Any 2 for £3.50 Clubcard Price - Selected Tesco Sliced Cooked Meat 90g-150g,,/groceries/en-GB/products/276491997,https://digitalcontent.api.tesco.com/v2/media/ghs/a5866301-035f-492e-b051-71c5ec0eaa75/c632f1b9-b9cc-4b20-a569-17e7490e5506.jpeg?h=225&w=225,
299957350,Tesco British Pastrami Slices 100G,https://www.tesco.com/groceries/en-GB/shop/fresh-food/all?department=Cooked%20Meats%2C%20Antipasti%20%26%20Dips&viewAll=department&page=,£2.00,£2.00/100g,Any 2 for £3.50 Clubcard Price - Selected Tesco Sliced Cooked Meat 90g-150g,,/groceries/en-GB/products/299957350,https://digitalcontent.api.tesco.com/v2/media/ghs/3632c3f6-90a7-42b2-ab11-d78c338c6a39/0507335e-bbe1-45b3-aacd-cadb856464e8.jpeg?h=225&w=225,
260083848,Tesco Tzatziki Dip 200G,https://www.tesco.com/groceries/en-GB/shop/fresh-food/all?department=Cooked%20Meats%2C%20Antipasti%20%26%20Dips&viewAll=department&page=,£1.20,£0.60/100g,Any 2 for £2 Clubcard Price - Selected Tesco Dips 163g - 211g,,/groceries/en-GB/products/260083848,https://digitalcontent.api.tesco.com/v2/media/ghs/2397a093-3b43-46d7-bbe2-aeb87259de43/42cc6c7b-c851-4cbc-bdec-35d13bb4ddda.jpeg?h=225&w=225,
310177161,Eastman's Houmous 200G,https://www.tesco.com/groceries/en-GB/shop/fresh-food/all?department=Cooked%20Meats%2C%20Antipasti%20%26%20Dips&viewAll=department&page=,£0.69,£0.34/100g,Aldi Price Match,,/groceries/en-GB/products/310177161,https://digitalcontent.api.tesco.com/v2/media/ghs/fe9ca173-860e-49e3-b777-98ea208ea0de/571f6642-aacc-4871-8c44-1e9d4b23fc9f.jpeg?h=225&w=225,
285401032,Tesco 16 Spicy Chorizo Slices 80G,https://www.tesco.com/groceries/en-GB/shop/fresh-food/all?department=Cooked%20Meats%2C%20Antipasti%20%26%20Dips&viewAll=department&page=,£0.92,£1.15/100g,,,/groceries/en-GB/products/285401032,https://digitalcontent.api.tesco.com/v2/media/ghs/cc5dd9b4-9919-49cb-bff1-8ac15f6ad665/7f8bb16d-7af8-4666-83cd-8405df141737.jpeg?h=225&w=225,
300542838,Eastmans Brussels Pate 175G,https://www.tesco.com/groceries/en-GB/shop/fresh-food/all?department=Cooked%20Meats%2C%20Antipasti%20%26%20Dips&viewAll=department&page=,£0.69,£0.40/100g,,,/groceries/en-GB/products/300542838,https://digitalcontent.api.tesco.com/v2/media/ghs/ae8b6286-844f-4c6c-9a38-589b1e942e09/3e92e1f8-3b89-4ac8-9ad0-8f0e8b1df7e6_900958649.jpeg?h=225&w=225,
266517333,Tesco 6 Prosciutto Crudo Slices 84G,https://www.tesco.com/groceries/en-GB/shop/fresh-food/all?department=Cooked%20Meats%2C%20Antipasti%20%26%20Dips&viewAll=department&page=,£1.11,£1.33/100g,Aldi Price Match,,/groceries/en-GB/products/266517333,https://digitalcontent.api.tesco.com/v2/media/ghs/928b3898-3bfd-4bd0-9ac5-9e8ef4b54ce1/d0ce5304-ccf1-44db-bf79-a27540111261.jpeg?h=225&w=225,
261764986,Tesco 10 Salami Slices 100G,https://www.tesco.com/groceries/en-GB/shop/fresh-food/all?department=Cooked%20Meats%2C%20Antipasti%20%26%20Dips&viewAll=department&page=,£0.99,£0.99/100g,Aldi Price Match,,/groceries/en-GB/products/261764986,https://digitalcontent.api.tesco.com/v2/media/ghs/da244ae8-3394-4bbc-b822-9c57b7820b23/9aaefae5-47d6-4c66-a09d-c094ea10d43f.jpeg?h=225&w=225,
273429784,Tesco Sliced Chorizo Sausage 150G,https://www.tesco.com/groceries/en-GB/shop/fresh-food/all?department=Cooked%20Meats%2C%20Antipasti%20%26%20Dips&viewAll=department&page=,£1.11,£0.74/100g,Aldi Price Match,,/groceries/en-GB/products/273429784,https://digitalcontent.api.tesco.com/v2/media/ghs/bb40a927-3370-4d6a-aa8b-77bdad21de19/f2317bd8-e21c-421f-b8ea-809a9acb5bae.jpeg?h=225&w=225,
299927673,Eastman's Cooked Beef Slices 125G,https://www.tesco.com/groceries/en-GB/shop/fresh-food/all?department=Cooked%20Meats%2C%20Antipasti%20%26%20Dips&viewAll=department&page=,£0.86,£0.69/100g,Aldi Price Match,,/groceries/en-GB/products/299927673,https://digitalcontent.api.tesco.com/v2/media/ghs/54e7085c-cffd-4849-80d6-6768b9fe6fe8/1ae7a253-b4cc-4956-881a-318ef2103e99.jpeg?h=225&w=225,
279797769,Tesco Ready To Eat Flamegrilled Chicken Chunks 180G,https://www.tesco.com/groceries/en-GB/shop/fresh-food/all?department=Cooked%20Meats%2C%20Antipasti%20%26%20Dips&viewAll=department&page=,£3.15,£1.75/100g,,,/groceries/en-GB/products/279797769,https://digitalcontent.api.tesco.com/v2/media/ghs/025fa488-c233-431e-b0bc-7fbb1799e0dd/186e0f48-ab19-410f-be8b-3407984c4db0.jpeg?h=225&w=225,
279817782,Tesco Zingy Sweet Chilli Chicken Chunks 180G,https://www.tesco.com/groceries/en-GB/shop/fresh-food/all?department=Cooked%20Meats%2C%20Antipasti%20%26%20Dips&viewAll=department&page=,£3.15,£1.75/100g,£2.65 Clubcard Price,,/groceries/en-GB/products/279817782,https://digitalcontent.api.tesco.com/v2/media/ghs/cdfc3ab5-3c1f-430e-811b-43b4c95599fe/2af25931-017a-49f8-9ba0-164235c8faac.jpeg?h=225&w=225,
307351425,Tesco Finest 2 Thick Whole Slices Roast Ham 125G,https://www.tesco.com/groceries/en-GB/shop/fresh-food/all?department=Cooked%20Meats%2C%20Antipasti%20%26%20Dips&viewAll=department&page=,£3.00,£2.40/100g,,,/groceries/en-GB/products/307351425,https://digitalcontent.api.tesco.com/v2/media/ghs/4427ff70-86a8-4cea-8f80-ffbaea1134fc/b3dcedaa-b7af-420c-8e05-fce3c2d41fca.jpeg?h=225&w=225,
303579865,Tesco Finest Roast Chicken & Stuffing 125G,https://www.tesco.com/groceries/en-GB/shop/fresh-food/all?department=Cooked%20Meats%2C%20Antipasti%20%26%20Dips&viewAll=department&page=,£3.00,£2.40/100g,,,/groceries/en-GB/products/303579865,https://digitalcontent.api.tesco.com/v2/media/ghs/047712a6-2a72-48b8-ad05-327efbb5c96b/ef6010c0-a566-49f0-b59c-7e1ed87fb17a.jpeg?h=225&w=225,
268020266,"Tesco Halkidiki Olives, Garlic Cloves 160G",https://www.tesco.com/groceries/en-GB/shop/fresh-food/all?department=Cooked%20Meats%2C%20Antipasti%20%26%20Dips&viewAll=department&page=,£2.65,£1.66/100g,Any 2 for £4.50 Clubcard Price - Selected Tesco Deli Sharing 72g - 500g,,/groceries/en-GB/products/268020266,https://digitalcontent.api.tesco.com/v2/media/ghs/c1de392b-3d0d-4a24-b7fa-e3fa5f3b2e7b/391686b4-6563-4b5e-b23d-ebafb80e2e25.jpeg?h=225&w=225,
277570378,Tesco Diced Chorizo 130G,https://www.tesco.com/groceries/en-GB/shop/fresh-food/all?department=Cooked%20Meats%2C%20Antipasti%20%26%20Dips&viewAll=department&page=,£2.50,£1.93/100g,,,/groceries/en-GB/products/277570378,https://digitalcontent.api.tesco.com/v2/media/ghs/84fef9d9-df01-4302-819f-10ebfc5b26e2/a00d37fd-2d5c-4852-8429-45033a3bc82d.jpeg?h=225&w=225,
276414756,Tesco British Pork Big Pack Crumbed Ham 400G,https://www.tesco.com/groceries/en-GB/shop/fresh-food/all?department=Cooked%20Meats%2C%20Antipasti%20%26%20Dips&viewAll=department&page=,£4.60,£1.15/100g,,,/groceries/en-GB/products/276414756,https://digitalcontent.api.tesco.com/v2/media/ghs/6198bb60-8f83-47a1-9c31-a78b4bbfc3de/3b1858b5-a44d-4766-85b0-4a1cc8aaa905.jpeg?h=225&w=225,
279818458,Tesco British Ready To Eat Roast Chicken Drumsticks 430G,https://www.tesco.com/groceries/en-GB/shop/fresh-food/all?department=Cooked%20Meats%2C%20Antipasti%20%26%20Dips&viewAll=department&page=,£2.80,£0.65/100g,,,/groceries/en-GB/products/279818458,https://digitalcontent.api.tesco.com/v2/media/ghs/30f7b674-464a-46c8-bf5c-ad8ed1ad9350/3a84b333-ea20-4c32-9d68-a1dc48e2a1de.jpeg?h=225&w=225,
302286268,Taste Original 12 Mini Chicken Satay 120G,https://www.tesco.com/groceries/en-GB/shop/fresh-food/all?department=Cooked%20Meats%2C%20Antipasti%20%26%20Dips&viewAll=department&page=,£2.30,£1.92/100g,,,/groceries/en-GB/products/302286268,https://digitalcontent.api.tesco.com/v2/media/ghs/77dae6e7-a215-4032-9060-07816b5b1262/e0d994f4-076c-4f7a-9d77-8da1c2674e52.jpeg?h=225&w=225,
279817799,Tesco Ready To Eat Flame Grilled Chicken Mini Fillets 170G,https://www.tesco.com/groceries/en-GB/shop/fresh-food/all?department=Cooked%20Meats%2C%20Antipasti%20%26%20Dips&viewAll=department&page=,£2.70,£1.59/100g,£2.25 Clubcard Price,,/groceries/en-GB/products/279817799,https://digitalcontent.api.tesco.com/v2/media/ghs/c39ee626-273b-48d1-8e93-1e1b0d433663/7de5cfaa-ac74-4bf4-8328-c32325663f4e.jpeg?h=225&w=225,
310666982,Tesco Prime Cuts Cumberland Sausages Slices 150G,https://www.tesco.com/groceries/en-GB/shop/fresh-food/all?department=Cooked%20Meats%2C%20Antipasti%20%26%20Dips&viewAll=department&page=,£2.00,£1.34/100g,Any 2 for £3.50 Clubcard Price - Selected Tesco Sliced Cooked Meat 90g-150g,,/groceries/en-GB/products/310666982,https://digitalcontent.api.tesco.com/v2/media/ghs/efa8fe80-1ce0-4ffc-92c1-c3811e2b402d/a95dfe43-3e26-4f65-9109-2fb9e0c3024c.jpeg?h=225&w=225,
303880726,Tesco Crumbed Ham 400G,https://www.tesco.com/groceries/en-GB/shop/fresh-food/all?department=Cooked%20Meats%2C%20Antipasti%20%26%20Dips&viewAll=department&page=,£3.00,£0.75/100g,,,/groceries/en-GB/products/303880726,https://digitalcontent.api.tesco.com/v2/media/ghs/5986287b-df64-433e-9553-f200b3c9969c/5e6f32aa-c2a3-4c5c-bea7-eb3196fb675e.jpeg?h=225&w=225,
296070895,Tesco Finest Smoked Applewood Ham 125G,https://www.tesco.com/groceries/en-GB/shop/fresh-food/all?department=Cooked%20Meats%2C%20Antipasti%20%26%20Dips&viewAll=department&page=,£3.00,£2.40/100g,£2.25 Clubcard Price,,/groceries/en-GB/products/296070895,https://digitalcontent.api.tesco.com/v2/media/ghs/a9d68807-c100-4177-8423-ff1f928f5dbb/e85d6d4d-ea7f-4500-8a9f-252cdea0ebb6.jpeg?h=225&w=225,
276307820,Tesco British Pork Wafer Thin Crumbed Ham 125G,https://www.tesco.com/groceries/en-GB/shop/fresh-food/all?department=Cooked%20Meats%2C%20Antipasti%20%26%20Dips&viewAll=department&page=,£2.00,£1.60/100g,Any 2 for £3.50 Clubcard Price - Selected Tesco Sliced Cooked Meat 90g-150g,,/groceries/en-GB/products/276307820,https://digitalcontent.api.tesco.com/v2/media/ghs/adcc7b94-31ee-4688-82cd-7b631adf9ed4/14e78033-e7e8-472f-84e5-18ce21700302.jpeg?h=225&w=225,
266452276,Tesco Continental Selection Platter 120G,https://www.tesco.com/groceries/en-GB/shop/fresh-food/all?department=Cooked%20Meats%2C%20Antipasti%20%26%20Dips&viewAll=department&page=,£2.65,£2.21/100g,Any 2 for £4.50 Clubcard Price - Selected Tesco Deli Sharing 72g - 500g,,/groceries/en-GB/products/266452276,https://digitalcontent.api.tesco.com/v2/media/ghs/cf699b22-d78b-470a-964f-9dee92968a64/618e6161-2cf0-46eb-89c9-338a3344ac5f.jpeg?h=225&w=225,
296526887,Peperami Hot 5 Pack 5X22.5G,https://www.tesco.com/groceries/en-GB/shop/fresh-food/all?department=Cooked%20Meats%2C%20Antipasti%20%26%20Dips&viewAll=department&page=,£2.50,£2.23/100g,,,/groceries/en-GB/products/296526887,https://digitalcontent.api.tesco.com/v2/media/ghs/bcb765b0-4bb9-4670-9ea7-0d5f457d9d2d/bf368d89-87a7-42d1-a826-4b7e4dfdd2bd_436563431.jpeg?h=225&w=225,
300117818,Tesco Farmhouse Pate With Mushrooms 200G,https://www.tesco.com/groceries/en-GB/shop/fresh-food/all?department=Cooked%20Meats%2C%20Antipasti%20%26%20Dips&viewAll=department&page=,£1.85,£0.92/100g,,,/groceries/en-GB/products/300117818,https://digitalcontent.api.tesco.com/v2/media/ghs/2236fb05-43a5-4345-b107-6fd73ec2664c/a4f51614-c0b3-438a-93e4-3e1c6b05f274.jpeg?h=225&w=225,
307154117,Tesco Egg Mayonaise 250G,https://www.tesco.com/groceries/en-GB/shop/fresh-food/all?department=Cooked%20Meats%2C%20Antipasti%20%26%20Dips&viewAll=department&page=,£1.85,£0.74/100g,,,/groceries/en-GB/products/307154117,https://digitalcontent.api.tesco.com/v2/media/ghs/f0596288-dc9e-4997-b821-e515c803f977/751a9012-2cfc-43f5-aced-811bff365d7b.jpeg?h=225&w=225,
310658214,Tesco Shredded Ham Hock 100G,https://www.tesco.com/groceries/en-GB/shop/fresh-food/all?department=Cooked%20Meats%2C%20Antipasti%20%26%20Dips&viewAll=department&page=,£2.00,£2.00/100g,Any 2 for £3.50 Clubcard Price - Selected Tesco Sliced Cooked Meat 90g-150g,,/groceries/en-GB/products/310658214,https://digitalcontent.api.tesco.com/v2/media/ghs/fd0b0458-7624-4208-8fb3-c6c8f2f3e5b0/8ba05451-0c73-4369-b485-b60e8e3442ed.jpeg?h=225&w=225,
309194573,Tesco 10 Chicken Satay Bites 120G,https://www.tesco.com/groceries/en-GB/shop/fresh-food/all?department=Cooked%20Meats%2C%20Antipasti%20%26%20Dips&viewAll=department&page=,£2.15,£1.80/100g,Any 2 for £3.50 Clubcard Price - Selected Tesco Bite Size And Slices 120g - 300g,,/groceries/en-GB/products/309194573,https://digitalcontent.api.tesco.com/v2/media/ghs/eefdffd9-fe91-40b4-a684-c9f1a16e9c42/df77b88c-f1fc-4512-ad03-139b2efcf9e0.jpeg?h=225&w=225,
302490089,Fridge Raiders Southern Style Chicken Bites 6X22.5G,https://www.tesco.com/groceries/en-GB/shop/fresh-food/all?department=Cooked%20Meats%2C%20Antipasti%20%26%20Dips&viewAll=department&page=,£2.80,£2.08/100g,£2.00 Clubcard Price,,/groceries/en-GB/products/302490089,https://digitalcontent.api.tesco.com/v2/media/ghs/bb9c436a-1ec4-4abb-984d-765e09f9e7a3/7772fe40-2f82-4c63-b36b-3d4209e7aa6f.jpeg?h=225&w=225,
279818389,Tesco British Ready To Eat Roast Chicken Thighs 450G,https://www.tesco.com/groceries/en-GB/shop/fresh-food/all?department=Cooked%20Meats%2C%20Antipasti%20%26%20Dips&viewAll=department&page=,£2.80,£0.62/100g,,,/groceries/en-GB/products/279818389,https://digitalcontent.api.tesco.com/v2/media/ghs/18dda36f-6d66-45b8-8649-bacf27efed0b/ee21a08e-d156-4bd1-a075-85905c9d6220.jpeg?h=225&w=225,
303881247,Tesco Wafer Thin Smoked Ham 125G,https://www.tesco.com/groceries/en-GB/shop/fresh-food/all?department=Cooked%20Meats%2C%20Antipasti%20%26%20Dips&viewAll=department&page=,£1.35,£1.08/100g,,,/groceries/en-GB/products/303881247,https://digitalcontent.api.tesco.com/v2/media/ghs/f8f30a4e-69a4-441c-8e78-bba88ba185fb/c6dd5680-6b00-4904-9fb3-8099957aa938.jpeg?h=225&w=225,
303880761,Tesco Honey Roast Ham 125G,https://www.tesco.com/groceries/en-GB/shop/fresh-food/all?department=Cooked%20Meats%2C%20Antipasti%20%26%20Dips&viewAll=department&page=,£1.35,£1.08/100g,,,/groceries/en-GB/products/303880761,https://digitalcontent.api.tesco.com/v2/media/ghs/d68278a9-f3fc-4564-bcb8-fa7b9f74a485/8ef94518-d4cf-4b23-bfd7-aa75a6e4e95d.jpeg?h=225&w=225,
306945122,Tesco Coronation Chicken Sandwich Filler 250G,https://www.tesco.com/groceries/en-GB/shop/fresh-food/all?department=Cooked%20Meats%2C%20Antipasti%20%26%20Dips&viewAll=department&page=,£1.85,£0.74/100g,,,/groceries/en-GB/products/306945122,https://digitalcontent.api.tesco.com/v2/media/ghs/bf1e69f1-b6e7-4942-b03d-e6368cc41bb4/0c8801a2-3265-4b0a-8504-0305b0c0debc.jpeg?h=225&w=225,
307142879,Tesco Tuna & Sweetcorn Sandwich Filler 250G,https://www.tesco.com/groceries/en-GB/shop/fresh-food/all?department=Cooked%20Meats%2C%20Antipasti%20%26%20Dips&viewAll=department&page=,£1.85,£0.74/100g,,,/groceries/en-GB/products/307142879,https://digitalcontent.api.tesco.com/v2/media/ghs/811f9515-73bf-4ca6-b55c-1365f7e7c9de/0973804a-971e-4f61-a41a-04473b832d57.jpeg?h=225&w=225,
305044533,Mattessons Smoked Pork Sausage Original 160G,https://www.tesco.com/groceries/en-GB/shop/fresh-food/all?department=Cooked%20Meats%2C%20Antipasti%20%26%20Dips&viewAll=department&page=,£2.00,£1.25/100g,£1.50 Clubcard Price,,/groceries/en-GB/products/305044533,https://digitalcontent.api.tesco.com/v2/media/ghs/caf7480b-f400-4552-8b34-b1d7d6a9fbe9/8302d63f-653a-4603-b373-d77ebe632e40_1317018312.jpeg?h=225&w=225,
289819678,Tesco 20 Chicken Poppers 200G,https://www.tesco.com/groceries/en-GB/shop/fresh-food/all?department=Cooked%20Meats%2C%20Antipasti%20%26%20Dips&viewAll=department&page=,£2.15,£1.08/100g,Any 2 for £3.50 Clubcard Price - Selected Tesco Bite Size And Slices 120g - 300g,,/groceries/en-GB/products/289819678,https://digitalcontent.api.tesco.com/v2/media/ghs/1c3d8035-ac27-4e20-9866-80752b6cde49/aa558f7e-e533-485f-933c-ba68c8e90fa3.jpeg?h=225&w=225,
268380708,Tesco Pancetta Cubes 130G,https://www.tesco.com/groceries/en-GB/shop/fresh-food/all?department=Cooked%20Meats%2C%20Antipasti%20%26%20Dips&viewAll=department&page=,£1.90,£1.47/100g,£1.70 Clubcard Price,,/groceries/en-GB/products/268380708,https://digitalcontent.api.tesco.com/v2/media/ghs/9988cd64-61f2-48cf-99c2-46c15350102f/ed5fffc9-a667-417b-b959-de8a1c40eefe.jpeg?h=225&w=225,
307131922,Tesco Chicken & Bacon Sandwich Filler 250G,https://www.tesco.com/groceries/en-GB/shop/fresh-food/all?department=Cooked%20Meats%2C%20Antipasti%20%26%20Dips&viewAll=department&page=,£1.85,£0.74/100g,,,/groceries/en-GB/products/307131922,https://digitalcontent.api.tesco.com/v2/media/ghs/a4f2a29c-05c1-4898-9e83-b6fd7ebc7d0a/d7949c19-634b-475e-b3bc-759626bbf79a.jpeg?h=225&w=225,
290315714,Tesco Whole Roast Chicken 1Kg,https://www.tesco.com/groceries/en-GB/shop/fresh-food/all?department=Cooked%20Meats%2C%20Antipasti%20%26%20Dips&viewAll=department&page=,£5.50,£0.55/100g,,,/groceries/en-GB/products/290315714,https://digitalcontent.api.tesco.com/v2/media/ghs/e446db19-31c9-442a-9e67-5cbe3ee92f07/c05f4db1-8d74-4ffe-bace-5e71ec32ef4e.jpeg?h=225&w=225,
266078609,Tesco Reduced Fat Sour Cream & Chive Dip 200G,https://www.tesco.com/groceries/en-GB/shop/fresh-food/all?department=Cooked%20Meats%2C%20Antipasti%20%26%20Dips&viewAll=department&page=,£1.20,£0.60/100g,Any 2 for £2 Clubcard Price - Selected Tesco Dips 163g - 211g,,/groceries/en-GB/products/266078609,https://digitalcontent.api.tesco.com/v2/media/ghs/e3aba8ae-2191-448f-9225-81e2af97f565/9adb94db-924f-409f-b928-fd775d9c2763.jpeg?h=225&w=225,
260083923,Tesco Taramasalata 200G,https://www.tesco.com/groceries/en-GB/shop/fresh-food/all?department=Cooked%20Meats%2C%20Antipasti%20%26%20Dips&viewAll=department&page=,£1.20,£0.60/100g,Any 2 for £2 Clubcard Price - Selected Tesco Dips 163g - 211g,,/groceries/en-GB/products/260083923,https://digitalcontent.api.tesco.com/v2/media/ghs/412efd8e-4510-42e9-912d-02ecdb48658e/80991aa1-c6a7-4f5f-a8ea-3e4dff1b25dd.jpeg?h=225&w=225,
260076333,Tesco Onion & Garlic Dip 200G,https://www.tesco.com/groceries/en-GB/shop/fresh-food/all?department=Cooked%20Meats%2C%20Antipasti%20%26%20Dips&viewAll=department&page=,£1.20,£0.60/100g,Any 2 for £2 Clubcard Price - Selected Tesco Dips 163g - 211g,,/groceries/en-GB/products/260076333,https://digitalcontent.api.tesco.com/v2/media/ghs/570b2b87-b99b-4723-8a27-6f700fc3b14e/0ec5ba8b-00ac-4551-8197-555fecacfe61.jpeg?h=225&w=225,
299955823,Eastman's Chicken Roll Slices 250G,https://www.tesco.com/groceries/en-GB/shop/fresh-food/all?department=Cooked%20Meats%2C%20Antipasti%20%26%20Dips&viewAll=department&page=,£1.12,£0.45/100g,Aldi Price Match,,/groceries/en-GB/products/299955823,https://digitalcontent.api.tesco.com/v2/media/ghs/62d72752-2a42-4e5f-8495-ee7078d89ea1/93b7bd97-26de-43ff-986e-85e7f00553bd.jpeg?h=225&w=225,
260076346,Tesco Cheese & Chive Dip 200G,https://www.tesco.com/groceries/en-GB/shop/fresh-food/all?department=Cooked%20Meats%2C%20Antipasti%20%26%20Dips&viewAll=department&page=,£1.20,£0.60/100g,Any 2 for £2 Clubcard Price - Selected Tesco Dips 163g - 211g,,/groceries/en-GB/products/260076346,https://digitalcontent.api.tesco.com/v2/media/ghs/e30e25f0-6c54-4004-a926-ccca5a6508cc/d47564a8-d9f8-4ac4-81f0-4af13bd39109.jpeg?h=225&w=225,
298766841,Billy Bear Slices 100G,https://www.tesco.com/groceries/en-GB/shop/fresh-food/all?department=Cooked%20Meats%2C%20Antipasti%20%26%20Dips&viewAll=department&page=,£1.20,£1.20/100g,,,/groceries/en-GB/products/298766841,https://digitalcontent.api.tesco.com/v2/media/ghs/2dd4c5e7-4023-4977-b613-25d37abb4b7b/72cff82d-284b-4782-8d2f-184bc254a906.jpeg?h=225&w=225,
266727804,Cauldron Falafel 200G,https://www.tesco.com/groceries/en-GB/shop/fresh-food/all?department=Cooked%20Meats%2C%20Antipasti%20%26%20Dips&viewAll=department&page=,£2.45,£1.23/100g,£1.75 Clubcard Price,,/groceries/en-GB/products/266727804,https://digitalcontent.api.tesco.com/v2/media/ghs/2f3c9b1f-4a6c-4ecf-9773-700e1511a4cb/78268cc6-a066-432d-ace9-901fcff8b356.jpeg?h=225&w=225,
259794296,Tesco Tex Mex Multipack Dips 428G,https://www.tesco.com/groceries/en-GB/shop/fresh-food/all?department=Cooked%20Meats%2C%20Antipasti%20%26%20Dips&viewAll=department&page=,£2.75,£0.64/100g,,,/groceries/en-GB/products/259794296,https://digitalcontent.api.tesco.com/v2/media/ghs/00ade547-6863-49ce-806f-7def3c70d0fc/aacd7ec8-8d01-4f2d-b402-79a3e3d9a5a7.jpeg?h=225&w=225,
299957493,Eastman's Pork & Egg Roll 5 Slices 125G,https://www.tesco.com/groceries/en-GB/shop/fresh-food/all?department=Cooked%20Meats%2C%20Antipasti%20%26%20Dips&viewAll=department&page=,£0.86,£0.69/100g,,,/groceries/en-GB/products/299957493,https://digitalcontent.api.tesco.com/v2/media/ghs/de8eff97-5daa-4eb3-9909-e6dbda15fd5c/0b9c97a4-9d52-43e1-9529-943e66d1c7f6.jpeg?h=225&w=225,
310109168,Eastman's Reduced Fat Houmous 200G,https://www.tesco.com/groceries/en-GB/shop/fresh-food/all?department=Cooked%20Meats%2C%20Antipasti%20%26%20Dips&viewAll=department&page=,£0.69,£0.34/100g,Aldi Price Match,,/groceries/en-GB/products/310109168,https://digitalcontent.api.tesco.com/v2/media/ghs/60cc3e45-6289-46c5-9d81-a242b37f671a/4c8a4f7f-cc9f-440f-9370-6eb12ff71f3b.jpeg?h=225&w=225,
299955800,Eastman's Pork Luncheon Meat 250G,https://www.tesco.com/groceries/en-GB/shop/fresh-food/all?department=Cooked%20Meats%2C%20Antipasti%20%26%20Dips&viewAll=department&page=,£0.86,£0.34/100g,,,/groceries/en-GB/products/299955800,https://digitalcontent.api.tesco.com/v2/media/ghs/94958236-1454-4509-b569-f52bf633a7b2/07b20082-c6c0-4ea4-b33b-91c641d8ce62.jpeg?h=225&w=225,
292278040,Tesco Finest Brussels Pate 170G,https://www.tesco.com/groceries/en-GB/shop/fresh-food/all?department=Cooked%20Meats%2C%20Antipasti%20%26%20Dips&viewAll=department&page=,£2.50,£1.48/100g,,,/groceries/en-GB/products/292278040,https://digitalcontent.api.tesco.com/v2/media/ghs/3b4fda5c-e000-40ed-807b-8ab98de4a9d7/d66cdea8-4ff3-4eb4-9d50-a3d80334ac2d_1005191921.jpeg?h=225&w=225,
266073373,Tesco Kalamata & Green Olives With Feta 150G,https://www.tesco.com/groceries/en-GB/shop/fresh-food/all?department=Cooked%20Meats%2C%20Antipasti%20%26%20Dips&viewAll=department&page=,£2.65,£1.77/100g,Any 2 for £4.50 Clubcard Price - Selected Tesco Deli Sharing 72g - 500g,,/groceries/en-GB/products/266073373,https://digitalcontent.api.tesco.com/v2/media/ghs/61ea91d2-e767-4f04-b667-6859ea69195c/bd908e6e-b866-48fe-acd1-ae1c16c393c1.jpeg?h=225&w=225,
267965923,Tesco Halkidiki Olives With Slow Roasted Tomatoes 160G,https://www.tesco.com/groceries/en-GB/shop/fresh-food/all?department=Cooked%20Meats%2C%20Antipasti%20%26%20Dips&viewAll=department&page=,£2.65,£1.66/100g,Any 2 for £4.50 Clubcard Price - Selected Tesco Deli Sharing 72g - 500g,,/groceries/en-GB/products/267965923,https://digitalcontent.api.tesco.com/v2/media/ghs/c2b1db57-3c1c-4e31-82e9-b6575c1c437f/93afb779-4995-4596-95ed-58bb97b6e713.jpeg?h=225&w=225,
273635925,Tesco Finest Salami Milano 90G,https://www.tesco.com/groceries/en-GB/shop/fresh-food/all?department=Cooked%20Meats%2C%20Antipasti%20%26%20Dips&viewAll=department&page=,£2.35,£2.62/100g,,,/groceries/en-GB/products/273635925,https://digitalcontent.api.tesco.com/v2/media/ghs/6695de82-0222-4be9-b2cb-f750a95c566b/f94e484f-f9f9-471a-9485-04314b973925.jpeg?h=225&w=225,
259793971,Tesco Classic Multipack Dips 516G,https://www.tesco.com/groceries/en-GB/shop/fresh-food/all?department=Cooked%20Meats%2C%20Antipasti%20%26%20Dips&viewAll=department&page=,£2.75,£0.53/100g,,,/groceries/en-GB/products/259793971,https://digitalcontent.api.tesco.com/v2/media/ghs/52ea3be2-23a1-41d9-ba0f-d3678d7e0603/95c05da4-6f7a-4ac4-a2fd-28679b05df90.jpeg?h=225&w=225,
282363121,Tesco Ready To Eat Piri Piri Chicken Pieces 180G,https://www.tesco.com/groceries/en-GB/shop/fresh-food/all?department=Cooked%20Meats%2C%20Antipasti%20%26%20Dips&viewAll=department&page=,£3.15,£1.75/100g,,,/groceries/en-GB/products/282363121,https://digitalcontent.api.tesco.com/v2/media/ghs/b53970cf-594c-487f-8d6e-96112ff01878/d7f82588-4e11-4374-8990-d1dbeadf1b1e.jpeg?h=225&w=225,
286134029,Tesco Coronation Chicken Sandwich Filler 450G,https://www.tesco.com/groceries/en-GB/shop/fresh-food/all?department=Cooked%20Meats%2C%20Antipasti%20%26%20Dips&viewAll=department&page=,£3.00,£0.67/100g,,,/groceries/en-GB/products/286134029,https://digitalcontent.api.tesco.com/v2/media/ghs/9ca43d10-5bc6-4d1f-9710-fbd4c2116ae5/5a974c19-744f-4d13-a7a3-c7663fc7ac07.jpeg?h=225&w=225,
305055105,Mattessons Smoked Pork Sausage Original 260G,https://www.tesco.com/groceries/en-GB/shop/fresh-food/all?department=Cooked%20Meats%2C%20Antipasti%20%26%20Dips&viewAll=department&page=,£3.00,£1.16/100g,,,/groceries/en-GB/products/305055105,https://digitalcontent.api.tesco.com/v2/media/ghs/6c8d81ce-17b4-460e-ad44-976f52a83e13/d4a6331b-0d33-4dda-8569-22236b6cff70_2095425006.jpeg?h=225&w=225,
267317096,Tesco Spanish Tortilla 500G,https://www.tesco.com/groceries/en-GB/shop/fresh-food/all?department=Cooked%20Meats%2C%20Antipasti%20%26%20Dips&viewAll=department&page=,£2.85,£5.70/kg,Any 2 for £4.50 Clubcard Price - Selected Tesco Deli Sharing 72g - 500g,,/groceries/en-GB/products/267317096,https://digitalcontent.api.tesco.com/v2/media/ghs/32342ecd-284f-4f4c-970e-1ed934ef068a/147cdbf7-b693-4f9f-b14d-3220e708b86a.jpeg?h=225&w=225,
283222287,Sabra Houmous Garlic Red Pepper 200G,https://www.tesco.com/groceries/en-GB/shop/fresh-food/all?department=Cooked%20Meats%2C%20Antipasti%20%26%20Dips&viewAll=department&page=,£2.20,£1.10/100g,,,/groceries/en-GB/products/283222287,https://digitalcontent.api.tesco.com/v2/media/ghs/c47a0aec-aab6-422a-a169-55f84f97cccb/44601c13-ad8d-48cd-be45-aed34aee850b.jpeg?h=225&w=225,
279819238,Tesco British Ready To Eat Bbq Roast Chicken Drumsticks 430G,https://www.tesco.com/groceries/en-GB/shop/fresh-food/all?department=Cooked%20Meats%2C%20Antipasti%20%26%20Dips&viewAll=department&page=,£2.80,£0.65/100g,,,/groceries/en-GB/products/279819238,https://digitalcontent.api.tesco.com/v2/media/ghs/98e22d2b-5da2-467a-97d8-a766b5d9467a/6aaf6462-d885-4dfb-b5ee-c9a94d18a8c9.jpeg?h=225&w=225,
275318555,Tesco Finest Spanish Spicy Chorizo 225G,https://www.tesco.com/groceries/en-GB/shop/fresh-food/all?department=Cooked%20Meats%2C%20Antipasti%20%26%20Dips&viewAll=department&page=,£2.50,£1.12/100g,,,/groceries/en-GB/products/275318555,https://digitalcontent.api.tesco.com/v2/media/ghs/22942e6d-5e4b-447b-96a1-e729d81e285d/76453c33-0ab3-4198-9b12-81cbcf085390.jpeg?h=225&w=225,
295014884,Tesco Roast Sliced Chicken 360G,https://www.tesco.com/groceries/en-GB/shop/fresh-food/all?department=Cooked%20Meats%2C%20Antipasti%20%26%20Dips&viewAll=department&page=,£4.20,£1.17/100g,,,/groceries/en-GB/products/295014884,https://digitalcontent.api.tesco.com/v2/media/ghs/497495ff-be7d-4a9e-9dd9-2edf2f8d2055/9e89a1a5-1fee-4ac9-9056-af86878a4642.jpeg?h=225&w=225,
273423174,Tesco Feta Stuffed Peppers 145G,https://www.tesco.com/groceries/en-GB/shop/fresh-food/all?department=Cooked%20Meats%2C%20Antipasti%20%26%20Dips&viewAll=department&page=,£2.65,£1.83/100g,Any 2 for £4.50 Clubcard Price - Selected Tesco Deli Sharing 72g - 500g,,/groceries/en-GB/products/273423174,https://digitalcontent.api.tesco.com/v2/media/ghs/44858d5c-2e7f-4ec1-a092-f7ff71d2a2e0/493bfbd6-efd1-4f60-8065-935ff5adaddd.jpeg?h=225&w=225,
309498104,Tesco Prime Cuts Peppered Ham 125G,https://www.tesco.com/groceries/en-GB/shop/fresh-food/all?department=Cooked%20Meats%2C%20Antipasti%20%26%20Dips&viewAll=department&page=,£2.00,£1.60/100g,Any 2 for £3.50 Clubcard Price - Selected Tesco Sliced Cooked Meat 90g-150g,,/groceries/en-GB/products/309498104,https://digitalcontent.api.tesco.com/v2/media/ghs/917965a5-8b28-4975-bdf9-43e41b8ade5d/82961a1c-3360-4c96-8999-ac4fcdfaf5e3.jpeg?h=225&w=225,
279819342,Tesco British Ready To Eat Bbq Roast Chicken Wings 525G,https://www.tesco.com/groceries/en-GB/shop/fresh-food/all?department=Cooked%20Meats%2C%20Antipasti%20%26%20Dips&viewAll=department&page=,£3.15,£0.60/100g,,,/groceries/en-GB/products/279819342,https://digitalcontent.api.tesco.com/v2/media/ghs/22efb52d-fbd3-424c-bac4-b12486404c3c/d0d2c9c7-784b-496b-b3e1-21a2126eac7a.jpeg?h=225&w=225,
307143666,Tesco Cheese & Onion Sandwich Filler 250G,https://www.tesco.com/groceries/en-GB/shop/fresh-food/all?department=Cooked%20Meats%2C%20Antipasti%20%26%20Dips&viewAll=department&page=,£1.85,£0.74/100g,,,/groceries/en-GB/products/307143666,https://digitalcontent.api.tesco.com/v2/media/ghs/1561c7c2-b546-48b8-8a93-96fdc8579a30/3bd12fb2-b799-4968-802f-2738df146618.jpeg?h=225&w=225,
311271963,Tesco Black & Green Olives 120G,https://www.tesco.com/groceries/en-GB/shop/fresh-food/all?department=Cooked%20Meats%2C%20Antipasti%20%26%20Dips&viewAll=department&page=,£1.55,£1.30/100g,,,/groceries/en-GB/products/311271963,https://digitalcontent.api.tesco.com/v2/media/ghs/18bd1163-1c6f-417c-b393-75b862c46210/da525d48-9221-43dd-831a-b7e8178a9366_1906951835.jpeg?h=225&w=225,
312720419,Bernard Matthews Wafer Thin Turkey Ham 230G,https://www.tesco.com/groceries/en-GB/shop/fresh-food/all?department=Cooked%20Meats%2C%20Antipasti%20%26%20Dips&viewAll=department&page=,£1.90,£0.83/100g,,,/groceries/en-GB/products/312720419,https://digitalcontent.api.tesco.com/v2/media/ghs/a1b67d35-a95d-4f03-831e-6b815b32b84d/9c3562f7-268c-4836-b663-c033f2f65b52.jpeg?h=225&w=225,
287531822,Tesco Mozzarella Slow Roasted Tomatoes 200G,https://www.tesco.com/groceries/en-GB/shop/fresh-food/all?department=Cooked%20Meats%2C%20Antipasti%20%26%20Dips&viewAll=department&page=,£2.65,£1.33/100g,Any 2 for £4.50 Clubcard Price - Selected Tesco Deli Sharing 72g - 500g,,/groceries/en-GB/products/287531822,https://digitalcontent.api.tesco.com/v2/media/ghs/e07b0be5-aff3-40f2-809f-06f664aca036/5ce26a84-7119-425a-a8a8-7cfcea5bb09b.jpeg?h=225&w=225,
299910479,Tesco Prosciutto Crudo & Salami Platter 120G,https://www.tesco.com/groceries/en-GB/shop/fresh-food/all?department=Cooked%20Meats%2C%20Antipasti%20%26%20Dips&viewAll=department&page=,£2.50,£2.09/100g,£2.00 Clubcard Price,,/groceries/en-GB/products/299910479,https://digitalcontent.api.tesco.com/v2/media/ghs/11fb508c-cf25-4667-84d0-d7ef87821d3a/1b329223-a95b-435c-877b-cbb851fe7f33.jpeg?h=225&w=225,
311258824,Tesco Torchon Ham 200G,https://www.tesco.com/groceries/en-GB/shop/fresh-food/all?department=Cooked%20Meats%2C%20Antipasti%20%26%20Dips&viewAll=department&page=,£1.95,£0.98/100g,,New,/groceries/en-GB/products/311258824,https://digitalcontent.api.tesco.com/v2/media/ghs/52843fc2-18ff-49b9-8b24-9478236c2c8f/1bb151eb-5342-4302-8208-71c6402af0bb.jpeg?h=225&w=225,
292277634,Tesco Smooth Smoked Scottish Salmon Pate 100G,https://www.tesco.com/groceries/en-GB/shop/fresh-food/all?department=Cooked%20Meats%2C%20Antipasti%20%26%20Dips&viewAll=department&page=,£1.45,£1.45/100g,,,/groceries/en-GB/products/292277634,https://digitalcontent.api.tesco.com/v2/media/ghs/a6c1acfd-c792-4b0f-be1f-bdf9888128ff/8f9f6554-5f48-4052-b99f-cdd3184c42a3_1997269268.jpeg?h=225&w=225,
266358198,Tesco Bitesize Southern Fried Chicken Straws 168G,https://www.tesco.com/groceries/en-GB/shop/fresh-food/all?department=Cooked%20Meats%2C%20Antipasti%20%26%20Dips&viewAll=department&page=,£2.15,£1.28/100g,Any 2 for £3.50 Clubcard Price - Selected Tesco Bite Size And Slices 120g - 300g,,/groceries/en-GB/products/266358198,https://digitalcontent.api.tesco.com/v2/media/ghs/daea69d7-75dd-431e-9185-829c4909298d/b40025f9-ba8b-4601-92e9-6c46f691edac.jpeg?h=225&w=225,
305942933,Tesco Smashed Avocado With Lime - 200G,https://www.tesco.com/groceries/en-GB/shop/fresh-food/all?department=Cooked%20Meats%2C%20Antipasti%20%26%20Dips&viewAll=department&page=,£2.00,£1.00/100g,,,/groceries/en-GB/products/305942933,https://digitalcontent.api.tesco.com/v2/media/ghs/163d1210-9007-48ff-86af-86d8b8180bb4/b852486e-14e4-4396-97a5-2fc1cd35dbec.jpeg?h=225&w=225,
307344618,Tesco Seafood Seafood Cocktail Sandwich Filler 250G,https://www.tesco.com/groceries/en-GB/shop/fresh-food/all?department=Cooked%20Meats%2C%20Antipasti%20%26%20Dips&viewAll=department&page=,,,,,/groceries/en-GB/products/307344618,https://digitalcontent.api.tesco.com/v2/media/ghs/b638bb63-0a84-49d3-94b1-6f23d705cc83/f42788f1-b444-4b73-b6b7-5b9bbf1dd270_1971903918.jpeg?h=225&w=225,This product's currently out of stock
304789056,Mattessons Smoked Pork Sausages Reduced Fat 160G,https://www.tesco.com/groceries/en-GB/shop/fresh-food/all?department=Cooked%20Meats%2C%20Antipasti%20%26%20Dips&viewAll=department&page=,£2.00,£1.25/100g,£1.50 Clubcard Price,,/groceries/en-GB/products/304789056,https://digitalcontent.api.tesco.com/v2/media/ghs/4f804b69-2760-4797-848c-1b078c2a87ec/9fdbb447-efa3-4320-9e84-32c3a0a716b5.jpeg?h=225&w=225,
312215577,Tesco Prime Cuts Roast Chicken & Stuffing 4 Slices 100G,https://www.tesco.com/groceries/en-GB/shop/fresh-food/all?department=Cooked%20Meats%2C%20Antipasti%20%26%20Dips&viewAll=department&page=,£2.00,£2.00/100g,Any 2 for £3.50 Clubcard Price - Selected Tesco Sliced Cooked Meat 90g-150g,,/groceries/en-GB/products/312215577,https://digitalcontent.api.tesco.com/v2/media/ghs/6502e674-475f-40e2-b107-df8a6c4168fc/326ed9e1-b1fb-4b06-947f-8758e60bb61d.jpeg?h=225&w=225,
296455884,Tesco Aioli Dip 200G,https://www.tesco.com/groceries/en-GB/shop/fresh-food/all?department=Cooked%20Meats%2C%20Antipasti%20%26%20Dips&viewAll=department&page=,£1.20,£0.60/100g,Any 2 for £2 Clubcard Price - Selected Tesco Dips 163g - 211g,,/groceries/en-GB/products/296455884,https://digitalcontent.api.tesco.com/v2/media/ghs/71f307ce-8407-48a2-a5c5-10b5ebbcad90/5bba099c-d0d8-48d7-b33c-0edd5386cc7c.jpeg?h=225&w=225,
304781047,Taste Original Chicken Satay Snack 40G,https://www.tesco.com/groceries/en-GB/shop/fresh-food/all?department=Cooked%20Meats%2C%20Antipasti%20%26%20Dips&viewAll=department&page=,£1.15,£2.88/100g,"£3.40 Meal Deal Clubcard Price £3.90 Meal Deal Regular Price - Selected Drink, Snack, Wrap, Sandwich, Roll, Pasty Or Salad",,/groceries/en-GB/products/304781047,https://digitalcontent.api.tesco.com/v2/media/ghs/0977548e-c164-4bd9-9157-1cdc46fe4a5b/91c8dbc4-c2c6-411d-af21-a81cd8e817fe.jpeg?h=225&w=225,
304781404,Tesco Prosciutto Cotto 100G,https://www.tesco.com/groceries/en-GB/shop/fresh-food/all?department=Cooked%20Meats%2C%20Antipasti%20%26%20Dips&viewAll=department&page=,£1.32,£1.32/100g,Aldi Price Match,,/groceries/en-GB/products/304781404,https://digitalcontent.api.tesco.com/v2/media/ghs/49274069-905b-4f31-a067-b977b83fe772/bb9b6f6a-715b-4edb-b2c2-ace4121500bb_1912370880.jpeg?h=225&w=225,
300542798,Eastmans Ardennes Pate 175G,https://www.tesco.com/groceries/en-GB/shop/fresh-food/all?department=Cooked%20Meats%2C%20Antipasti%20%26%20Dips&viewAll=department&page=,£0.69,£0.40/100g,Aldi Price Match,,/groceries/en-GB/products/300542798,https://digitalcontent.api.tesco.com/v2/media/ghs/dfe3c367-9f5f-4db3-b7e3-352942e9a980/74fb6946-f6fb-4ea9-9bb9-a56e4cb7a172.jpeg?h=225&w=225,
273429726,Tesco Spanish Serrano Ham 80G,https://www.tesco.com/groceries/en-GB/shop/fresh-food/all?department=Cooked%20Meats%2C%20Antipasti%20%26%20Dips&viewAll=department&page=,£1.27,£1.59/100g,Aldi Price Match,,/groceries/en-GB/products/273429726,https://digitalcontent.api.tesco.com/v2/media/ghs/98f2bf87-4275-4eea-a592-b54d1afe6525/fc3a0189-241d-4647-bba0-d5a869e5a57c_1371027731.jpeg?h=225&w=225,
300412329,Tesco German Style Peppered Salami 11 Slices 110G,https://www.tesco.com/groceries/en-GB/shop/fresh-food/all?department=Cooked%20Meats%2C%20Antipasti%20%26%20Dips&viewAll=department&page=,£0.81,£0.74/100g,Aldi Price Match,,/groceries/en-GB/products/300412329,,
310162754,Tesco Honey Roast Ham Chunks 100G,https://www.tesco.com/groceries/en-GB/shop/fresh-food/all?department=Cooked%20Meats%2C%20Antipasti%20%26%20Dips&viewAll=department&page=,£2.00,£2.00/100g,Any 2 for £3.50 Clubcard Price - Selected Tesco Sliced Cooked Meat 90g-150g,,/groceries/en-GB/products/310162754,https://digitalcontent.api.tesco.com/v2/media/ghs/e47ddc07-d1d3-4580-ba3f-1735665c7fe6/ee6d2478-19a0-40fa-9fe8-fa136fa2da80.jpeg?h=225&w=225,
283847072,Me Too Foods Original Houmous 500G,https://www.tesco.com/groceries/en-GB/shop/fresh-food/all?department=Cooked%20Meats%2C%20Antipasti%20%26%20Dips&viewAll=department&page=,£3.50,£0.70/100g,,,/groceries/en-GB/products/283847072,https://digitalcontent.api.tesco.com/v2/media/ghs/25223d12-7dbb-41b3-b1a3-3f95e88f85b4/2821e23d-955f-41b0-a0a5-4bc5666d0cc1.jpeg?h=225&w=225,
268325996,Tesco Egg Mayonnaise Sandwich Filler 450G,https://www.tesco.com/groceries/en-GB/shop/fresh-food/all?department=Cooked%20Meats%2C%20Antipasti%20%26%20Dips&viewAll=department&page=,£3.00,£0.67/100g,,,/groceries/en-GB/products/268325996,https://digitalcontent.api.tesco.com/v2/media/ghs/e92ce2ab-7536-435a-a0fe-6bf224372939/4192e44e-a6fa-4148-8980-0a3a970658ba.jpeg?h=225&w=225,
273636475,Tesco Finest Mortadella Pgi 140G,https://www.tesco.com/groceries/en-GB/shop/fresh-food/all?department=Cooked%20Meats%2C%20Antipasti%20%26%20Dips&viewAll=department&page=,£2.35,£1.68/100g,,,/groceries/en-GB/products/273636475,https://digitalcontent.api.tesco.com/v2/media/ghs/87aa7994-d78e-4634-91e4-e475f89bce4a/d4ed22d8-2be5-4065-8d61-ae229e1d7530.jpeg?h=225&w=225,
306800668,Tesco Bbq Roast Chicken Drumsticks 750G,https://www.tesco.com/groceries/en-GB/shop/fresh-food/all?department=Cooked%20Meats%2C%20Antipasti%20%26%20Dips&viewAll=department&page=,£4.20,£0.56/100g,,,/groceries/en-GB/products/306800668,https://digitalcontent.api.tesco.com/v2/media/ghs/7e17ea13-dca0-4dd7-b3fa-78a520e90dff/c34c4109-5e9e-4625-8ff7-7c33ed3db812.jpeg?h=225&w=225,
311254788,Ramona's Heavenly Houmous Original 500G,https://www.tesco.com/groceries/en-GB/shop/fresh-food/all?department=Cooked%20Meats%2C%20Antipasti%20%26%20Dips&viewAll=department&page=,£3.00,£0.60/100g,,,/groceries/en-GB/products/311254788,https://digitalcontent.api.tesco.com/v2/media/ghs/e6978e6d-e77d-46f2-9429-999d3cd3d0ca/8f1ca9f5-3ca8-43c8-8490-769ecad667d0.jpeg?h=225&w=225,
287787562,Tesco Mixed Olives With Cheddar 220G,https://www.tesco.com/groceries/en-GB/shop/fresh-food/all?department=Cooked%20Meats%2C%20Antipasti%20%26%20Dips&viewAll=department&page=,£2.65,£1.21/100g,Any 2 for £4.50 Clubcard Price - Selected Tesco Deli Sharing 72g - 500g,,/groceries/en-GB/products/287787562,https://digitalcontent.api.tesco.com/v2/media/ghs/bf3311c7-48e4-42ed-8b8b-8ff12c2aa3d1/a39923ec-0e60-485f-94e4-b1abb049dd91.jpeg?h=225&w=225,
296233323,Tesco Falafel 152G,https://www.tesco.com/groceries/en-GB/shop/fresh-food/all?department=Cooked%20Meats%2C%20Antipasti%20%26%20Dips&viewAll=department&page=,£2.65,£1.75/100g,Any 2 for £4.50 Clubcard Price - Selected Tesco Deli Sharing 72g - 500g,,/groceries/en-GB/products/296233323,https://digitalcontent.api.tesco.com/v2/media/ghs/1fa67807-7552-473c-a36d-a00463fb8565/d593f637-d508-4923-8972-a1669fd3e036.jpeg?h=225&w=225,
305970899,Tesco German Style Meat & Cheese Selection 120G,https://www.tesco.com/groceries/en-GB/shop/fresh-food/all?department=Cooked%20Meats%2C%20Antipasti%20%26%20Dips&viewAll=department&page=,£2.65,£2.21/100g,Any 2 for £4.50 Clubcard Price - Selected Tesco Deli Sharing 72g - 500g,,/groceries/en-GB/products/305970899,https://digitalcontent.api.tesco.com/v2/media/ghs/443821f4-56a7-4589-999c-30e502036b52/001605fc-eb27-4166-831c-a313bc6bad23.jpeg?h=225&w=225,
295176576,Tesco British Wafer Thin Honey Roast Ham 400G,https://www.tesco.com/groceries/en-GB/shop/fresh-food/all?department=Cooked%20Meats%2C%20Antipasti%20%26%20Dips&viewAll=department&page=,£4.60,£1.15/100g,,,/groceries/en-GB/products/295176576,https://digitalcontent.api.tesco.com/v2/media/ghs/6c61596e-80d6-4640-a131-2574678c9599/d1de1296-39a2-4135-a0e2-4320b07d45c6.jpeg?h=225&w=225,
286168375,Tesco Tuna & Sweetcorn Sandwich Filler 450G,https://www.tesco.com/groceries/en-GB/shop/fresh-food/all?department=Cooked%20Meats%2C%20Antipasti%20%26%20Dips&viewAll=department&page=,£3.00,£0.67/100g,,,/groceries/en-GB/products/286168375,https://digitalcontent.api.tesco.com/v2/media/ghs/b60634d5-8b64-4c53-a5cb-4339493a57a8/88acc77f-e295-4539-be01-f69d8c0a9b66.jpeg?h=225&w=225,
305951035,Tesco Olives With Lemon & Herbs 200G,https://www.tesco.com/groceries/en-GB/shop/fresh-food/all?department=Cooked%20Meats%2C%20Antipasti%20%26%20Dips&viewAll=department&page=,£2.65,£1.33/100g,Any 2 for £4.50 Clubcard Price - Selected Tesco Deli Sharing 72g - 500g,,/groceries/en-GB/products/305951035,https://digitalcontent.api.tesco.com/v2/media/ghs/33539c13-0a5d-4583-958d-479e767c6f20/7c4462de-0a0e-42c0-b0bc-f0b0b8a297cb.jpeg?h=225&w=225,
283222229,Sabra Houmous Extra 200G,https://www.tesco.com/groceries/en-GB/shop/fresh-food/all?department=Cooked%20Meats%2C%20Antipasti%20%26%20Dips&viewAll=department&page=,£2.20,£1.10/100g,,,/groceries/en-GB/products/283222229,https://digitalcontent.api.tesco.com/v2/media/ghs/7cf863df-8c9e-4acf-8f0e-9bfdeccd91d8/39df3273-deb7-44c1-be39-5b31283a74f5.jpeg?h=225&w=225,
305828234,Tesco Meat & Cheese Snacking Selection 105G,https://www.tesco.com/groceries/en-GB/shop/fresh-food/all?department=Cooked%20Meats%2C%20Antipasti%20%26%20Dips&viewAll=department&page=,£2.65,£2.53/100g,Any 2 for £4.50 Clubcard Price - Selected Tesco Deli Sharing 72g - 500g,,/groceries/en-GB/products/305828234,https://digitalcontent.api.tesco.com/v2/media/ghs/1c3800ff-8b38-4feb-89ea-752fb7611959/f6aef410-a0ed-44fa-9630-459df100a5ea_28688730.jpeg?h=225&w=225,
309491025,Tesco Hot & Spicy Chicken Wings 525G,https://www.tesco.com/groceries/en-GB/shop/fresh-food/all?department=Cooked%20Meats%2C%20Antipasti%20%26%20Dips&viewAll=department&page=,£3.15,£0.60/100g,,,/groceries/en-GB/products/309491025,https://digitalcontent.api.tesco.com/v2/media/ghs/2e0aae4f-ac68-433c-97b7-386da50f8218/02d97e83-5ddc-4c7c-9675-8a6eaf8eee0e.jpeg?h=225&w=225,
285398910,Tesco Mediterranean Inspired Platter 230G,https://www.tesco.com/groceries/en-GB/shop/fresh-food/all?department=Cooked%20Meats%2C%20Antipasti%20%26%20Dips&viewAll=department&page=,£2.65,£1.16/100g,Any 2 for £4.50 Clubcard Price - Selected Tesco Deli Sharing 72g - 500g,,/groceries/en-GB/products/285398910,https://digitalcontent.api.tesco.com/v2/media/ghs/a700d1dc-eec5-4b91-ace0-96a20d84c87f/bce3ae16-2b82-4978-a9b4-d43d44fc6851.jpeg?h=225&w=225,
268273749,Tesco Chicken Kiev Bites 216G,https://www.tesco.com/groceries/en-GB/shop/fresh-food/all?department=Cooked%20Meats%2C%20Antipasti%20%26%20Dips&viewAll=department&page=,£2.15,£1.00/100g,Any 2 for £3.50 Clubcard Price - Selected Tesco Bite Size And Slices 120g - 300g,,/groceries/en-GB/products/268273749,https://digitalcontent.api.tesco.com/v2/media/ghs/7d68c800-ae4f-4db2-b920-9e4042f84967/81088787-29f3-4d5c-8198-668183621b9a.jpeg?h=225&w=225,
296233778,Tesco Feta And Herb Spinach Pastries 130G,https://www.tesco.com/groceries/en-GB/shop/fresh-food/all?department=Cooked%20Meats%2C%20Antipasti%20%26%20Dips&viewAll=department&page=,£2.65,£2.04/100g,Any 2 for £4.50 Clubcard Price - Selected Tesco Deli Sharing 72g - 500g,,/groceries/en-GB/products/296233778,https://digitalcontent.api.tesco.com/v2/media/ghs/bab9a3b7-bb52-4cb0-a46b-d2bf2a20fb54/e9c4a544-b053-4143-b4c0-5e5031825e29.jpeg?h=225&w=225,
296234028,Tesco Sundried Tomatoes 225G,https://www.tesco.com/groceries/en-GB/shop/fresh-food/all?department=Cooked%20Meats%2C%20Antipasti%20%26%20Dips&viewAll=department&page=,£2.65,£1.18/100g,Any 2 for £4.50 Clubcard Price - Selected Tesco Deli Sharing 72g - 500g,,/groceries/en-GB/products/296234028,https://digitalcontent.api.tesco.com/v2/media/ghs/3193d0b8-2bef-43c6-a681-6e34c49522c8/70914533-943c-4099-bf38-d78d3e11c27c.jpeg?h=225&w=225,
304417532,Tesco Spanish Inspired Selection 120G,https://www.tesco.com/groceries/en-GB/shop/fresh-food/all?department=Cooked%20Meats%2C%20Antipasti%20%26%20Dips&viewAll=department&page=,£2.65,£2.21/100g,Any 2 for £4.50 Clubcard Price - Selected Tesco Deli Sharing 72g - 500g,,/groceries/en-GB/products/304417532,https://digitalcontent.api.tesco.com/v2/media/ghs/f367e7b0-b160-4f7e-831d-3a16a160f38c/7a30a6a6-31cb-4157-93e8-43ffe1aeff6e_1001874974.jpeg?h=225&w=225,
307153061,Tesco Chicken & Bacon Sandwich Filler 450G,https://www.tesco.com/groceries/en-GB/shop/fresh-food/all?department=Cooked%20Meats%2C%20Antipasti%20%26%20Dips&viewAll=department&page=,£3.00,£0.67/100g,,,/groceries/en-GB/products/307153061,https://digitalcontent.api.tesco.com/v2/media/ghs/c01d0b6f-98d1-4b45-8d64-74aef9afb0cc/458ebe1a-072f-40e6-af44-9a6a6858c37c.jpeg?h=225&w=225,
302489656,Peperami & Cheese Snack Box 50G,https://www.tesco.com/groceries/en-GB/shop/fresh-food/all?department=Cooked%20Meats%2C%20Antipasti%20%26%20Dips&viewAll=department&page=,£1.50,£3.00/100g,£1.25 Clubcard Price,,/groceries/en-GB/products/302489656,https://digitalcontent.api.tesco.com/v2/media/ghs/6e31572d-5aa1-4fd7-8a3c-fd3ad9b235e7/f4430077-2e24-4ad7-bbae-2c1161b260de.jpeg?h=225&w=225,
312713601,Bernard Matthews Cooked Turkey Breast Chunks 90G,https://www.tesco.com/groceries/en-GB/shop/fresh-food/all?department=Cooked%20Meats%2C%20Antipasti%20%26%20Dips&viewAll=department&page=,£1.10,£1.23/100g,,,/groceries/en-GB/products/312713601,https://digitalcontent.api.tesco.com/v2/media/ghs/ff3b594a-cc68-491a-b7f6-009f5b87644e/52be71b5-6224-47f9-9c7e-79b48bed7da9.jpeg?h=225&w=225,
298766887,Paw Patrol Slices 100G,https://www.tesco.com/groceries/en-GB/shop/fresh-food/all?department=Cooked%20Meats%2C%20Antipasti%20%26%20Dips&viewAll=department&page=,£1.20,£1.20/100g,,,/groceries/en-GB/products/298766887,https://digitalcontent.api.tesco.com/v2/media/ghs/682268e9-7c0a-4695-a842-8b129ee75ad3/5abdb02e-785c-4906-a9fd-889a9f4df6f7.jpeg?h=225&w=225,
292716317,Tesco 6 Bratwurst Sausages 540G,https://www.tesco.com/groceries/en-GB/shop/fresh-food/all?department=Cooked%20Meats%2C%20Antipasti%20%26%20Dips&viewAll=department&page=,£2.25,£0.42/100g,,,/groceries/en-GB/products/292716317,https://digitalcontent.api.tesco.com/v2/media/ghs/b85f84fb-64ca-4aea-9cdd-f3560a1579d3/3250b63c-a822-48b8-8347-a118cc01b655.jpeg?h=225&w=225,
312346603,Tesco 3 Houmous Stack 180G,https://www.tesco.com/groceries/en-GB/shop/fresh-food/all?department=Cooked%20Meats%2C%20Antipasti%20%26%20Dips&viewAll=department&page=,£1.50,£0.83/100g,,,/groceries/en-GB/products/312346603,https://digitalcontent.api.tesco.com/v2/media/ghs/deeabdb9-79f9-4a2e-9859-8dd257561cdf/722fead6-84a5-4745-b415-9edc671b4153.jpeg?h=225&w=225,
292277657,Tesco Orkney Crab Pate 100G,https://www.tesco.com/groceries/en-GB/shop/fresh-food/all?department=Cooked%20Meats%2C%20Antipasti%20%26%20Dips&viewAll=department&page=,£1.45,£1.45/100g,,,/groceries/en-GB/products/292277657,https://digitalcontent.api.tesco.com/v2/media/ghs/801e52b7-ecef-4d01-8d8e-e51ca1febdc9/4c3c00d7-95de-4bbc-b815-67aa2daec8a0_1681905665.jpeg?h=225&w=225,
299848829,Tesco Reduced Fat 10 Salami Slices 100G,https://www.tesco.com/groceries/en-GB/shop/fresh-food/all?department=Cooked%20Meats%2C%20Antipasti%20%26%20Dips&viewAll=department&page=,£0.99,£0.99/100g,,,/groceries/en-GB/products/299848829,https://digitalcontent.api.tesco.com/v2/media/ghs/14743a27-a625-4e5e-8cb9-1e0b997477e3/4754ee27-b4cd-4a91-894f-1cc24131fa12.jpeg?h=225&w=225,
299927696,Eastmans Garlic Sausage 10 Slices 125G,https://www.tesco.com/groceries/en-GB/shop/fresh-food/all?department=Cooked%20Meats%2C%20Antipasti%20%26%20Dips&viewAll=department&page=,£0.86,£0.69/100g,,,/groceries/en-GB/products/299927696,https://digitalcontent.api.tesco.com/v2/media/ghs/97db2ec7-03d7-4eaa-8ff5-4d5d0cab6ead/acba8abd-0c21-42b9-985d-f7676750e3a7.jpeg?h=225&w=225,
297738721,Taste Inc 100% Chargrilled Chicken Fillets Original 5X35g,https://www.tesco.com/groceries/en-GB/shop/fresh-food/all?department=Cooked%20Meats%2C%20Antipasti%20%26%20Dips&viewAll=department&page=,£2.75,£1.58/100g,,,/groceries/en-GB/products/297738721,https://digitalcontent.api.tesco.com/v2/media/ghs/a0349061-255f-4d12-8bdd-002df255c9d4/9ea0c4f6-b702-450c-abde-679399b7e329.jpeg?h=225&w=225,
302530095,Taste Inc 100% Chargrilled Chicken Fillets Bbq 175G,https://www.tesco.com/groceries/en-GB/shop/fresh-food/all?department=Cooked%20Meats%2C%20Antipasti%20%26%20Dips&viewAll=department&page=,£2.75,£1.58/100g,,,/groceries/en-GB/products/302530095,https://digitalcontent.api.tesco.com/v2/media/ghs/89d11f10-7f30-461b-8f43-0dfdbb16f964/ff337907-4926-44a6-b765-86d697432be4.jpeg?h=225&w=225,
308453188,Tesco Chorizo Sausages For Cooking 200G,https://www.tesco.com/groceries/en-GB/shop/fresh-food/all?department=Cooked%20Meats%2C%20Antipasti%20%26%20Dips&viewAll=department&page=,£2.70,£1.35/100g,,,/groceries/en-GB/products/308453188,https://digitalcontent.api.tesco.com/v2/media/ghs/e755f2b4-88fe-488b-b308-38327f7d9037/205d2888-add6-44f3-8523-e1bf7e482516_1041170423.jpeg?h=225&w=225,
305985726,Tesco 8 Iberico Cheese & Serrano Rollitos 88G,https://www.tesco.com/groceries/en-GB/shop/fresh-food/all?department=Cooked%20Meats%2C%20Antipasti%20%26%20Dips&viewAll=department&page=,£2.65,£3.02/100g DR.WT,Any 2 for £4.50 Clubcard Price - Selected Tesco Deli Sharing 72g - 500g,,/groceries/en-GB/products/305985726,https://digitalcontent.api.tesco.com/v2/media/ghs/a1c9cf72-6125-418b-9d9a-9138972a4a41/54d71a51-a4dd-4ca4-b14a-2ff714ae6edb_258581840.jpeg?h=225&w=225,
286133589,Tesco Cheese & Onion Sandwich Filler 450G,https://www.tesco.com/groceries/en-GB/shop/fresh-food/all?department=Cooked%20Meats%2C%20Antipasti%20%26%20Dips&viewAll=department&page=,£3.00,£0.67/100g,,,/groceries/en-GB/products/286133589,https://digitalcontent.api.tesco.com/v2/media/ghs/ef5705f4-69de-4023-82a3-c50ccf2efe2d/77afb2f4-d64b-4836-a57d-61f6ac90c468.jpeg?h=225&w=225,
303694434,Tesco Fajita Cooked Chicken Breast Mini Fillets 170G,https://www.tesco.com/groceries/en-GB/shop/fresh-food/all?department=Cooked%20Meats%2C%20Antipasti%20%26%20Dips&viewAll=department&page=,£2.70,£1.59/100g,,,/groceries/en-GB/products/303694434,https://digitalcontent.api.tesco.com/v2/media/ghs/f2dee49f-917c-49a4-9773-1ebd9a882244/a76d486c-b73e-4385-8d93-2196d2c1ae6a.jpeg?h=225&w=225,
258091461,Tesco Italian Salami Selection Platter 120G,https://www.tesco.com/groceries/en-GB/shop/fresh-food/all?department=Cooked%20Meats%2C%20Antipasti%20%26%20Dips&viewAll=department&page=,£2.50,£2.09/100g,,,/groceries/en-GB/products/258091461,https://digitalcontent.api.tesco.com/v2/media/ghs/0f79cf80-c013-44dd-919d-7b4956eec648/69119562-8e04-4f73-b88b-fd2f9a3d433c.jpeg?h=225&w=225,
299910780,Tesco Finest Extra Virgin Olive Oil Houmous 170G,https://www.tesco.com/groceries/en-GB/shop/fresh-food/all?department=Cooked%20Meats%2C%20Antipasti%20%26%20Dips&viewAll=department&page=,£2.10,£1.24/100g,,,/groceries/en-GB/products/299910780,https://digitalcontent.api.tesco.com/v2/media/ghs/ab84a41f-0d41-447e-a2ae-84ef5fbce642/52007105-92dd-4059-908b-03be94d0f338.jpeg?h=225&w=225,
303695076,Tesco Tikka Cooked Chicken Breast Thins 180G,https://www.tesco.com/groceries/en-GB/shop/fresh-food/all?department=Cooked%20Meats%2C%20Antipasti%20%26%20Dips&viewAll=department&page=,£3.15,£1.75/100g,£2.65 Clubcard Price,,/groceries/en-GB/products/303695076,https://digitalcontent.api.tesco.com/v2/media/ghs/018a45cf-6af0-46b5-94e5-9314a856f191/a8cac33b-8fb3-4c5d-891f-86616c06b720.jpeg?h=225&w=225,
266520697,Tesco Finest Sliced Smoked Pancetta 110G,https://www.tesco.com/groceries/en-GB/shop/fresh-food/all?department=Cooked%20Meats%2C%20Antipasti%20%26%20Dips&viewAll=department&page=,£2.35,£2.14/100g,,,/groceries/en-GB/products/266520697,https://digitalcontent.api.tesco.com/v2/media/ghs/fc1f523b-30a7-4e47-96b4-504a01a5ad45/06ef350a-8ef8-4eda-b410-e3ddea21addd.jpeg?h=225&w=225,
299911081,Tesco Finest Moroccan Inspired Houmous 170G,https://www.tesco.com/groceries/en-GB/shop/fresh-food/all?department=Cooked%20Meats%2C%20Antipasti%20%26%20Dips&viewAll=department&page=,£2.10,£1.24/100g,,,/groceries/en-GB/products/299911081,https://digitalcontent.api.tesco.com/v2/media/ghs/022fd070-707d-4076-8ecd-bde66b9cecf7/58054028-d5d5-427a-b38e-9f6581f7cb22.jpeg?h=225&w=225,
309487555,Tesco Finest Turkey Apple & Cranberry Stuffing 125G,https://www.tesco.com/groceries/en-GB/shop/fresh-food/all?department=Cooked%20Meats%2C%20Antipasti%20%26%20Dips&viewAll=department&page=,£3.00,£2.40/100g,,,/groceries/en-GB/products/309487555,https://digitalcontent.api.tesco.com/v2/media/ghs/18add895-7c60-4b7b-b1d3-65c1bad3885d/8ee33fcd-913e-4062-ae61-66fc8bdf1ea3.jpeg?h=225&w=225,
305831229,Tesco Mixed Olives With Garlic & Chilli 210G,https://www.tesco.com/groceries/en-GB/shop/fresh-food/all?department=Cooked%20Meats%2C%20Antipasti%20%26%20Dips&viewAll=department&page=,£2.65,£1.27/100g,Any 2 for £4.50 Clubcard Price - Selected Tesco Deli Sharing 72g - 500g,,/groceries/en-GB/products/305831229,https://digitalcontent.api.tesco.com/v2/media/ghs/8391f3c7-d37e-4087-b731-e98a281b415c/e30187fa-a926-449c-af3a-b6c475a066ac.jpeg?h=225&w=225,
306952551,Holy Moly Guacamole Original 150G,https://www.tesco.com/groceries/en-GB/shop/fresh-food/all?department=Cooked%20Meats%2C%20Antipasti%20%26%20Dips&viewAll=department&page=,£2.20,£1.47/100g,,,/groceries/en-GB/products/306952551,https://digitalcontent.api.tesco.com/v2/media/ghs/1c390503-eb89-4ad1-92e3-98ce58f7301e/3c1406b5-a2ef-4fbf-bc5b-478de2e9b349.jpeg?h=225&w=225,
254982847,Herta 4 Jumbo Frankfurters 360G,https://www.tesco.com/groceries/en-GB/shop/fresh-food/all?department=Cooked%20Meats%2C%20Antipasti%20%26%20Dips&viewAll=department&page=,£3.10,£0.86/100g,,,/groceries/en-GB/products/254982847,https://digitalcontent.api.tesco.com/v2/media/ghs/22a1411d-ea65-4f5d-a77f-62fd1842782b/1e43c0be-dbcf-44ff-bd64-56f5222d68d5.jpeg?h=225&w=225,
311226914,Tesco Pitted Nocellara Olives 140G,https://www.tesco.com/groceries/en-GB/shop/fresh-food/all?department=Cooked%20Meats%2C%20Antipasti%20%26%20Dips&viewAll=department&page=,£2.65,£1.90/100g,Any 2 for £4.50 Clubcard Price - Selected Tesco Deli Sharing 72g - 500g,,/groceries/en-GB/products/311226914,https://digitalcontent.api.tesco.com/v2/media/ghs/f2fc6f7e-6486-4873-8d75-792d90b8d07e/84575cc2-27d5-4479-9cbf-15e5f7f1d5ae.jpeg?h=225&w=225,
296233968,Tesco Chargrilled Artichokes 140G,https://www.tesco.com/groceries/en-GB/shop/fresh-food/all?department=Cooked%20Meats%2C%20Antipasti%20%26%20Dips&viewAll=department&page=,£2.65,£1.90/100g,Any 2 for £4.50 Clubcard Price - Selected Tesco Deli Sharing 72g - 500g,,/groceries/en-GB/products/296233968,https://digitalcontent.api.tesco.com/v2/media/ghs/682e42f9-c646-4870-88cb-ef276dba9bf5/0f746139-e447-4f52-a57a-c9be01db0b9c.jpeg?h=225&w=225,
296233444,Tesco Italian Inspired Smoked Selection 120G,https://www.tesco.com/groceries/en-GB/shop/fresh-food/all?department=Cooked%20Meats%2C%20Antipasti%20%26%20Dips&viewAll=department&page=,£2.65,£2.21/100g,Any 2 for £4.50 Clubcard Price - Selected Tesco Deli Sharing 72g - 500g,,/groceries/en-GB/products/296233444,https://digitalcontent.api.tesco.com/v2/media/ghs/6b4d29c3-b8f4-4e23-9805-da2e0dea693e/4a1f5cfe-c33a-48cf-824b-931a0c64a75e.jpeg?h=225&w=225,
297149440,Tesco Rollitos Chorizo & Gouda 88G,https://www.tesco.com/groceries/en-GB/shop/fresh-food/all?department=Cooked%20Meats%2C%20Antipasti%20%26%20Dips&viewAll=department&page=,£2.65,£3.02/100g,Any 2 for £4.50 Clubcard Price - Selected Tesco Deli Sharing 72g - 500g,,/groceries/en-GB/products/297149440,https://digitalcontent.api.tesco.com/v2/media/ghs/369cd359-da86-4c6d-ad73-c9b7ace9e8d8/d078bbcb-90f1-4392-b42d-1a3f1bed48b4.jpeg?h=225&w=225,
312228749,Tesco Prime Cuts Bbq Flavoured Chicken 125G,https://www.tesco.com/groceries/en-GB/shop/fresh-food/all?department=Cooked%20Meats%2C%20Antipasti%20%26%20Dips&viewAll=department&page=,£2.00,£1.60/100g,Any 2 for £3.50 Clubcard Price - Selected Tesco Sliced Cooked Meat 90g-150g,,/groceries/en-GB/products/312228749,https://digitalcontent.api.tesco.com/v2/media/ghs/9d682b4e-67d0-4b5f-98d5-88e66e26f8cc/f0f7ac1c-0e7b-4e95-b143-a45c7fa076b9.jpeg?h=225&w=225,
306827019,Eastmans Sweet And Smoky Chicken Chunks 240G,https://www.tesco.com/groceries/en-GB/shop/fresh-food/all?department=Cooked%20Meats%2C%20Antipasti%20%26%20Dips&viewAll=department&page=,£1.99,£0.83/100g,,,/groceries/en-GB/products/306827019,https://digitalcontent.api.tesco.com/v2/media/ghs/d861a8a7-5f8c-4e58-91a2-d5f8cf719238/6e6afcb7-6720-4975-aeae-2a19af9d23ca.jpeg?h=225&w=225,
311268173,Tesco Green Olives 120G,https://www.tesco.com/groceries/en-GB/shop/fresh-food/all?department=Cooked%20Meats%2C%20Antipasti%20%26%20Dips&viewAll=department&page=,£1.55,£1.30/100g,,,/groceries/en-GB/products/311268173,https://digitalcontent.api.tesco.com/v2/media/ghs/9d776841-d414-47fb-8b9a-5de77ca707ac/02272d65-6f9e-4476-82eb-7e05a76dc45a_1483953611.jpeg?h=225&w=225,
312716707,Peperami Tikka Chicken Bites 4X25g,https://www.tesco.com/groceries/en-GB/shop/fresh-food/all?department=Cooked%20Meats%2C%20Antipasti%20%26%20Dips&viewAll=department&page=,£2.00,£2.00/100g,£1.50 Clubcard Price,,/groceries/en-GB/products/312716707,https://digitalcontent.api.tesco.com/v2/media/ghs/4a7f21d6-4656-4e7e-bf21-13dbfceebb80/7045e5b7-57fc-476a-a2af-68bd6c3df5ef.jpeg?h=225&w=225,
303579905,Tesco Mushroom Pate 100G,https://www.tesco.com/groceries/en-GB/shop/fresh-food/all?department=Cooked%20Meats%2C%20Antipasti%20%26%20Dips&viewAll=department&page=,£1.50,£1.50/100g,,,/groceries/en-GB/products/303579905,https://digitalcontent.api.tesco.com/v2/media/ghs/e981b9de-20c0-4ca9-a9b7-e044b21f372f/648e76d8-4f99-431b-88a0-0a13f8e0d922_1587537799.jpeg?h=225&w=225,
305988660,Tesco Smashed Avocado With Chilli - 200G,https://www.tesco.com/groceries/en-GB/shop/fresh-food/all?department=Cooked%20Meats%2C%20Antipasti%20%26%20Dips&viewAll=department&page=,£2.00,£1.00/100g,,,/groceries/en-GB/products/305988660,https://digitalcontent.api.tesco.com/v2/media/ghs/587b498c-0334-4348-b03b-413484d017ff/677a9529-fc58-4d04-b53e-2585a549d707.jpeg?h=225&w=225,
312587191,Bernard Matthews Bbq Cooked Turkey Breast Chunks 90G,https://www.tesco.com/groceries/en-GB/shop/fresh-food/all?department=Cooked%20Meats%2C%20Antipasti%20%26%20Dips&viewAll=department&page=,£1.10,£1.23/100g,,,/groceries/en-GB/products/312587191,https://digitalcontent.api.tesco.com/v2/media/ghs/00523a0a-b46e-4985-9ab7-01ee261649bf/c9d10fad-295e-4cd2-904c-f1f076e44e8a.jpeg?h=225&w=225,
307733947,Tesco Prime Cuts Garlic & Herb Ham 130G,https://www.tesco.com/groceries/en-GB/shop/fresh-food/all?department=Cooked%20Meats%2C%20Antipasti%20%26%20Dips&viewAll=department&page=,£2.00,£1.54/100g,Any 2 for £3.50 Clubcard Price - Selected Tesco Sliced Cooked Meat 90g-150g,,/groceries/en-GB/products/307733947,https://digitalcontent.api.tesco.com/v2/media/ghs/b601529b-1421-41f4-a6ae-fd20ebfa347e/d3dd4d63-51cf-4f93-9672-b562ff918d9d.jpeg?h=225&w=225,
306649409,Tesco Green Olives With Herbs 60G,https://www.tesco.com/groceries/en-GB/shop/fresh-food/all?department=Cooked%20Meats%2C%20Antipasti%20%26%20Dips&viewAll=department&page=,£1.15,£1.92/100g,"£3.40 Meal Deal Clubcard Price £3.90 Meal Deal Regular Price - Selected Drink, Snack, Wrap, Sandwich, Roll, Pasty Or Salad",,/groceries/en-GB/products/306649409,https://digitalcontent.api.tesco.com/v2/media/ghs/fc906c5a-d9bb-4838-93a5-7e51a892daf7/cd1b15c2-ec92-477a-bf66-ed7844a79a32_329037568.jpeg?h=225&w=225,
312578357,Tesco Deli Pork Haslet 120G 120G,https://www.tesco.com/groceries/en-GB/shop/fresh-food/all?department=Cooked%20Meats%2C%20Antipasti%20%26%20Dips&viewAll=department&page=,£1.25,£1.05/100g,,New,/groceries/en-GB/products/312578357,https://digitalcontent.api.tesco.com/v2/media/ghs/596ef1b4-7685-4372-86bf-9ca840dfe03b/1df59cc5-8da4-4985-bdca-6c5c02aff839.jpeg?h=225&w=225,
300117790,Tesco Reduced Fat Brussels Pate 200G,https://www.tesco.com/groceries/en-GB/shop/fresh-food/all?department=Cooked%20Meats%2C%20Antipasti%20%26%20Dips&viewAll=department&page=,£1.10,£0.55/100g,,,/groceries/en-GB/products/300117790,https://digitalcontent.api.tesco.com/v2/media/ghs/59969861-63a1-4bf6-a1df-48de82474604/745c98ca-f480-4826-b21d-31f94f3d55f3.jpeg?h=225&w=225,
305733829,Tesco Smooth Tuna Pate 110G,https://www.tesco.com/groceries/en-GB/shop/fresh-food/all?department=Cooked%20Meats%2C%20Antipasti%20%26%20Dips&viewAll=department&page=,£1.45,£1.32/100g,,,/groceries/en-GB/products/305733829,https://digitalcontent.api.tesco.com/v2/media/ghs/61e1d08a-c079-492d-8234-6991374536f3/af8c28e6-b50a-4680-bd82-f990d8260045_1846733904.jpeg?h=225&w=225,
312715947,Tesco Deli Liver Sausage 100G,https://www.tesco.com/groceries/en-GB/shop/fresh-food/all?department=Cooked%20Meats%2C%20Antipasti%20%26%20Dips&viewAll=department&page=,£0.85,£0.85/100g,,New,/groceries/en-GB/products/312715947,https://digitalcontent.api.tesco.com/v2/media/ghs/83e15720-00dd-466a-8e96-75c3bc8c721b/41484013-367d-472b-8870-053ac39c31fa.jpeg?h=225&w=225,
292277611,Tesco Chicken Liver Pate 200G,https://www.tesco.com/groceries/en-GB/shop/fresh-food/all?department=Cooked%20Meats%2C%20Antipasti%20%26%20Dips&viewAll=department&page=,£1.10,£0.55/100g,,,/groceries/en-GB/products/292277611,https://digitalcontent.api.tesco.com/v2/media/ghs/741ac042-b4df-4c4d-b043-041b8259149a/18006a7e-f5cf-477e-911b-6689bd7e31c4.jpeg?h=225&w=225,
285415004,Tesco Smoked Prosciutto & Salami Plat 200G,https://www.tesco.com/groceries/en-GB/shop/fresh-food/all?department=Cooked%20Meats%2C%20Antipasti%20%26%20Dips&viewAll=department&page=,£4.60,£2.30/100g,,,/groceries/en-GB/products/285415004,https://digitalcontent.api.tesco.com/v2/media/ghs/968bdd05-cb04-4697-8663-dbbf68c1563b/6a753945-c4cf-4df1-823c-66850bab8b4b_56556865.jpeg?h=225&w=225,
310844967,Vadasz Raw Kimchi 400G,https://www.tesco.com/groceries/en-GB/shop/fresh-food/all?department=Cooked%20Meats%2C%20Antipasti%20%26%20Dips&viewAll=department&page=,£4.50,£1.13/100g,,,/groceries/en-GB/products/310844967,https://digitalcontent.api.tesco.com/v2/media/ghs/26912c94-5b91-46b7-8671-deaabd887eef/snapshotimagehandler_1262082170.jpeg?h=225&w=225,
272797642,Bastides Saucisson Sec 200G,https://www.tesco.com/groceries/en-GB/shop/fresh-food/all?department=Cooked%20Meats%2C%20Antipasti%20%26%20Dips&viewAll=department&page=,£3.00,£1.50/100g,,,/groceries/en-GB/products/272797642,https://digitalcontent.api.tesco.com/v2/media/ghs/da1b409b-9554-44d9-b88f-09d6615cfa9c/f628299d-8b29-4989-a0d1-9e0eb44febfc.jpeg?h=225&w=225,
285415085,Tesco Prosciutto Platter 180G,https://www.tesco.com/groceries/en-GB/shop/fresh-food/all?department=Cooked%20Meats%2C%20Antipasti%20%26%20Dips&viewAll=department&page=,£4.60,£2.56/100g,,,/groceries/en-GB/products/285415085,https://digitalcontent.api.tesco.com/v2/media/ghs/4b10bf78-767d-441b-8c00-1b86cd79b1c2/23e4c712-4c1f-4afe-b9d7-3f4b07c4af65.jpeg?h=225&w=225,
297199776,Dino's Famous Big Dogs 1030G,https://www.tesco.com/groceries/en-GB/shop/fresh-food/all?department=Cooked%20Meats%2C%20Antipasti%20%26%20Dips&viewAll=department&page=,£5.00,£0.70/100g DR.WT,,,/groceries/en-GB/products/297199776,https://digitalcontent.api.tesco.com/v2/media/ghs/24fc9626-d157-41ba-9622-72950012eacc/72383e7f-0cab-45ce-959a-ec29ff4cafd1_1066439632.jpeg?h=225&w=225,
306815357,Taste Original 25 Mini Chicken 250G,https://www.tesco.com/groceries/en-GB/shop/fresh-food/all?department=Cooked%20Meats%2C%20Antipasti%20%26%20Dips&viewAll=department&page=,£4.10,£1.64/100g,,,/groceries/en-GB/products/306815357,https://digitalcontent.api.tesco.com/v2/media/ghs/232a7283-ed61-488c-9686-573abd4f8322/b749596d-c8bc-4254-86e5-5fda609848b6.jpeg?h=225&w=225,
292278011,Tesco Finest Ardennes With Wild Mushroom Jelly Pate 170G,https://www.tesco.com/groceries/en-GB/shop/fresh-food/all?department=Cooked%20Meats%2C%20Antipasti%20%26%20Dips&viewAll=department&page=,£2.50,£1.48/100g,,,/groceries/en-GB/products/292278011,https://digitalcontent.api.tesco.com/v2/media/ghs/f2d39191-2bfa-4746-b856-6248893692f9/f8ed39ce-bdfa-4df3-8365-f27b44161b70_175807045.jpeg?h=225&w=225,
312837604,Noel El Cierzo Panceta De Teruel 100G,https://www.tesco.com/groceries/en-GB/shop/fresh-food/all?department=Cooked%20Meats%2C%20Antipasti%20%26%20Dips&viewAll=department&page=,£3.00,£30.00/kg,,New,/groceries/en-GB/products/312837604,https://digitalcontent.api.tesco.com/v2/media/ghs/b4627a77-98f2-480f-b53f-50019704f9af/4713844e-1b23-49fd-b71c-41cead84d96e_1045597535.jpeg?h=225&w=225,
312699974,Noel Chorizo Iberico 70G,https://www.tesco.com/groceries/en-GB/shop/fresh-food/all?department=Cooked%20Meats%2C%20Antipasti%20%26%20Dips&viewAll=department&page=,£3.00,£4.29/100g,,New,/groceries/en-GB/products/312699974,https://digitalcontent.api.tesco.com/v2/media/ghs/763da2dc-8771-46d6-a5f5-f0593e651dd5/5cc4b020-ae42-4fa8-b508-bb2743447f74_1818013099.jpeg?h=225&w=225,
303694209,Tesco Lemon Cooked Chicken Breast Pieces 180G,https://www.tesco.com/groceries/en-GB/shop/fresh-food/all?department=Cooked%20Meats%2C%20Antipasti%20%26%20Dips&viewAll=department&page=,£3.15,£1.75/100g,,,/groceries/en-GB/products/303694209,https://digitalcontent.api.tesco.com/v2/media/ghs/4c8d63ff-bc79-43da-aeab-54bd460b6528/767e4382-6065-43c1-a73b-aabf0f51d29c.jpeg?h=225&w=225,
257904848,Herta Chicken Frankfurter Hot Dogs 10 Pack 350G,https://www.tesco.com/groceries/en-GB/shop/fresh-food/all?department=Cooked%20Meats%2C%20Antipasti%20%26%20Dips&viewAll=department&page=,£2.55,£0.73/100g,,,/groceries/en-GB/products/257904848,https://digitalcontent.api.tesco.com/v2/media/ghs/76622b95-8f97-425a-9257-f5fa7109f7db/01c909e5-5304-4b29-b27f-02b9a15095b3.jpeg?h=225&w=225,
311265781,Ramona's Heavenly Houmous Jalapeno 500G,https://www.tesco.com/groceries/en-GB/shop/fresh-food/all?department=Cooked%20Meats%2C%20Antipasti%20%26%20Dips&viewAll=department&page=,£3.00,£0.60/100g,,,/groceries/en-GB/products/311265781,https://digitalcontent.api.tesco.com/v2/media/ghs/0ef6049d-750b-4f8e-b53f-7eab0da879d7/ccd5537a-5328-4879-b1ee-30bbf726a872.jpeg?h=225&w=225,
309200947,Tesco Lightly Seasoned Thigh Pieces 180G,https://www.tesco.com/groceries/en-GB/shop/fresh-food/all?department=Cooked%20Meats%2C%20Antipasti%20%26%20Dips&viewAll=department&page=,£2.40,£1.34/100g,,,/groceries/en-GB/products/309200947,https://digitalcontent.api.tesco.com/v2/media/ghs/6200e312-aece-4b1b-8edd-00c61cfcbafc/cc83739c-8986-41bc-b3b9-39e231c488f5.jpeg?h=225&w=225,
311212562,Tesco Finest Italian Pepperoni 90G,https://www.tesco.com/groceries/en-GB/shop/fresh-food/all?department=Cooked%20Meats%2C%20Antipasti%20%26%20Dips&viewAll=department&page=,£2.35,£2.62/100g,,,/groceries/en-GB/products/311212562,https://digitalcontent.api.tesco.com/v2/media/ghs/a03e4853-aa29-45df-88dd-69ee72ffb5c7/06bb5183-f6c8-40a4-95fd-d828842e8f54_324715105.jpeg?h=225&w=225,
311279373,Tesco Stuffed Vine Leaves 150G,https://www.tesco.com/groceries/en-GB/shop/fresh-food/all?department=Cooked%20Meats%2C%20Antipasti%20%26%20Dips&viewAll=department&page=,£2.85,£1.90/100g,Any 2 for £4.50 Clubcard Price - Selected Tesco Deli Sharing 72g - 500g,,/groceries/en-GB/products/311279373,https://digitalcontent.api.tesco.com/v2/media/ghs/d38b0b79-a819-4785-97fc-ab257687e2ec/6675540c-83f7-4056-bd4e-e2c64c1a8420.jpeg?h=225&w=225,
310108526,Tesco Finest Smoked Salmon Pate 100G,https://www.tesco.com/groceries/en-GB/shop/fresh-food/all?department=Cooked%20Meats%2C%20Antipasti%20%26%20Dips&viewAll=department&page=,£2.50,£2.50/100g,,,/groceries/en-GB/products/310108526,https://digitalcontent.api.tesco.com/v2/media/ghs/25af63e4-9efb-40b2-af2a-63ead9cf85e4/f5de6031-f965-4957-8bb0-91c6c73d8a17_1532328135.jpeg?h=225&w=225,
304404829,Tesco Finest Bresaola 8 Slices 70G,https://www.tesco.com/groceries/en-GB/shop/fresh-food/all?department=Cooked%20Meats%2C%20Antipasti%20%26%20Dips&viewAll=department&page=,£2.35,£3.36/100g,,,/groceries/en-GB/products/304404829,https://digitalcontent.api.tesco.com/v2/media/ghs/f601c0d7-6e9b-4c11-b7b8-d4fad2603536/9fa3b19e-1d31-4d9c-ab2a-5b2e65b38a79_755004938.jpeg?h=225&w=225,
307737603,Noel Chorizo Smoked Mild 225G,https://www.tesco.com/groceries/en-GB/shop/fresh-food/all?department=Cooked%20Meats%2C%20Antipasti%20%26%20Dips&viewAll=department&page=,£2.50,£1.12/100g,,,/groceries/en-GB/products/307737603,https://digitalcontent.api.tesco.com/v2/media/ghs/5b66645e-fbc4-4344-af57-28f17f409578/fc0880ab-c99c-43f9-8bc8-c8c9a586db1a_1352594904.jpeg?h=225&w=225,
307361223,Peperami Tender Jerky Original 50G,https://www.tesco.com/groceries/en-GB/shop/fresh-food/all?department=Cooked%20Meats%2C%20Antipasti%20%26%20Dips&viewAll=department&page=,£2.00,£4.00/100g,,,/groceries/en-GB/products/307361223,https://digitalcontent.api.tesco.com/v2/media/ghs/f3006297-5061-4fd8-8dc9-680cca637f11/1c65db5f-2dde-4fb1-85df-34e88d37d35c_1349618091.jpeg?h=225&w=225,
311251077,Tesco Black Olives 120G,https://www.tesco.com/groceries/en-GB/shop/fresh-food/all?department=Cooked%20Meats%2C%20Antipasti%20%26%20Dips&viewAll=department&page=,£1.55,£1.30/100g,,,/groceries/en-GB/products/311251077,https://digitalcontent.api.tesco.com/v2/media/ghs/37696785-d60b-455e-9bba-3de3d715009e/404a6645-46cf-4b53-979c-67263b6a72e0_1082889991.jpeg?h=225&w=225,
294015435,Tesco Roast Ham Joint 500G,https://www.tesco.com/groceries/en-GB/shop/fresh-food/all?department=Cooked%20Meats%2C%20Antipasti%20%26%20Dips&viewAll=department&page=,£5.10,£1.02/100g,,,/groceries/en-GB/products/294015435,https://digitalcontent.api.tesco.com/v2/media/ghs/40cbdb02-1ddf-4b38-808b-deb5e9526467/08353c60-703a-48a4-b897-fe9eb6fc291d.jpeg?h=225&w=225,
303580465,Tesco Marinated Anchovies 140G,https://www.tesco.com/groceries/en-GB/shop/fresh-food/all?department=Cooked%20Meats%2C%20Antipasti%20%26%20Dips&viewAll=department&page=,£2.65,£1.90/100g,Any 2 for £4.50 Clubcard Price - Selected Tesco Deli Sharing 72g - 500g,,/groceries/en-GB/products/303580465,https://digitalcontent.api.tesco.com/v2/media/ghs/099d8bd9-701c-4d9c-8b02-708dd11cccce/2e6a5c38-92bc-4bcd-a845-d8dc05caa4da.jpeg?h=225&w=225,
291894498,Me Too! Jalapeno Houmous 250G,https://www.tesco.com/groceries/en-GB/shop/fresh-food/all?department=Cooked%20Meats%2C%20Antipasti%20%26%20Dips&viewAll=department&page=,£1.80,£0.72/100g,,,/groceries/en-GB/products/291894498,https://digitalcontent.api.tesco.com/v2/media/ghs/affb8ded-7bef-4770-ac6f-6d556dfff6c0/3c1a86b3-faef-42f4-8a60-25a37e48cc9b.jpeg?h=225&w=225,
268312318,Blooms Salami Chub 227G,https://www.tesco.com/groceries/en-GB/shop/fresh-food/all?department=Cooked%20Meats%2C%20Antipasti%20%26%20Dips&viewAll=department&page=,£2.70,£1.19/100g,,,/groceries/en-GB/products/268312318,https://digitalcontent.api.tesco.com/v2/media/ghs/aa27ffd6-9a35-49c4-a3a3-ff8307fbee10/5ea32e01-9a81-4376-ba68-b67e2e334c7c_258666573.jpeg?h=225&w=225,
312208094,Tesco Deli Ox Tongue 100G,https://www.tesco.com/groceries/en-GB/shop/fresh-food/all?department=Cooked%20Meats%2C%20Antipasti%20%26%20Dips&viewAll=department&page=,£3.00,£3.00/100g,,New,/groceries/en-GB/products/312208094,https://digitalcontent.api.tesco.com/v2/media/ghs/a9c566ac-3de8-4852-80a8-f7646ef1de6f/7b60bb59-7c6f-4263-85ba-33cf4c3f4145.jpeg?h=225&w=225,
312703832,Tesco Deli Ham On The Bone 120G,https://www.tesco.com/groceries/en-GB/shop/fresh-food/all?department=Cooked%20Meats%2C%20Antipasti%20%26%20Dips&viewAll=department&page=,£2.50,£2.09/100g,Any 3 for £6 Clubcard Price - Selected Cheese And Sliced Cooked Meats 30g - 220g,,/groceries/en-GB/products/312703832,https://digitalcontent.api.tesco.com/v2/media/ghs/31baed53-9211-4f87-8c26-ca39ec525970/1a4ad957-a764-4e1e-b90b-32d433001af5.jpeg?h=225&w=225,
312712723,Tesco Deli Roast Turkey Breast 120G,https://www.tesco.com/groceries/en-GB/shop/fresh-food/all?department=Cooked%20Meats%2C%20Antipasti%20%26%20Dips&viewAll=department&page=,£2.50,£2.09/100g,Any 3 for £6 Clubcard Price - Selected Cheese And Sliced Cooked Meats 30g - 220g,,/groceries/en-GB/products/312712723,https://digitalcontent.api.tesco.com/v2/media/ghs/fe143e6f-bbf9-4e2c-876b-4f8671df1a58/92bc529f-9b9c-4896-9890-e25db1a2924d.jpeg?h=225&w=225,
305736901,Tesco Smoked Mackerel Pate 100G,https://www.tesco.com/groceries/en-GB/shop/fresh-food/all?department=Cooked%20Meats%2C%20Antipasti%20%26%20Dips&viewAll=department&page=,£1.45,£1.45/100g,,,/groceries/en-GB/products/305736901,https://digitalcontent.api.tesco.com/v2/media/ghs/6366b524-2abe-4161-b514-555af483be9e/f786c0ac-77e7-43ea-a27b-77c51d2f24f1_1036047434.jpeg?h=225&w=225,
312712873,Tesco Deli Smoked Ham On The Bone 120G,https://www.tesco.com/groceries/en-GB/shop/fresh-food/all?department=Cooked%20Meats%2C%20Antipasti%20%26%20Dips&viewAll=department&page=,£2.50,£2.09/100g,Any 3 for £6 Clubcard Price - Selected Cheese And Sliced Cooked Meats 30g - 220g,,/groceries/en-GB/products/312712873,https://digitalcontent.api.tesco.com/v2/media/ghs/215ba672-bc0f-4c86-802e-c78940519432/0b26d781-9653-4d16-9983-c70a3d555fe5.jpeg?h=225&w=225,
307747430,Deli Culture German Pepperoni 24 Slices 250G,https://www.tesco.com/groceries/en-GB/shop/fresh-food/all?department=Cooked%20Meats%2C%20Antipasti%20%26%20Dips&viewAll=department&page=,£1.90,£0.76/100g,,,/groceries/en-GB/products/307747430,https://digitalcontent.api.tesco.com/v2/media/ghs/2a64ab9d-5808-4b8e-a3d5-0f175a0b73b9/47d99bf7-f7f6-4689-aa7b-3ddf0698cfe5.jpeg?h=225&w=225,
296233801,Tesco Lamb & Chicken Koftas 152G,https://www.tesco.com/groceries/en-GB/shop/fresh-food/all?department=Cooked%20Meats%2C%20Antipasti%20%26%20Dips&viewAll=department&page=,£2.65,£1.75/100g,Any 2 for £4.50 Clubcard Price - Selected Tesco Deli Sharing 72g - 500g,,/groceries/en-GB/products/296233801,https://digitalcontent.api.tesco.com/v2/media/ghs/17fac483-00e4-40c2-9986-74ef6d19d367/1611168c-5146-41d6-8991-23e21e7903a0.jpeg?h=225&w=225,
312211982,Tesco Deli Cooked Ham 120G,https://www.tesco.com/groceries/en-GB/shop/fresh-food/all?department=Cooked%20Meats%2C%20Antipasti%20%26%20Dips&viewAll=department&page=,£2.00,£1.67/100g,,New,/groceries/en-GB/products/312211982,https://digitalcontent.api.tesco.com/v2/media/ghs/5d9cbbe6-b14b-43ab-8bb9-638c9b311b6e/515fdbcd-4c38-4525-8b15-8108ca880249.jpeg?h=225&w=225,
296814530,Fridge Raiders Southern Style Chicken Bites 50G,https://www.tesco.com/groceries/en-GB/shop/fresh-food/all?department=Cooked%20Meats%2C%20Antipasti%20%26%20Dips&viewAll=department&page=,£1.15,£2.30/100g,"£3.40 Meal Deal Clubcard Price £3.90 Meal Deal Regular Price - Selected Drink, Snack, Wrap, Sandwich, Roll, Pasty Or Salad",,/groceries/en-GB/products/296814530,https://digitalcontent.api.tesco.com/v2/media/ghs/fcd68d34-1fe4-4dba-b479-c5d4b02ba3c9/94c0ca5f-163d-441c-99aa-e3f2597c03e5.jpeg?h=225&w=225,
313007704,Peperami Tikka Chicken Bites 50G,https://www.tesco.com/groceries/en-GB/shop/fresh-food/all?department=Cooked%20Meats%2C%20Antipasti%20%26%20Dips&viewAll=department&page=,£1.00,£2.00/100g,,,/groceries/en-GB/products/313007704,https://digitalcontent.api.tesco.com/v2/media/ghs/dbef0261-6a33-4c8f-a7ad-7f8177b3f512/87431b5d-dd10-4517-8e13-60fb4c0e5086.jpeg?h=225&w=225,
312578334,Tesco Deli Peppered Beef 100G,https://www.tesco.com/groceries/en-GB/shop/fresh-food/all?department=Cooked%20Meats%2C%20Antipasti%20%26%20Dips&viewAll=department&page=,£2.50,£2.50/100g,Any 3 for £6 Clubcard Price - Selected Cheese And Sliced Cooked Meats 30g - 220g,,/groceries/en-GB/products/312578334,https://digitalcontent.api.tesco.com/v2/media/ghs/2d3534c8-18e2-4370-9356-4acd2bfc792a/0b8ecefa-172d-4297-a0f5-14c9351693a9.jpeg?h=225&w=225,
292277571,Tesco Ardennes & Smoked Bacon Pate 200G,https://www.tesco.com/groceries/en-GB/shop/fresh-food/all?department=Cooked%20Meats%2C%20Antipasti%20%26%20Dips&viewAll=department&page=,£1.10,£0.55/100g,,,/groceries/en-GB/products/292277571,https://digitalcontent.api.tesco.com/v2/media/ghs/4a1950de-25d5-4ce7-ad56-2eeb00f2733d/c73b4632-bdd9-4cdb-9b5d-ed44a7f4c12a.jpeg?h=225&w=225,
310107631,Tesco Italian Nocellara Olives 160G,https://www.tesco.com/groceries/en-GB/shop/fresh-food/all?department=Cooked%20Meats%2C%20Antipasti%20%26%20Dips&viewAll=department&page=,£3.50,£2.19/100g,,,/groceries/en-GB/products/310107631,https://digitalcontent.api.tesco.com/v2/media/ghs/019384a9-d678-4cea-9efb-402f520ca26b/e1e8c596-0831-478c-a8ea-1c236edf05fe_809686154.jpeg?h=225&w=225,
309467683,Tesco Bbq Chicken Wings 750G,https://www.tesco.com/groceries/en-GB/shop/fresh-food/all?department=Cooked%20Meats%2C%20Antipasti%20%26%20Dips&viewAll=department&page=,£5.00,£0.67/100g,,,/groceries/en-GB/products/309467683,https://digitalcontent.api.tesco.com/v2/media/ghs/a1dc612a-cba8-43e7-8f28-59f9410be181/0e517adc-6e5c-41fb-9bc8-e879151f3f61.jpeg?h=225&w=225,
302284852,Tesco Greek Kalamata Olives 150G,https://www.tesco.com/groceries/en-GB/shop/fresh-food/all?department=Cooked%20Meats%2C%20Antipasti%20%26%20Dips&viewAll=department&page=,£3.50,£2.34/100g,,,/groceries/en-GB/products/302284852,https://digitalcontent.api.tesco.com/v2/media/ghs/7952aee1-56d4-4ea5-a1b3-6723a68ccda7/f5c9e579-3578-422b-8bff-27a33aa239ac_1944312790.jpeg?h=225&w=225,
302321059,Tesco Garlic Stuffed Olives In A Garlic Dressing 130G,https://www.tesco.com/groceries/en-GB/shop/fresh-food/all?department=Cooked%20Meats%2C%20Antipasti%20%26%20Dips&viewAll=department&page=,£3.50,£2.70/100g,,,/groceries/en-GB/products/302321059,https://digitalcontent.api.tesco.com/v2/media/ghs/3bb1c4fa-3fd2-4f13-9bb0-51500d5d42ed/90a5582c-6152-4809-be4c-2d2bb678b4ae.jpeg?h=225&w=225,
302288259,Tesco White Anchovy Fillets 170G,https://www.tesco.com/groceries/en-GB/shop/fresh-food/all?department=Cooked%20Meats%2C%20Antipasti%20%26%20Dips&viewAll=department&page=,£3.50,£2.06/100g,,,/groceries/en-GB/products/302288259,https://digitalcontent.api.tesco.com/v2/media/ghs/d6c07aca-46e0-4f78-bc83-4b099ff8b7b1/778c5c75-684d-4318-8b3d-7cf58152ba9e.jpeg?h=225&w=225,
312561342,Tesco Finest Deli Honey Ham Joint 500G,https://www.tesco.com/groceries/en-GB/shop/fresh-food/all?department=Cooked%20Meats%2C%20Antipasti%20%26%20Dips&viewAll=department&page=,£10.00,£2.00/100g,,New,/groceries/en-GB/products/312561342,https://digitalcontent.api.tesco.com/v2/media/ghs/88ecc124-c805-431c-b135-ed6aa8ab1b1a/23cd4d85-5414-4c7f-9f6c-fb40dbc47f28.jpeg?h=225&w=225,
307750120,Noel Fuet Catalan 170G,https://www.tesco.com/groceries/en-GB/shop/fresh-food/all?department=Cooked%20Meats%2C%20Antipasti%20%26%20Dips&viewAll=department&page=,£2.50,£1.48/100g,,,/groceries/en-GB/products/307750120,https://digitalcontent.api.tesco.com/v2/media/ghs/e99ef807-e74f-45cf-9f2a-b70f374d8395/3271737e-4884-4ad2-99e9-1056fd21c5e9_1758556455.jpeg?h=225&w=225,
308497124,Tesco Finest Double Stuffed Halkidiki Olives Red Pepper 160G,https://www.tesco.com/groceries/en-GB/shop/fresh-food/all?department=Cooked%20Meats%2C%20Antipasti%20%26%20Dips&viewAll=department&page=,£2.70,£1.69/100g,,,/groceries/en-GB/products/308497124,https://digitalcontent.api.tesco.com/v2/media/ghs/aa9337e9-97a4-4a4a-9821-b87a5534bd7c/fff84483-17c4-4b91-81cf-5cf90a7de1f4_1314979262.jpeg?h=225&w=225,
304371066,Tesco Finest Halkidiki & Kalamata Olives 160G,https://www.tesco.com/groceries/en-GB/shop/fresh-food/all?department=Cooked%20Meats%2C%20Antipasti%20%26%20Dips&viewAll=department&page=,£2.70,£1.69/100g,,,/groceries/en-GB/products/304371066,https://digitalcontent.api.tesco.com/v2/media/ghs/8b58e3ac-8219-46f3-adf5-82c67ce64416/a22f6a06-ea22-4a8d-8c64-5355375cdfcf_2141294659.jpeg?h=225&w=225,
272824674,Tesco Finest Porchetta 120G,https://www.tesco.com/groceries/en-GB/shop/fresh-food/all?department=Cooked%20Meats%2C%20Antipasti%20%26%20Dips&viewAll=department&page=,£2.35,£1.96/100g,,,/groceries/en-GB/products/272824674,https://digitalcontent.api.tesco.com/v2/media/ghs/aad0608a-1936-485c-a7ae-e8254aeace2c/03083203-6379-4cd7-8678-6828e0bb1a46.jpeg?h=225&w=225,
286184695,Morliny Chicken Breast Sausage 400G,https://www.tesco.com/groceries/en-GB/shop/fresh-food/all?department=Cooked%20Meats%2C%20Antipasti%20%26%20Dips&viewAll=department&page=,£2.90,£0.72/100g,,,/groceries/en-GB/products/286184695,https://digitalcontent.api.tesco.com/v2/media/ghs/2375665f-04a3-4acb-ac4e-797889e51e0a/8b1b567a-f699-4851-b314-6d407da840de.jpeg?h=225&w=225,
312228536,Tesco Finest Fig & Honey Ham 125G,https://www.tesco.com/groceries/en-GB/shop/fresh-food/all?department=Cooked%20Meats%2C%20Antipasti%20%26%20Dips&viewAll=department&page=,£3.00,£2.40/100g,,,/groceries/en-GB/products/312228536,https://digitalcontent.api.tesco.com/v2/media/ghs/53cc5c8f-48be-4119-ab61-10cc079e4ca7/91c07d66-f7e2-4213-a62e-936e6ffb0e4d.jpeg?h=225&w=225,
297738623,Taste Inc 100% Chargrilled Chicken Fillets Spicy 5X35g,https://www.tesco.com/groceries/en-GB/shop/fresh-food/all?department=Cooked%20Meats%2C%20Antipasti%20%26%20Dips&viewAll=department&page=,£2.75,£1.58/100g,,,/groceries/en-GB/products/297738623,https://digitalcontent.api.tesco.com/v2/media/ghs/519f71d0-d60f-41e4-b217-2314711be7ee/1b8c9db0-38aa-4480-ad35-a2a74fff554f.jpeg?h=225&w=225,
306827470,Tesco Coronation Chicken Pieces Pieces 180G,https://www.tesco.com/groceries/en-GB/shop/fresh-food/all?department=Cooked%20Meats%2C%20Antipasti%20%26%20Dips&viewAll=department&page=,£3.15,£1.75/100g,,,/groceries/en-GB/products/306827470,https://digitalcontent.api.tesco.com/v2/media/ghs/629e8ac5-fd5e-4d44-9384-b4471f9fa4fd/16e67e35-aa71-4442-8e1d-a5291be40f82.jpeg?h=225&w=225,
285983908,Morliny Masurian Sausage 520G,https://www.tesco.com/groceries/en-GB/shop/fresh-food/all?department=Cooked%20Meats%2C%20Antipasti%20%26%20Dips&viewAll=department&page=,£3.00,£0.58/100g,,,/groceries/en-GB/products/285983908,https://digitalcontent.api.tesco.com/v2/media/ghs/9230881b-ef4e-4812-a250-6699aef3b20d/0908acd9-7c58-4783-b8ea-34b6833b0fbc.jpeg?h=225&w=225,
306823445,Tesco Flame Grilled Chicken Thins 180G,https://www.tesco.com/groceries/en-GB/shop/fresh-food/all?department=Cooked%20Meats%2C%20Antipasti%20%26%20Dips&viewAll=department&page=,£3.15,£1.75/100g,,,/groceries/en-GB/products/306823445,https://digitalcontent.api.tesco.com/v2/media/ghs/5096d226-8257-4562-a0b6-1499916d2a4a/d57c0ae4-43cc-47c9-84ec-e00407611063.jpeg?h=225&w=225,
304790382,Tesco Finest Prosciutto Cotto With Herbs 100G,https://www.tesco.com/groceries/en-GB/shop/fresh-food/all?department=Cooked%20Meats%2C%20Antipasti%20%26%20Dips&viewAll=department&page=,£2.35,£2.35/100g,,,/groceries/en-GB/products/304790382,https://digitalcontent.api.tesco.com/v2/media/ghs/ad7eda0e-2074-4b59-baea-0ef338fa4ee9/8a8e30c6-d001-45b0-8e22-79a9e10fc610.jpeg?h=225&w=225,
310680716,Holy Moly Minis Guacamole Original 3X57g,https://www.tesco.com/groceries/en-GB/shop/fresh-food/all?department=Cooked%20Meats%2C%20Antipasti%20%26%20Dips&viewAll=department&page=,£2.70,£1.58/100g,,,/groceries/en-GB/products/310680716,https://digitalcontent.api.tesco.com/v2/media/ghs/7f98026c-f728-4f9d-8360-a37afd63b99d/f5c52a35-da74-4f28-ac77-9e4b036de302.jpeg?h=225&w=225,
306823088,Tesco Tandoori Chicken Thigh Pieces 180G,https://www.tesco.com/groceries/en-GB/shop/fresh-food/all?department=Cooked%20Meats%2C%20Antipasti%20%26%20Dips&viewAll=department&page=,£2.40,£1.34/100g,,,/groceries/en-GB/products/306823088,https://digitalcontent.api.tesco.com/v2/media/ghs/c0ac24c6-3dc7-4f7b-824f-c3bc1d867714/66f272f0-a1d5-46d7-a503-4fe88c538a03.jpeg?h=225&w=225,
251117841,Yarden Houmous Extra 250G,https://www.tesco.com/groceries/en-GB/shop/fresh-food/all?department=Cooked%20Meats%2C%20Antipasti%20%26%20Dips&viewAll=department&page=,£2.30,£0.92/100g,,,/groceries/en-GB/products/251117841,https://digitalcontent.api.tesco.com/v2/media/ghs/e5d3014f-7018-471b-abc8-5cc89361a4f2/0d8630b1-0a7c-4480-82ab-5a0db487ebfc_255750776.jpeg?h=225&w=225,
311269805,Tesco Gouda & Pepperoni Rollito 88G,https://www.tesco.com/groceries/en-GB/shop/fresh-food/all?department=Cooked%20Meats%2C%20Antipasti%20%26%20Dips&viewAll=department&page=,£2.65,£3.02/100g,Any 2 for £4.50 Clubcard Price - Selected Tesco Deli Sharing 72g - 500g,,/groceries/en-GB/products/311269805,https://digitalcontent.api.tesco.com/v2/media/ghs/ceeaaaff-95a7-48f6-88ba-3c1ec8399fcc/10c1a8ea-1a93-4dc4-b1dc-f1b140248972_222117947.jpeg?h=225&w=225,
304377780,Noel Sliced Tapas Selection 120G,https://www.tesco.com/groceries/en-GB/shop/fresh-food/all?department=Cooked%20Meats%2C%20Antipasti%20%26%20Dips&viewAll=department&page=,£2.50,£2.09/100g,,,/groceries/en-GB/products/304377780,https://digitalcontent.api.tesco.com/v2/media/ghs/5131fd5d-210d-4c01-a0e3-716dc1eec422/872fcf69-077b-48ed-a38f-c689db8d3521_21591472.jpeg?h=225&w=225,
309489449,The Jolly Hog Outdoor Bred Black Treacle Ham 100G,https://www.tesco.com/groceries/en-GB/shop/fresh-food/all?department=Cooked%20Meats%2C%20Antipasti%20%26%20Dips&viewAll=department&page=,£3.00,£3.00/100g,Any 3 for £6 Clubcard Price - Selected Cheese And Sliced Cooked Meats 30g - 220g,,/groceries/en-GB/products/309489449,https://digitalcontent.api.tesco.com/v2/media/ghs/bd27c696-2aae-4ccc-9626-8b50039f84d6/98f30362-3f00-457a-96e8-e8d771bc69c6.jpeg?h=225&w=225,
309784179,The Jolly Hog Outdoor Bred Roasted Ham 100G,https://www.tesco.com/groceries/en-GB/shop/fresh-food/all?department=Cooked%20Meats%2C%20Antipasti%20%26%20Dips&viewAll=department&page=,£3.00,£3.00/100g,Any 3 for £6 Clubcard Price - Selected Cheese And Sliced Cooked Meats 30g - 220g,,/groceries/en-GB/products/309784179,https://digitalcontent.api.tesco.com/v2/media/ghs/469edd80-866b-4d21-b5b1-7e20d46934a0/03fd664a-4131-4a02-9b07-ae40406bca1d.jpeg?h=225&w=225,
304403639,Beretta Antipasto 120G,https://www.tesco.com/groceries/en-GB/shop/fresh-food/all?department=Cooked%20Meats%2C%20Antipasti%20%26%20Dips&viewAll=department&page=,£2.50,£2.09/100g,,,/groceries/en-GB/products/304403639,https://digitalcontent.api.tesco.com/v2/media/ghs/166be17a-eaf4-4e48-a007-e4b3e2cda146/9c41afea-1307-4140-871c-2f5f97979e24_118694024.jpeg?h=225&w=225,
312355391,Tesco Finest Deli Black Treacle Wiltshire Cured Ham 100G,https://www.tesco.com/groceries/en-GB/shop/fresh-food/all?department=Cooked%20Meats%2C%20Antipasti%20%26%20Dips&viewAll=department&page=,£3.00,£3.00/100g,Any 3 for £6 Clubcard Price - Selected Cheese And Sliced Cooked Meats 30g - 220g,,/groceries/en-GB/products/312355391,https://digitalcontent.api.tesco.com/v2/media/ghs/fbbcc5e2-e788-4027-b5f0-9fc9b7f4bed0/47b1b833-fc97-46f5-aa9f-e99e321860b6.jpeg?h=225&w=225,
309455501,Tesco Finest Nduja 70G,https://www.tesco.com/groceries/en-GB/shop/fresh-food/all?department=Cooked%20Meats%2C%20Antipasti%20%26%20Dips&viewAll=department&page=,£2.35,£3.36/100g,,,/groceries/en-GB/products/309455501,https://digitalcontent.api.tesco.com/v2/media/ghs/9235ee7c-88b7-4bad-bf65-c56feffa0e55/58051fcc-6c19-4ff4-b67d-d7ea42124852_725828987.jpeg?h=225&w=225,
312567318,Tesco Finest Deli Spiced Cider & Pear Wiltshire Cured Ham 100G,https://www.tesco.com/groceries/en-GB/shop/fresh-food/all?department=Cooked%20Meats%2C%20Antipasti%20%26%20Dips&viewAll=department&page=,£3.00,£3.00/100g,Any 3 for £6 Clubcard Price - Selected Cheese And Sliced Cooked Meats 30g - 220g,,/groceries/en-GB/products/312567318,https://digitalcontent.api.tesco.com/v2/media/ghs/20ebce4e-d150-4843-9f77-39d6076a0ae8/8612f318-cbe0-4810-8806-fe7bf45090d1.jpeg?h=225&w=225,
309785225,Beretta Prosciutto Crudo Truffle 80G,https://www.tesco.com/groceries/en-GB/shop/fresh-food/all?department=Cooked%20Meats%2C%20Antipasti%20%26%20Dips&viewAll=department&page=,£2.00,£2.50/100g,,,/groceries/en-GB/products/309785225,https://digitalcontent.api.tesco.com/v2/media/ghs/fbf31a73-5430-4e5d-bcaf-505766e7e3e8/3f81c8f5-a9a1-4314-852f-f6fe2a46b6df_1655691631.jpeg?h=225&w=225,
304417388,Beretta Whole Salami Milano 120G,https://www.tesco.com/groceries/en-GB/shop/fresh-food/all?department=Cooked%20Meats%2C%20Antipasti%20%26%20Dips&viewAll=department&page=,£2.00,£1.67/100g,,,/groceries/en-GB/products/304417388,https://digitalcontent.api.tesco.com/v2/media/ghs/d79807ad-a517-471c-b4aa-8d1e33c6c2de/36269718-bdec-46a6-9228-7fc50b64a332_639684295.jpeg?h=225&w=225,
308488095,Tesco Mini Salamis 85G 85G,https://www.tesco.com/groceries/en-GB/shop/fresh-food/all?department=Cooked%20Meats%2C%20Antipasti%20%26%20Dips&viewAll=department&page=,£2.00,£23.53/kg,,,/groceries/en-GB/products/308488095,https://digitalcontent.api.tesco.com/v2/media/ghs/f3d038bf-9eda-4f94-b778-012fe830e97f/4bf9df2d-cd02-49cd-b2bc-f845201cf2c9_939027709.jpeg?h=225&w=225,
312357057,Tesco Finest Deli Slow Cooked Roast Beef Brisket 90G,https://www.tesco.com/groceries/en-GB/shop/fresh-food/all?department=Cooked%20Meats%2C%20Antipasti%20%26%20Dips&viewAll=department&page=,£3.00,£3.34/100g,Any 3 for £6 Clubcard Price - Selected Cheese And Sliced Cooked Meats 30g - 220g,,/groceries/en-GB/products/312357057,https://digitalcontent.api.tesco.com/v2/media/ghs/7a15b919-83bd-41e0-9f16-ced80359cc1d/55797232-5748-4e2c-8b8e-2fe21bec3051.jpeg?h=225&w=225,
297955129,Beretta Salamini 127.5G,https://www.tesco.com/groceries/en-GB/shop/fresh-food/all?department=Cooked%20Meats%2C%20Antipasti%20%26%20Dips&viewAll=department&page=,£2.00,£1.57/100g,,,/groceries/en-GB/products/297955129,https://digitalcontent.api.tesco.com/v2/media/ghs/2503c47d-caad-4387-bfd2-9e18a0d41bda/75ac4a5d-fe5c-4945-bd50-d37837951f06_1680004269.jpeg?h=225&w=225,
312563417,Tesco Finest Deli Smoked Lemon & Herb Turkey Breast 100G,https://www.tesco.com/groceries/en-GB/shop/fresh-food/all?department=Cooked%20Meats%2C%20Antipasti%20%26%20Dips&viewAll=department&page=,£3.00,£3.00/100g,Any 3 for £6 Clubcard Price - Selected Cheese And Sliced Cooked Meats 30g - 220g,,/groceries/en-GB/products/312563417,https://digitalcontent.api.tesco.com/v2/media/ghs/a2353edf-b243-4517-bbae-5e0a68b9ca97/77894877-2e3d-4ee5-bf88-25021a491eff.jpeg?h=225&w=225,
312209260,Tesco Finest Deli Chicken Breast Chorizo Stuffing 108G,https://www.tesco.com/groceries/en-GB/shop/fresh-food/all?department=Cooked%20Meats%2C%20Antipasti%20%26%20Dips&viewAll=department&page=,£3.00,£2.78/100g,Any 3 for £6 Clubcard Price - Selected Cheese And Sliced Cooked Meats 30g - 220g,,/groceries/en-GB/products/312209260,https://digitalcontent.api.tesco.com/v2/media/ghs/48dd6f49-3196-45d6-9ea2-4b99132f7549/ccab9a1a-8321-4326-9119-68ab9d343d2e.jpeg?h=225&w=225,
312358508,Tesco Finest Whisky Barrel Smoked Wiltshire Cured Ham 100G,https://www.tesco.com/groceries/en-GB/shop/fresh-food/all?department=Cooked%20Meats%2C%20Antipasti%20%26%20Dips&viewAll=department&page=,£3.00,£3.00/100g,Any 3 for £6 Clubcard Price - Selected Cheese And Sliced Cooked Meats 30g - 220g,,/groceries/en-GB/products/312358508,https://digitalcontent.api.tesco.com/v2/media/ghs/1cccda30-c743-4cf7-abdc-c134478683b4/ca25ad5c-b109-4f26-8a47-9f93d5cba10c.jpeg?h=225&w=225,
307135139,Fridge Raiders Chicken Bites & Onion 50G,https://www.tesco.com/groceries/en-GB/shop/fresh-food/all?department=Cooked%20Meats%2C%20Antipasti%20%26%20Dips&viewAll=department&page=,£1.15,£2.30/100g,"£3.40 Meal Deal Clubcard Price £3.90 Meal Deal Regular Price - Selected Drink, Snack, Wrap, Sandwich, Roll, Pasty Or Salad",,/groceries/en-GB/products/307135139,https://digitalcontent.api.tesco.com/v2/media/ghs/7f7532e4-8bce-49ee-8029-15f6bceaa87b/150d23c1-e5b1-4002-b1d7-ba51121822d7.jpeg?h=225&w=225,
296526940,Peperami Original Single 22.5G,https://www.tesco.com/groceries/en-GB/shop/fresh-food/all?department=Cooked%20Meats%2C%20Antipasti%20%26%20Dips&viewAll=department&page=,£1.15,£5.12/100g,"£3.40 Meal Deal Clubcard Price £3.90 Meal Deal Regular Price - Selected Drink, Snack, Wrap, Sandwich, Roll, Pasty Or Salad",,/groceries/en-GB/products/296526940,https://digitalcontent.api.tesco.com/v2/media/ghs/e43d2edb-9e2e-4d02-a987-5c7b4316205d/67fa3c6e-9fea-4d40-af01-4f41cb2ef192_1303434339.jpeg?h=225&w=225,
303007570,Taste Inc. 100% Chargrilled Chicken Fillet Bbq 35G,https://www.tesco.com/groceries/en-GB/shop/fresh-food/all?department=Cooked%20Meats%2C%20Antipasti%20%26%20Dips&viewAll=department&page=,£1.15,£3.29/100g,"£3.40 Meal Deal Clubcard Price £3.90 Meal Deal Regular Price - Selected Drink, Snack, Wrap, Sandwich, Roll, Pasty Or Salad",,/groceries/en-GB/products/303007570,https://digitalcontent.api.tesco.com/v2/media/ghs/22c7ba81-cdb0-4ce2-a05a-7d0a75c84128/9b4b5198-d8a0-455c-ae76-b5bfad95bce1.jpeg?h=225&w=225,
292277594,Tesco Pork & Garlic Brussels Pate 200G,https://www.tesco.com/groceries/en-GB/shop/fresh-food/all?department=Cooked%20Meats%2C%20Antipasti%20%26%20Dips&viewAll=department&page=,£1.10,£0.55/100g,,,/groceries/en-GB/products/292277594,https://digitalcontent.api.tesco.com/v2/media/ghs/bfa5c99d-ee34-45fe-b8e3-43e5b49c6751/d74fd21d-41f3-45f9-a7a7-098c254fba58.jpeg?h=225&w=225,
312707868,Tesco Deli Crumbed Ham 120G,https://www.tesco.com/groceries/en-GB/shop/fresh-food/all?department=Cooked%20Meats%2C%20Antipasti%20%26%20Dips&viewAll=department&page=,£2.00,£1.67/100g,,New,/groceries/en-GB/products/312707868,https://digitalcontent.api.tesco.com/v2/media/ghs/cab70313-7641-4e7f-a4b0-d20f9048131a/0a616310-4335-490a-b03f-e44eb708e2b5.jpeg?h=225&w=225,
307353757,Tesco Spanish Olives With Basil 300G,https://www.tesco.com/groceries/en-GB/shop/fresh-food/all?department=Cooked%20Meats%2C%20Antipasti%20%26%20Dips&viewAll=department&page=,£4.50,£1.50/100g,,,/groceries/en-GB/products/307353757,https://digitalcontent.api.tesco.com/v2/media/ghs/11040c33-5a89-4703-ab20-592095f4d8a2/19930cf7-ee56-467d-86cf-71f76a9cbcb5_1573955889.jpeg?h=225&w=225,
307341269,Tesco Green & Black Olives With Feta 300G,https://www.tesco.com/groceries/en-GB/shop/fresh-food/all?department=Cooked%20Meats%2C%20Antipasti%20%26%20Dips&viewAll=department&page=,£4.50,£1.50/100g,,,/groceries/en-GB/products/307341269,https://digitalcontent.api.tesco.com/v2/media/ghs/eb10cfbb-6229-43cc-b16a-5e97a92ac2d4/f37da455-dca0-44af-ab6b-a16c701c6964_234320314.jpeg?h=225&w=225,
304370787,Tesco Chimmichurri Olives 150G,https://www.tesco.com/groceries/en-GB/shop/fresh-food/all?department=Cooked%20Meats%2C%20Antipasti%20%26%20Dips&viewAll=department&page=,£3.50,£2.34/100g,,,/groceries/en-GB/products/304370787,https://digitalcontent.api.tesco.com/v2/media/ghs/e94f650e-cb71-4fd6-9aeb-f7a689b827d2/1b4b0ed6-58d8-400e-99b8-0e86ddf08a92_1830444506.jpeg?h=225&w=225,
302297232,Tesco Herb Dressed Italian Olive Selection 150G,https://www.tesco.com/groceries/en-GB/shop/fresh-food/all?department=Cooked%20Meats%2C%20Antipasti%20%26%20Dips&viewAll=department&page=,£3.50,£2.34/100g,,,/groceries/en-GB/products/302297232,https://digitalcontent.api.tesco.com/v2/media/ghs/2357ea93-4439-46b8-8568-857983dd2eda/052ffb0d-b140-47e1-8e42-b5187018c678_1388571592.jpeg?h=225&w=225,
311785390,Vadasz Raw Garlic & Dill Sauerkraut 400G,https://www.tesco.com/groceries/en-GB/shop/fresh-food/all?department=Cooked%20Meats%2C%20Antipasti%20%26%20Dips&viewAll=department&page=,£4.50,£1.13/100g,,,/groceries/en-GB/products/311785390,https://digitalcontent.api.tesco.com/v2/media/ghs/9595d0bb-6d18-4a0c-ae28-ba0de03095f5/snapshotimagehandler_351072429.jpeg?h=225&w=225,
310113669,Tesco Trio Of Greek Olives 380G,https://www.tesco.com/groceries/en-GB/shop/fresh-food/all?department=Cooked%20Meats%2C%20Antipasti%20%26%20Dips&viewAll=department&page=,£4.50,£1.19/100g,,,/groceries/en-GB/products/310113669,https://digitalcontent.api.tesco.com/v2/media/ghs/399441f8-6479-4f45-9fc8-8bee377d7210/4ee23573-c87a-4635-8bfc-6165c3760774_1079410210.jpeg?h=225&w=225,
310139437,Tesco Trio Of Spanish Olives 300G,https://www.tesco.com/groceries/en-GB/shop/fresh-food/all?department=Cooked%20Meats%2C%20Antipasti%20%26%20Dips&viewAll=department&page=,£3.75,£1.25/100g,,,/groceries/en-GB/products/310139437,https://digitalcontent.api.tesco.com/v2/media/ghs/bfe5ab09-c190-4333-a6e8-481576d05a9f/c222a32e-13f8-4d97-81d9-9d715a9675a9_1278943644.jpeg?h=225&w=225,
311268772,Tesco Green Olives With Garlic & Herbs 300G,https://www.tesco.com/groceries/en-GB/shop/fresh-food/all?department=Cooked%20Meats%2C%20Antipasti%20%26%20Dips&viewAll=department&page=,£3.75,£1.25/100g,,,/groceries/en-GB/products/311268772,https://digitalcontent.api.tesco.com/v2/media/ghs/311fe741-b35a-468c-8d2d-2a1e899c4169/58282836-131e-4ef9-b259-7fa817e9dcf1_938116323.jpeg?h=225&w=225,
307356996,Tesco Greek Salad Inspired Olives 140G,https://www.tesco.com/groceries/en-GB/shop/fresh-food/all?department=Cooked%20Meats%2C%20Antipasti%20%26%20Dips&viewAll=department&page=,£3.50,£2.50/100g,,,/groceries/en-GB/products/307356996,https://digitalcontent.api.tesco.com/v2/media/ghs/12f1c79a-ff4c-43bd-9bc3-b728014197fc/cc788fae-d3af-434a-86ce-e27c913a60c6_1457977756.jpeg?h=225&w=225,
302317089,Tesco Greek Halkidiki Olives 170G,https://www.tesco.com/groceries/en-GB/shop/fresh-food/all?department=Cooked%20Meats%2C%20Antipasti%20%26%20Dips&viewAll=department&page=,£3.50,£2.06/100g,,,/groceries/en-GB/products/302317089,https://digitalcontent.api.tesco.com/v2/media/ghs/a1905fdf-4f1b-47b5-a16f-7d1a90bedba6/56f18187-85dd-4f03-9780-0a63370b8306_2120468562.jpeg?h=225&w=225,
306809100,Tesco Halkidiki Olives With Lemon & Garlic 130G,https://www.tesco.com/groceries/en-GB/shop/fresh-food/all?department=Cooked%20Meats%2C%20Antipasti%20%26%20Dips&viewAll=department&page=,£3.50,£2.70/100g,,,/groceries/en-GB/products/306809100,https://digitalcontent.api.tesco.com/v2/media/ghs/e8379487-4d6c-4428-8da2-85bda6a59a4a/ec5cb9bf-8471-4871-bfdb-d1a81394ff09_315855895.jpeg?h=225&w=225,
302274616,Tesco Chilli Spanish Olives With Cheese 160G,https://www.tesco.com/groceries/en-GB/shop/fresh-food/all?department=Cooked%20Meats%2C%20Antipasti%20%26%20Dips&viewAll=department&page=,£3.50,£0.22/10g,,,/groceries/en-GB/products/302274616,https://digitalcontent.api.tesco.com/v2/media/ghs/387fe50e-9182-4669-b288-71e6e0cc0059/6b745325-f234-4baf-9da1-4e265caff221.jpeg?h=225&w=225,
307352879,Noel Chorizo Iberico Ring 170G,https://www.tesco.com/groceries/en-GB/shop/fresh-food/all?department=Cooked%20Meats%2C%20Antipasti%20%26%20Dips&viewAll=department&page=,£3.50,£2.06/100g,,,/groceries/en-GB/products/307352879,https://digitalcontent.api.tesco.com/v2/media/ghs/7727350a-519d-40a4-92d3-158c96c7b170/f6e8fc29-2219-47a6-84eb-38afaf368803_80620234.jpeg?h=225&w=225,
302285062,Tesco Vine Tomatoes With Pesto Mozzarella 210G,https://www.tesco.com/groceries/en-GB/shop/fresh-food/all?department=Cooked%20Meats%2C%20Antipasti%20%26%20Dips&viewAll=department&page=,£3.50,£1.67/100g,,,/groceries/en-GB/products/302285062,https://digitalcontent.api.tesco.com/v2/media/ghs/5ffdf319-8d76-4c8a-9e28-07853c44c190/103dce3b-f74b-4859-a80a-f336d5907f2b.jpeg?h=225&w=225,
304368975,Tesco Mixed Feta Stuffed Peppers 150G,https://www.tesco.com/groceries/en-GB/shop/fresh-food/all?department=Cooked%20Meats%2C%20Antipasti%20%26%20Dips&viewAll=department&page=,£3.50,£23.34/kg,,,/groceries/en-GB/products/304368975,https://digitalcontent.api.tesco.com/v2/media/ghs/d02cb671-0304-4618-bb3b-3aa6f7cfeb2e/79f8933a-7980-4236-9fc1-f4453dbd0ca6_120234495.jpeg?h=225&w=225,
311203089,Tesco Meat & Antipasti Sharing Platter 325G,https://www.tesco.com/groceries/en-GB/shop/fresh-food/all?department=Cooked%20Meats%2C%20Antipasti%20%26%20Dips&viewAll=department&page=,£4.50,£13.85/kg,,,/groceries/en-GB/products/311203089,https://digitalcontent.api.tesco.com/v2/media/ghs/d6c54b5e-69b3-4dcf-be46-e5245622c681/150519d2-7e32-4410-bab8-874bf19e923c.jpeg?h=225&w=225,
312854969,Better Naked Finely Sliced Ham Slices 120G,https://www.tesco.com/groceries/en-GB/shop/fresh-food/all?department=Cooked%20Meats%2C%20Antipasti%20%26%20Dips&viewAll=department&page=,£3.00,£2.50/100g,,,/groceries/en-GB/products/312854969,https://digitalcontent.api.tesco.com/v2/media/ghs/19f4babd-b7aa-45d1-9891-b8fb0b5cfce1/2a800f23-ae61-4c28-b5aa-9ccbb30ed70b.jpeg?h=225&w=225,
307742209,Tesco Salami Selection Platter 110G,https://www.tesco.com/groceries/en-GB/shop/fresh-food/all?department=Cooked%20Meats%2C%20Antipasti%20%26%20Dips&viewAll=department&page=,£3.00,£27.28/kg,,,/groceries/en-GB/products/307742209,https://digitalcontent.api.tesco.com/v2/media/ghs/12d99821-f955-420a-a2bf-3f3afd350f30/a7b934a1-d7bf-458b-a3aa-327a3f4a7eba_806283058.jpeg?h=225&w=225,
262524077,Yarden Houmous Reduced Calories 250G,https://www.tesco.com/groceries/en-GB/shop/fresh-food/all?department=Cooked%20Meats%2C%20Antipasti%20%26%20Dips&viewAll=department&page=,£2.30,£0.92/100g,,,/groceries/en-GB/products/262524077,https://digitalcontent.api.tesco.com/v2/media/ghs/a515a696-cd44-46fa-8c54-d7ccd1cb33d5/ac4cafa3-7e62-4bd6-8a77-162bdc6ef579_2049971877.jpeg?h=225&w=225,
309449273,Tesco Finest Duck & Truffle Pate 125G,https://www.tesco.com/groceries/en-GB/shop/fresh-food/all?department=Cooked%20Meats%2C%20Antipasti%20%26%20Dips&viewAll=department&page=,£4.00,£3.20/100g,,,/groceries/en-GB/products/309449273,https://digitalcontent.api.tesco.com/v2/media/ghs/efb3ed02-e00e-4200-9344-a6752febae71/4b088803-04a7-4baf-a098-2fb3f8c308cc_1053891160.jpeg?h=225&w=225,
311270287,Tesco Finest Lomo 80G,https://www.tesco.com/groceries/en-GB/shop/fresh-food/all?department=Cooked%20Meats%2C%20Antipasti%20%26%20Dips&viewAll=department&page=,£2.35,£2.94/100g,,,/groceries/en-GB/products/311270287,https://digitalcontent.api.tesco.com/v2/media/ghs/7fa421c5-8b10-47b0-98bf-855d5e9d6b6e/c13d2113-c579-43db-9976-d2351037d102_325931444.jpeg?h=225&w=225,
305249929,Poeto Roasted Red Pepper & Spicy Chorizo Tortilla 500G,https://www.tesco.com/groceries/en-GB/shop/fresh-food/all?department=Cooked%20Meats%2C%20Antipasti%20%26%20Dips&viewAll=department&page=,£3.00,£0.60/100g,,,/groceries/en-GB/products/305249929,https://digitalcontent.api.tesco.com/v2/media/ghs/8465c4ca-89d0-4102-b020-40ccbad19bc1/5544f78f-33df-430e-830c-e5b21574f402_213497420.jpeg?h=225&w=225,
307745167,Tesco Crostini Crackers With Rosemary 180G,https://www.tesco.com/groceries/en-GB/shop/fresh-food/all?department=Cooked%20Meats%2C%20Antipasti%20%26%20Dips&viewAll=department&page=,£2.00,£11.12/kg,,,/groceries/en-GB/products/307745167,https://digitalcontent.api.tesco.com/v2/media/ghs/419bd766-2305-440b-8900-58238797b890/ea140779-fbf7-4da6-a5fa-e2127bf738e7_276996374.jpeg?h=225&w=225,
307736190,Beretta Spianata Italiana 80G,https://www.tesco.com/groceries/en-GB/shop/fresh-food/all?department=Cooked%20Meats%2C%20Antipasti%20%26%20Dips&viewAll=department&page=,£2.00,£2.50/100g,,,/groceries/en-GB/products/307736190,https://digitalcontent.api.tesco.com/v2/media/ghs/86e38e82-9065-4030-a82f-0123fa1efa87/b243bced-1c65-4133-87d7-d929dce4a35b_212016936.jpeg?h=225&w=225,
308472129,Tesco Paprika Spiced Chickpea Houmous 180G,https://www.tesco.com/groceries/en-GB/shop/fresh-food/all?department=Cooked%20Meats%2C%20Antipasti%20%26%20Dips&viewAll=department&page=,£2.00,£11.12/kg,,,/groceries/en-GB/products/308472129,https://digitalcontent.api.tesco.com/v2/media/ghs/e91d9946-faac-4df0-b7bb-a1d35cfcff08/daf34e65-c606-468d-8501-945a8c21ee75.jpeg?h=225&w=225,
307753508,Tesco Greek Olives In Garlic & Herbs 115G,https://www.tesco.com/groceries/en-GB/shop/fresh-food/all?department=Cooked%20Meats%2C%20Antipasti%20%26%20Dips&viewAll=department&page=,£2.00,£17.40/kg,,,/groceries/en-GB/products/307753508,https://digitalcontent.api.tesco.com/v2/media/ghs/a8bed551-6740-487a-a187-bfa8252b9c2c/08bc47f6-5818-4106-86ef-1c7a58a0c512_782116171.jpeg?h=225&w=225,
311783697,Holy Moly Tzatziki 155G,https://www.tesco.com/groceries/en-GB/shop/fresh-food/all?department=Cooked%20Meats%2C%20Antipasti%20%26%20Dips&viewAll=department&page=,£2.20,£1.42/100g,,,/groceries/en-GB/products/311783697,https://digitalcontent.api.tesco.com/v2/media/ghs/98a7afbe-214c-40e5-bfc9-bccad083cec6/091ec21a-bcc0-4e4a-a8c6-2f19d7de9cbe.jpeg?h=225&w=225,
307735663,Beretta Coppa 80G,https://www.tesco.com/groceries/en-GB/shop/fresh-food/all?department=Cooked%20Meats%2C%20Antipasti%20%26%20Dips&viewAll=department&page=,£2.00,£2.50/100g,,,/groceries/en-GB/products/307735663,https://digitalcontent.api.tesco.com/v2/media/ghs/2a975ddf-8149-47e1-a1c4-bd7cecd80668/151f4e1e-b556-4abd-9f6d-b68cee76b603_457880290.jpeg?h=225&w=225,
307734733,Tesco Sundried Tomato & Red Pepper Crush 130G,https://www.tesco.com/groceries/en-GB/shop/fresh-food/all?department=Cooked%20Meats%2C%20Antipasti%20%26%20Dips&viewAll=department&page=,£2.00,£15.39/kg,,,/groceries/en-GB/products/307734733,https://digitalcontent.api.tesco.com/v2/media/ghs/4a874c0e-0aa0-47ce-88a4-7ca8d2138f67/cf17d546-28ab-4d31-968d-73573026f874.jpeg?h=225&w=225,
296747717,Peperami Red Hot Stick 22.5G,https://www.tesco.com/groceries/en-GB/shop/fresh-food/all?department=Cooked%20Meats%2C%20Antipasti%20%26%20Dips&viewAll=department&page=,£1.15,£5.12/100g,"£3.40 Meal Deal Clubcard Price £3.90 Meal Deal Regular Price - Selected Drink, Snack, Wrap, Sandwich, Roll, Pasty Or Salad",,/groceries/en-GB/products/296747717,https://digitalcontent.api.tesco.com/v2/media/ghs/b8f4d058-82fa-4408-8e6c-40e026d8cc43/19a35f38-36a6-4a83-9417-721656c3f023_441149700.jpeg?h=225&w=225,
312712389,Tesco Deli Honey Roast Ham 120G,https://www.tesco.com/groceries/en-GB/shop/fresh-food/all?department=Cooked%20Meats%2C%20Antipasti%20%26%20Dips&viewAll=department&page=,£2.00,£1.67/100g,,New,/groceries/en-GB/products/312712389,https://digitalcontent.api.tesco.com/v2/media/ghs/39e99a63-e641-4311-a26f-7eaa38a51ff9/f8da5b07-3191-40c6-92a0-cc723b41c780.jpeg?h=225&w=225,
304412105,Tesco Mediterranean Inspired Sharing Platter Serves 10,https://www.tesco.com/groceries/en-GB/shop/fresh-food/all?department=Cooked%20Meats%2C%20Antipasti%20%26%20Dips&viewAll=department&page=,£8.50,£1.47/100g,,,/groceries/en-GB/products/304412105,https://digitalcontent.api.tesco.com/v2/media/ghs/455f3a36-2698-48d8-acac-d3d717df51ed/8fd4eaf4-3107-40e3-8d1d-ac7c4b374008.jpeg?h=225&w=225,
310673351,Tesco Sicilian Giarraffa Olives 150G,https://www.tesco.com/groceries/en-GB/shop/fresh-food/all?department=Cooked%20Meats%2C%20Antipasti%20%26%20Dips&viewAll=department&page=,£3.50,£2.34/100g,,,/groceries/en-GB/products/310673351,https://digitalcontent.api.tesco.com/v2/media/ghs/36f2e9bd-3175-4dea-a7df-486bd6ca0493/e50ae040-5ead-49dd-ae44-714c6a688cbe.jpeg?h=225&w=225,
310154787,Tesco Turkish Edremit Olives 140G,https://www.tesco.com/groceries/en-GB/shop/fresh-food/all?department=Cooked%20Meats%2C%20Antipasti%20%26%20Dips&viewAll=department&page=,£3.50,£2.50/100g,,,/groceries/en-GB/products/310154787,https://digitalcontent.api.tesco.com/v2/media/ghs/1a185693-4de0-479e-a4fa-91652d062ae1/1a0b46fc-1cb7-4afe-b6dd-789580feaf37_1968272490.jpeg?h=225&w=225,
307141081,Bretta Spicy Salami Napoli 250G,https://www.tesco.com/groceries/en-GB/shop/fresh-food/all?department=Cooked%20Meats%2C%20Antipasti%20%26%20Dips&viewAll=department&page=,£4.00,£1.60/100g,,,/groceries/en-GB/products/307141081,https://digitalcontent.api.tesco.com/v2/media/ghs/9abf51d8-9c2b-495f-b0c8-a8ed53852eb0/53a39048-8b22-4f29-8924-1a7dff08c147_120995967.jpeg?h=225&w=225,
310680768,Tesco Borettane Onions 160G,https://www.tesco.com/groceries/en-GB/shop/fresh-food/all?department=Cooked%20Meats%2C%20Antipasti%20%26%20Dips&viewAll=department&page=,£3.50,£21.88/kg,,,/groceries/en-GB/products/310680768,https://digitalcontent.api.tesco.com/v2/media/ghs/ca965b1e-59d8-40ad-b0af-bf77f535dcac/1cad4e12-2826-448a-94cb-47ac1c9cf1a2_1147206192.jpeg?h=225&w=225,
307759600,Tesco Serrano Ham & Chorizo 110G,https://www.tesco.com/groceries/en-GB/shop/fresh-food/all?department=Cooked%20Meats%2C%20Antipasti%20%26%20Dips&viewAll=department&page=,£3.00,£27.28/kg,,,/groceries/en-GB/products/307759600,https://digitalcontent.api.tesco.com/v2/media/ghs/820be079-6339-4353-a1a5-8e1b66290453/8cb8d242-a0ac-46d5-8dca-0fc5013286c8_1250308819.jpeg?h=225&w=225,
308452539,Tesco Chorizo & Iberico Cheese 110G,https://www.tesco.com/groceries/en-GB/shop/fresh-food/all?department=Cooked%20Meats%2C%20Antipasti%20%26%20Dips&viewAll=department&page=,£3.00,£27.28/kg,,,/groceries/en-GB/products/308452539,https://digitalcontent.api.tesco.com/v2/media/ghs/7cb3c91b-4577-4af0-b784-9521ba31a156/62b999bc-dea9-4601-8b01-2b7cce0e8548.jpeg?h=225&w=225,
307752360,Tesco Garlic & Parsley Anchovies 110G,https://www.tesco.com/groceries/en-GB/shop/fresh-food/all?department=Cooked%20Meats%2C%20Antipasti%20%26%20Dips&viewAll=department&page=,£3.00,£27.28/kg,,,/groceries/en-GB/products/307752360,https://digitalcontent.api.tesco.com/v2/media/ghs/cc17a5a6-9725-426a-a55f-d78261642515/3d7b29ea-7d4c-4a6b-a3e8-85d8f9ae9f77_1717993878.jpeg?h=225&w=225,
308461368,Tesco Baking Feta 150G,https://www.tesco.com/groceries/en-GB/shop/fresh-food/all?department=Cooked%20Meats%2C%20Antipasti%20%26%20Dips&viewAll=department&page=,£3.00,£20.00/kg,,,/groceries/en-GB/products/308461368,https://digitalcontent.api.tesco.com/v2/media/ghs/20813784-eab0-4fee-b667-4e39c0ee5080/7346bec6-388c-41a3-822a-8a1e6383ff07.jpeg?h=225&w=225,
308484145,Tesco Patatas Bravas 250G,https://www.tesco.com/groceries/en-GB/shop/fresh-food/all?department=Cooked%20Meats%2C%20Antipasti%20%26%20Dips&viewAll=department&page=,£3.00,£12.00/kg,,New,/groceries/en-GB/products/308484145,https://digitalcontent.api.tesco.com/v2/media/ghs/f03c4e4f-c9c6-4e52-8e60-d69da2d344c1/6c0f6b54-a92b-4cab-bd19-001122325729.jpeg?h=225&w=225,
310672571,"Tesco Anchovy, Olive & Red Pepper Skewers 90G",https://www.tesco.com/groceries/en-GB/shop/fresh-food/all?department=Cooked%20Meats%2C%20Antipasti%20%26%20Dips&viewAll=department&page=,£3.50,£3.89/100g,,,/groceries/en-GB/products/310672571,https://digitalcontent.api.tesco.com/v2/media/ghs/d6883fc3-10b5-4e03-b406-cd75b7678e51/13ba6814-bf7c-4a4b-8b76-718b2b20409d_710788443.jpeg?h=225&w=225,
309196185,Tesco Finest Ham Hock & Piccalilli Pate 125G,https://www.tesco.com/groceries/en-GB/shop/fresh-food/all?department=Cooked%20Meats%2C%20Antipasti%20%26%20Dips&viewAll=department&page=,£4.00,£3.20/100g,,,/groceries/en-GB/products/309196185,https://digitalcontent.api.tesco.com/v2/media/ghs/a8e3ff90-49d3-4936-8d93-2bd7b531cfd4/2455aafb-ca23-4dcf-b7a7-f08d64159f4d_1338806298.jpeg?h=225&w=225,
308459959,Tesco Saucisson Sec 70G,https://www.tesco.com/groceries/en-GB/shop/fresh-food/all?department=Cooked%20Meats%2C%20Antipasti%20%26%20Dips&viewAll=department&page=,£2.00,£28.58/kg,,,/groceries/en-GB/products/308459959,https://digitalcontent.api.tesco.com/v2/media/ghs/13285a34-e156-4e60-a20a-0c4ba4e93318/9265de54-72c5-4faa-8ec0-dd2940c09466_610519979.jpeg?h=225&w=225,
308486903,Tesco Garlic Ciabatta 135G,https://www.tesco.com/groceries/en-GB/shop/fresh-food/all?department=Cooked%20Meats%2C%20Antipasti%20%26%20Dips&viewAll=department&page=,£2.00,£1.49/100g,,,/groceries/en-GB/products/308486903,https://digitalcontent.api.tesco.com/v2/media/ghs/0601ba81-41dd-4a8f-a2b2-3d0a82ac68f6/3fef9180-3c56-42f5-b07e-69170bdebc1e.jpeg?h=225&w=225,
309790247,Tesco Plant Chef Dip Selection 400G,https://www.tesco.com/groceries/en-GB/shop/fresh-food/all?department=Cooked%20Meats%2C%20Antipasti%20%26%20Dips&viewAll=department&page=,£2.25,£0.56/100g,,,/groceries/en-GB/products/309790247,https://digitalcontent.api.tesco.com/v2/media/ghs/1fdb9d7a-8a45-414a-884f-cea05cf59961/4d4a855b-c84d-43d4-9b77-9284fa85427d.jpeg?h=225&w=225,
308497602,Tesco Artichoke Crush 130G,https://www.tesco.com/groceries/en-GB/shop/fresh-food/all?department=Cooked%20Meats%2C%20Antipasti%20%26%20Dips&viewAll=department&page=,£2.00,£15.39/kg,,,/groceries/en-GB/products/308497602,https://digitalcontent.api.tesco.com/v2/media/ghs/60849e05-f6a8-4736-9630-ae73549c3063/4c61c3a8-97af-4e6d-a2df-9bfb2333b658.jpeg?h=225&w=225,
308456719,Tesco Meatballs In Smoky Tomato Sauce 200G,https://www.tesco.com/groceries/en-GB/shop/fresh-food/all?department=Cooked%20Meats%2C%20Antipasti%20%26%20Dips&viewAll=department&page=,£3.00,£15.00/kg,,New,/groceries/en-GB/products/308456719,https://digitalcontent.api.tesco.com/v2/media/ghs/717db18c-03df-4a1b-a12c-0aa423f6b9e0/d6049ab5-b916-4b68-8f17-c02bd1f7a4d5.jpeg?h=225&w=225,
307355064,Tesco Finest Spanish Serrano Ham Serves 40,https://www.tesco.com/groceries/en-GB/shop/fresh-food/all?department=Cooked%20Meats%2C%20Antipasti%20%26%20Dips&viewAll=department&page=,£30.00,£15.00/kg,,,/groceries/en-GB/products/307355064,https://digitalcontent.api.tesco.com/v2/media/ghs/0f65c28c-ada3-410c-9d28-e1f78865fd22/9671533b-a94c-44a0-a81d-a0bbb7b1f5ca.jpeg?h=225&w=225,
312715518,Tesco Finest Continental Platter Serves approx 7,https://www.tesco.com/groceries/en-GB/shop/fresh-food/all?department=Cooked%20Meats%2C%20Antipasti%20%26%20Dips&viewAll=department&page=,£18.00,£2.73/100g,,,/groceries/en-GB/products/312715518,https://digitalcontent.api.tesco.com/v2/media/ghs/c5c62c4a-1799-4cab-a5ed-a0b1521c2ecb/16c90198-c0d8-4462-8ff5-16ae4598f2c0.jpeg?h=225&w=225,
312574085,Tesco Finest Meat & Fish Pate Selection Serves 9,https://www.tesco.com/groceries/en-GB/shop/fresh-food/all?department=Cooked%20Meats%2C%20Antipasti%20%26%20Dips&viewAll=department&page=,£10.00,£2.67/100g,,,/groceries/en-GB/products/312574085,https://digitalcontent.api.tesco.com/v2/media/ghs/81a038e7-3b01-4d37-b939-35644a53bc09/da25ab0b-a4c1-418d-bf95-631eafe1b26e.jpeg?h=225&w=225,
255956906,Rustlers Quarter Pounder & Cheese 190G Standard,https://www.tesco.com/groceries/en-GB/shop/fresh-food/all?department=Pies%2C%20Pasties%2C%20Quiches%20%26%20Snacking&viewAll=department&page=,£2.25,£11.85/kg,,,/groceries/en-GB/products/255956906,https://digitalcontent.api.tesco.com/v2/media/ghs/7c70ba5d-372b-4579-8484-b7361ecbfb66/5f8b6703-4e78-4c76-82b7-0d6fb74abac2.jpeg?h=225&w=225,
296526864,Peperami Original 5 Pack 5X22.5G,https://www.tesco.com/groceries/en-GB/shop/fresh-food/all?department=Pies%2C%20Pasties%2C%20Quiches%20%26%20Snacking&viewAll=department&page=,£2.50,£2.23/100g,,,/groceries/en-GB/products/296526864,https://digitalcontent.api.tesco.com/v2/media/ghs/88f177d9-74a3-4236-be3b-8ba7db774ca2/af3891e3-c970-4add-902e-b62ab4f24287_994863243.jpeg?h=225&w=225,
304372589,Pukka Steak And Kidney Pie,https://www.tesco.com/groceries/en-GB/shop/fresh-food/all?department=Pies%2C%20Pasties%2C%20Quiches%20%26%20Snacking&viewAll=department&page=,£2.00,£2.00/each,,,/groceries/en-GB/products/304372589,https://digitalcontent.api.tesco.com/v2/media/ghs/beab008a-1bb5-47d6-99ad-8b608ef73244/b20353a6-d218-44ba-bdb5-b223ce2ba464.jpeg?h=225&w=225,
288442560,Tesco 20 Mini Sausage Rolls 220G,https://www.tesco.com/groceries/en-GB/shop/fresh-food/all?department=Pies%2C%20Pasties%2C%20Quiches%20%26%20Snacking&viewAll=department&page=,£2.15,£0.98/100g,Any 2 for £3.50 Clubcard Price - Selected Tesco Bite Size And Slices 120g - 300g,,/groceries/en-GB/products/288442560,https://digitalcontent.api.tesco.com/v2/media/ghs/0124e4a3-2519-47ce-ab21-d3d063e08fea/6086c09e-931b-4bc7-8a23-1c75f926de22.jpeg?h=225&w=225,
250591613,Peperami Mini Original 10X10g,https://www.tesco.com/groceries/en-GB/shop/fresh-food/all?department=Pies%2C%20Pasties%2C%20Quiches%20%26%20Snacking&viewAll=department&page=,£2.50,£2.50/100g,£2.25 Clubcard Price,,/groceries/en-GB/products/250591613,https://digitalcontent.api.tesco.com/v2/media/ghs/93825507-17cc-413a-bc6c-d95b64b5b88e/91029151-19a4-4e5c-a957-d3a5105a44a5_1070480997.jpeg?h=225&w=225,
304401896,Pukka All Steak Pie,https://www.tesco.com/groceries/en-GB/shop/fresh-food/all?department=Pies%2C%20Pasties%2C%20Quiches%20%26%20Snacking&viewAll=department&page=,£2.00,£2.00/each,,,/groceries/en-GB/products/304401896,https://digitalcontent.api.tesco.com/v2/media/ghs/b049499b-bdad-4518-9c41-59ec376bef29/d54bf948-5c80-4d83-95a6-e123bdb7a86d.jpeg?h=225&w=225,
302490020,Fridge Raiders Roast Chicken Bites 3X22.5G,https://www.tesco.com/groceries/en-GB/shop/fresh-food/all?department=Pies%2C%20Pasties%2C%20Quiches%20%26%20Snacking&viewAll=department&page=,£1.60,£2.38/100g,,,/groceries/en-GB/products/302490020,https://digitalcontent.api.tesco.com/v2/media/ghs/2bcdeb09-8e16-4d31-b388-97bf8f7c4c22/baa7ac49-1ff0-4799-be9d-747d9170907b.jpeg?h=225&w=225,
305970686,Wall's 10 Snack Sausage Rolls 270G,https://www.tesco.com/groceries/en-GB/shop/fresh-food/all?department=Pies%2C%20Pasties%2C%20Quiches%20%26%20Snacking&viewAll=department&page=,£2.10,£0.78/100g,,,/groceries/en-GB/products/305970686,https://digitalcontent.api.tesco.com/v2/media/ghs/174c381b-da90-4c57-be5b-2b3ffc2db13c/b331ed20-4673-446f-8133-391d06a32543.jpeg?h=225&w=225,
254972393,Tesco 6 Mini Melton Mowbray Pork Pies 300G,https://www.tesco.com/groceries/en-GB/shop/fresh-food/all?department=Pies%2C%20Pasties%2C%20Quiches%20%26%20Snacking&viewAll=department&page=,£2.50,£0.83/100g,,,/groceries/en-GB/products/254972393,https://digitalcontent.api.tesco.com/v2/media/ghs/ecc2804b-4129-45d9-b3c9-44bf2df67e29/a1aebfb2-ae8c-4110-9038-186d92a2da8a.jpeg?h=225&w=225,
304416019,Pukka Chicken & Mushroom Pie,https://www.tesco.com/groceries/en-GB/shop/fresh-food/all?department=Pies%2C%20Pasties%2C%20Quiches%20%26%20Snacking&viewAll=department&page=,£2.00,£2.00/each,,,/groceries/en-GB/products/304416019,https://digitalcontent.api.tesco.com/v2/media/ghs/6bbb80e2-590c-4e2e-be33-760e106c23c3/eaf2069d-105c-4711-a0b9-11f766bcfd8f.jpeg?h=225&w=225,
268294690,Tesco 30 Bitesize Pork Cocktail Sausages 255G,https://www.tesco.com/groceries/en-GB/shop/fresh-food/all?department=Pies%2C%20Pasties%2C%20Quiches%20%26%20Snacking&viewAll=department&page=,£2.15,£0.84/100g,Any 2 for £3.50 Clubcard Price - Selected Tesco Bite Size And Slices 120g - 300g,,/groceries/en-GB/products/268294690,https://digitalcontent.api.tesco.com/v2/media/ghs/58a265d3-deb6-44e5-8b6b-08c647d3fd85/3c64563b-ed6b-4f16-91c4-897f75e27727.jpeg?h=225&w=225,
302490066,Fridge Raiders Slow Roasted Chicken Bites 6X22.5G,https://www.tesco.com/groceries/en-GB/shop/fresh-food/all?department=Pies%2C%20Pasties%2C%20Quiches%20%26%20Snacking&viewAll=department&page=,£2.80,£2.08/100g,£2.00 Clubcard Price,,/groceries/en-GB/products/302490066,https://digitalcontent.api.tesco.com/v2/media/ghs/f397ed46-df76-451f-8777-14ca530c115c/2939b87c-6bf2-4f06-b16c-884ef142a9a8.jpeg?h=225&w=225,
288017315,Tesco Cheese & Onion Quiche 400G,https://www.tesco.com/groceries/en-GB/shop/fresh-food/all?department=Pies%2C%20Pasties%2C%20Quiches%20%26%20Snacking&viewAll=department&page=,£2.50,£0.62/100g,,,/groceries/en-GB/products/288017315,https://digitalcontent.api.tesco.com/v2/media/ghs/565289e5-290f-4e4e-ad4f-54504fee839b/159e4d8a-fc87-49ac-b3d3-9eea761fb49e.jpeg?h=225&w=225,
254787629,Tesco 25 Cocktail Sausages 212G,https://www.tesco.com/groceries/en-GB/shop/fresh-food/all?department=Pies%2C%20Pasties%2C%20Quiches%20%26%20Snacking&viewAll=department&page=,£1.65,£0.78/100g,,,/groceries/en-GB/products/254787629,https://digitalcontent.api.tesco.com/v2/media/ghs/7fc75dec-294b-4a73-9c04-105b254fd4e2/c22ac085-1be4-4cbd-bff3-58753a5c2f42.jpeg?h=225&w=225,
259448131,Ginsters Large Cornish Pasty 227G,https://www.tesco.com/groceries/en-GB/shop/fresh-food/all?department=Pies%2C%20Pasties%2C%20Quiches%20%26%20Snacking&viewAll=department&page=,£1.65,£0.73/100g,,,/groceries/en-GB/products/259448131,https://digitalcontent.api.tesco.com/v2/media/ghs/6932986d-2a56-4da8-81d6-4cfe56226c3a/7c5304fb-cbcb-4a4c-9efd-a6a3cc006630.jpeg?h=225&w=225,
302490043,Fridge Raiders Southern Style Chicken Bites 3X22.5G,https://www.tesco.com/groceries/en-GB/shop/fresh-food/all?department=Pies%2C%20Pasties%2C%20Quiches%20%26%20Snacking&viewAll=department&page=,£1.60,£2.38/100g,,,/groceries/en-GB/products/302490043,https://digitalcontent.api.tesco.com/v2/media/ghs/09058b8c-63f7-4ae9-b050-6c1da3f4a189/ab62ff00-9701-4348-b3b4-8b3fd9922a4b.jpeg?h=225&w=225,
288017298,Tesco Quiche Lorraine 400G,https://www.tesco.com/groceries/en-GB/shop/fresh-food/all?department=Pies%2C%20Pasties%2C%20Quiches%20%26%20Snacking&viewAll=department&page=,£2.50,£0.62/100g,,,/groceries/en-GB/products/288017298,https://digitalcontent.api.tesco.com/v2/media/ghs/4f33aeba-395f-46e9-88fa-7e4fb7539b3d/2b7a4122-b9f1-415b-a197-8ba8ea56877f.jpeg?h=225&w=225,
268905631,Tesco 6 Pack Sausage Rolls 360G,https://www.tesco.com/groceries/en-GB/shop/fresh-food/all?department=Pies%2C%20Pasties%2C%20Quiches%20%26%20Snacking&viewAll=department&page=,£1.95,£0.54/100g,£1.50 Clubcard Price,,/groceries/en-GB/products/268905631,https://digitalcontent.api.tesco.com/v2/media/ghs/b78446c7-05bf-4969-b007-7c75fd546375/71da688c-14c4-465a-acb8-45ac35554247.jpeg?h=225&w=225,
293740303,Tesco 2 Pack Steak Slices 300G,https://www.tesco.com/groceries/en-GB/shop/fresh-food/all?department=Pies%2C%20Pasties%2C%20Quiches%20%26%20Snacking&viewAll=department&page=,£2.00,£0.67/100g,Any 2 for £3.50 Clubcard Price - Selected Tesco Bite Size And Slices 120g - 300g,,/groceries/en-GB/products/293740303,https://digitalcontent.api.tesco.com/v2/media/ghs/1663374a-e311-432a-971b-acebc37d5d1c/95e9c781-9854-4ff4-a630-066bb0eb2624.jpeg?h=225&w=225,
303814806,Rustlers Southern Fried Chicken Burger 142G,https://www.tesco.com/groceries/en-GB/shop/fresh-food/all?department=Pies%2C%20Pasties%2C%20Quiches%20%26%20Snacking&viewAll=department&page=,,,,,/groceries/en-GB/products/303814806,https://digitalcontent.api.tesco.com/v2/media/ghs/cdb8142e-8265-4b24-a358-91db28042068/6447586f-3696-44a9-9e8d-ebac292b6ab3.jpeg?h=225&w=225,This product's currently out of stock
268904010,Tesco 12 Mini Savoury Eggs 216G,https://www.tesco.com/groceries/en-GB/shop/fresh-food/all?department=Pies%2C%20Pasties%2C%20Quiches%20%26%20Snacking&viewAll=department&page=,£1.35,£0.62/100g,,,/groceries/en-GB/products/268904010,https://digitalcontent.api.tesco.com/v2/media/ghs/2421caaa-c73b-46e3-af7e-9dbb4dccd8d4/482c6c0b-b819-46c6-aa7e-ad4656960a33.jpeg?h=225&w=225,
305956208,Walls 4 Hearty Sausage Rolls 220G,https://www.tesco.com/groceries/en-GB/shop/fresh-food/all?department=Pies%2C%20Pasties%2C%20Quiches%20%26%20Snacking&viewAll=department&page=,£1.80,£0.82/100g,£1.00 Clubcard Price,,/groceries/en-GB/products/305956208,https://digitalcontent.api.tesco.com/v2/media/ghs/f44ef690-5d33-40ee-a5a7-c86dcd175f4d/290b72cc-c899-40d6-bead-3ef47f424b32.jpeg?h=225&w=225,
312228375,Rustlers The Essential Cheeseburger 172G,https://www.tesco.com/groceries/en-GB/shop/fresh-food/all?department=Pies%2C%20Pasties%2C%20Quiches%20%26%20Snacking&viewAll=department&page=,£1.35,£7.85/kg,£1.00 Clubcard Price,,/groceries/en-GB/products/312228375,,
299912206,Eastmans 4 Cured Pork Pies 260G,https://www.tesco.com/groceries/en-GB/shop/fresh-food/all?department=Pies%2C%20Pasties%2C%20Quiches%20%26%20Snacking&viewAll=department&page=,,,,,/groceries/en-GB/products/299912206,,This product's currently out of stock
250301492,Tesco 2 Scotch Eggs 227G,https://www.tesco.com/groceries/en-GB/shop/fresh-food/all?department=Pies%2C%20Pasties%2C%20Quiches%20%26%20Snacking&viewAll=department&page=,£0.85,£0.38/100g,Aldi Price Match,,/groceries/en-GB/products/250301492,https://digitalcontent.api.tesco.com/v2/media/ghs/1639db35-3047-44ed-bd92-fdafb10600fa/e27e2e10-fc35-4cf6-90ad-f65867629389.jpeg?h=225&w=225,
299914884,Eastmans 8 Sausage Rolls 480G,https://www.tesco.com/groceries/en-GB/shop/fresh-food/all?department=Pies%2C%20Pasties%2C%20Quiches%20%26%20Snacking&viewAll=department&page=,£0.95,£0.20/100g,Aldi Price Match,,/groceries/en-GB/products/299914884,https://digitalcontent.api.tesco.com/v2/media/ghs/96b9361e-bc75-4121-8e60-a01fb696068b/22178e4b-c01f-48fb-be2d-313795dcf3c7.jpeg?h=225&w=225,
254606808,Tesco 4 Scotch Eggs 454G,https://www.tesco.com/groceries/en-GB/shop/fresh-food/all?department=Pies%2C%20Pasties%2C%20Quiches%20%26%20Snacking&viewAll=department&page=,£1.65,£0.36/100g,,,/groceries/en-GB/products/254606808,https://digitalcontent.api.tesco.com/v2/media/ghs/09ed047c-718e-40a3-a7f0-3e64f92d3ed9/f6bbe096-8cce-4816-9766-be9b0bd9c364.jpeg?h=225&w=225,
282997603,Rustlers Bbq Pork Rib Sandwich 157G,https://www.tesco.com/groceries/en-GB/shop/fresh-food/all?department=Pies%2C%20Pasties%2C%20Quiches%20%26%20Snacking&viewAll=department&page=,£2.15,£13.70/kg,,,/groceries/en-GB/products/282997603,https://digitalcontent.api.tesco.com/v2/media/ghs/516ddb0f-58f4-436c-ae03-344583c218f6/772f81b6-042d-4798-acf6-9b013dfcba18.jpeg?h=225&w=225,
305053136,Tesco 70 Pork Cocktail Sausages 595G,https://www.tesco.com/groceries/en-GB/shop/fresh-food/all?department=Pies%2C%20Pasties%2C%20Quiches%20%26%20Snacking&viewAll=department&page=,£3.45,£0.58/100g,Any 3 for 2 Clubcard Price - Cheapest Product Free - Selected Chilled Party Foods,,/groceries/en-GB/products/305053136,https://digitalcontent.api.tesco.com/v2/media/ghs/f3b80151-121e-4605-b1cd-801599a57b82/db1e8943-85a9-4da4-bfb1-3b448b658e3b.jpeg?h=225&w=225,
308859837,Tesco Finest Vintage Cheddar & Caramelised Onion Quiche 420G,https://www.tesco.com/groceries/en-GB/shop/fresh-food/all?department=Pies%2C%20Pasties%2C%20Quiches%20%26%20Snacking&viewAll=department&page=,£3.50,£0.83/100g,£3.00 Clubcard Price,,/groceries/en-GB/products/308859837,https://digitalcontent.api.tesco.com/v2/media/ghs/660d6f04-4c18-46d3-bb2e-a34f13c254a8/59ecbeac-f8ff-4474-8249-d16d4f370ed3.jpeg?h=225&w=225,
296526887,Peperami Hot 5 Pack 5X22.5G,https://www.tesco.com/groceries/en-GB/shop/fresh-food/all?department=Pies%2C%20Pasties%2C%20Quiches%20%26%20Snacking&viewAll=department&page=,£2.50,£2.23/100g,,,/groceries/en-GB/products/296526887,https://digitalcontent.api.tesco.com/v2/media/ghs/bcb765b0-4bb9-4670-9ea7-0d5f457d9d2d/bf368d89-87a7-42d1-a826-4b7e4dfdd2bd_436563431.jpeg?h=225&w=225,
306928926,Tesco 20 Pork & Stuffing Rolls 200G,https://www.tesco.com/groceries/en-GB/shop/fresh-food/all?department=Pies%2C%20Pasties%2C%20Quiches%20%26%20Snacking&viewAll=department&page=,£2.00,£1.00/100g,,New,/groceries/en-GB/products/306928926,https://digitalcontent.api.tesco.com/v2/media/ghs/a3377cbe-cebd-4473-8ba7-e671c62130ab/32f5776d-82d4-4d4b-b7a9-de995ba9ecc0.jpeg?h=225&w=225,
305039511,Wall's Jumbo Sausages Roll 130G,https://www.tesco.com/groceries/en-GB/shop/fresh-food/all?department=Pies%2C%20Pasties%2C%20Quiches%20%26%20Snacking&viewAll=department&page=,£1.05,£0.81/100g,,,/groceries/en-GB/products/305039511,https://digitalcontent.api.tesco.com/v2/media/ghs/1854614a-d099-439a-9312-e01411601655/0735920a-4d5f-445b-8dc7-be226706f1f5.jpeg?h=225&w=225,
288017367,Tesco Broccoli & Tomato Quiche 400G,https://www.tesco.com/groceries/en-GB/shop/fresh-food/all?department=Pies%2C%20Pasties%2C%20Quiches%20%26%20Snacking&viewAll=department&page=,£2.50,£0.62/100g,,,/groceries/en-GB/products/288017367,https://digitalcontent.api.tesco.com/v2/media/ghs/450783d3-08f6-494c-9f69-c842dab00676/b9ad05e1-c928-42c9-a78b-487808dccf8c.jpeg?h=225&w=225,
302490089,Fridge Raiders Southern Style Chicken Bites 6X22.5G,https://www.tesco.com/groceries/en-GB/shop/fresh-food/all?department=Pies%2C%20Pasties%2C%20Quiches%20%26%20Snacking&viewAll=department&page=,£2.80,£2.08/100g,£2.00 Clubcard Price,,/groceries/en-GB/products/302490089,https://digitalcontent.api.tesco.com/v2/media/ghs/bb9c436a-1ec4-4abb-984d-765e09f9e7a3/7772fe40-2f82-4c63-b36b-3d4209e7aa6f.jpeg?h=225&w=225,
308457649,Tesco Finest Maple Bacon & Extra Mature Cheddar Quiche 420G,https://www.tesco.com/groceries/en-GB/shop/fresh-food/all?department=Pies%2C%20Pasties%2C%20Quiches%20%26%20Snacking&viewAll=department&page=,£3.50,£0.83/100g,£3.00 Clubcard Price,,/groceries/en-GB/products/308457649,https://digitalcontent.api.tesco.com/v2/media/ghs/ebe6d027-4eb2-4bd5-ba21-7f596f5d0d14/fbc57ce7-2afe-4e83-a2f4-c9c0b8c422ff.jpeg?h=225&w=225,
268895088,Tesco Bitesize 18 Mini Savoury Eggs 216G,https://www.tesco.com/groceries/en-GB/shop/fresh-food/all?department=Pies%2C%20Pasties%2C%20Quiches%20%26%20Snacking&viewAll=department&page=,£2.15,£1.00/100g,Any 2 for £3.50 Clubcard Price - Selected Tesco Bite Size And Slices 120g - 300g,,/groceries/en-GB/products/268895088,https://digitalcontent.api.tesco.com/v2/media/ghs/e852a501-85c1-4904-8438-c30e5587cfb7/d945d739-208c-4f78-9203-b7326dbe1206.jpeg?h=225&w=225,
302083145,Tesco 6 Pork Pie Selection 300G,https://www.tesco.com/groceries/en-GB/shop/fresh-food/all?department=Pies%2C%20Pasties%2C%20Quiches%20%26%20Snacking&viewAll=department&page=,£2.40,£0.80/100g,,New,/groceries/en-GB/products/302083145,https://digitalcontent.api.tesco.com/v2/media/ghs/1745ce3f-710b-4952-a601-348f0420e2f9/ddf3d172-ca7b-483a-a973-ac8e98ed87bf.jpeg?h=225&w=225,
254271813,Tesco Small Melton Mowbray Pork Pie 145G,https://www.tesco.com/groceries/en-GB/shop/fresh-food/all?department=Pies%2C%20Pasties%2C%20Quiches%20%26%20Snacking&viewAll=department&page=,£1.60,£1.11/100g,,,/groceries/en-GB/products/254271813,https://digitalcontent.api.tesco.com/v2/media/ghs/99d26ecd-f8d8-4c17-9eb4-df1c47492e4a/adf74a7d-07a6-4fba-bc9c-f803eedbcb73.jpeg?h=225&w=225,
260690999,Tesco 2 Chicken Tikka Slices 300G,https://www.tesco.com/groceries/en-GB/shop/fresh-food/all?department=Pies%2C%20Pasties%2C%20Quiches%20%26%20Snacking&viewAll=department&page=,£2.00,£0.67/100g,Any 2 for £3.50 Clubcard Price - Selected Tesco Bite Size And Slices 120g - 300g,,/groceries/en-GB/products/260690999,https://digitalcontent.api.tesco.com/v2/media/ghs/a37662fd-0df1-44de-95f6-3c77e14dd1bb/0cfec1d6-31f9-4103-b47e-1b5a457001ef.jpeg?h=225&w=225,
305044533,Mattessons Smoked Pork Sausage Original 160G,https://www.tesco.com/groceries/en-GB/shop/fresh-food/all?department=Pies%2C%20Pasties%2C%20Quiches%20%26%20Snacking&viewAll=department&page=,£2.00,£1.25/100g,£1.50 Clubcard Price,,/groceries/en-GB/products/305044533,https://digitalcontent.api.tesco.com/v2/media/ghs/caf7480b-f400-4552-8b34-b1d7d6a9fbe9/8302d63f-653a-4603-b373-d77ebe632e40_1317018312.jpeg?h=225&w=225,
277645642,Ginsters Peppered Steak Slice 170G,https://www.tesco.com/groceries/en-GB/shop/fresh-food/all?department=Pies%2C%20Pasties%2C%20Quiches%20%26%20Snacking&viewAll=department&page=,£1.65,£0.97/100g,,,/groceries/en-GB/products/277645642,https://digitalcontent.api.tesco.com/v2/media/ghs/01ef90ed-bd61-436f-85a3-b0d9623f4444/6f6f6931-68a8-4965-9837-d25078c975db.jpeg?h=225&w=225,
277645475,Ginsters Chicken And Mushroom Slice 170G,https://www.tesco.com/groceries/en-GB/shop/fresh-food/all?department=Pies%2C%20Pasties%2C%20Quiches%20%26%20Snacking&viewAll=department&page=,£1.65,£0.97/100g,,,/groceries/en-GB/products/277645475,https://digitalcontent.api.tesco.com/v2/media/ghs/d47271d8-f7d3-4d9c-a422-4cfa95b73261/66328755-a6f6-465c-94bd-d72bb1d48ed8.jpeg?h=225&w=225,
289819678,Tesco 20 Chicken Poppers 200G,https://www.tesco.com/groceries/en-GB/shop/fresh-food/all?department=Pies%2C%20Pasties%2C%20Quiches%20%26%20Snacking&viewAll=department&page=,£2.15,£1.08/100g,Any 2 for £3.50 Clubcard Price - Selected Tesco Bite Size And Slices 120g - 300g,,/groceries/en-GB/products/289819678,https://digitalcontent.api.tesco.com/v2/media/ghs/1c3d8035-ac27-4e20-9866-80752b6cde49/aa558f7e-e533-485f-933c-ba68c8e90fa3.jpeg?h=225&w=225,
310175111,Ginsters Festive Chicken & Stuffing Slice 170G,https://www.tesco.com/groceries/en-GB/shop/fresh-food/all?department=Pies%2C%20Pasties%2C%20Quiches%20%26%20Snacking&viewAll=department&page=,£1.65,£0.97/100g,,New,/groceries/en-GB/products/310175111,https://digitalcontent.api.tesco.com/v2/media/ghs/45321f34-bfed-4bd8-b277-af7bacf1fc79/a7c1df41-6fd3-47c8-9500-48f4b3820d99.jpeg?h=225&w=225,
268949596,Tesco 4 Cornish Pasties 520G,https://www.tesco.com/groceries/en-GB/shop/fresh-food/all?department=Pies%2C%20Pasties%2C%20Quiches%20%26%20Snacking&viewAll=department&page=,£2.25,£0.43/100g,,,/groceries/en-GB/products/268949596,https://digitalcontent.api.tesco.com/v2/media/ghs/ae276ad5-1d0e-4958-9bd3-10621a5f54e3/9b1c093d-421b-4d12-a2b9-1904d8163b82.jpeg?h=225&w=225,
306938200,"Tesco Pork, Bacon & Cranberry Pasties 300G",https://www.tesco.com/groceries/en-GB/shop/fresh-food/all?department=Pies%2C%20Pasties%2C%20Quiches%20%26%20Snacking&viewAll=department&page=,£2.00,£0.67/100g,,New,/groceries/en-GB/products/306938200,https://digitalcontent.api.tesco.com/v2/media/ghs/c68210f8-c00c-44bc-81a1-414d9ebc4080/2eed31c4-1836-4c30-9907-43738c86af28_2027616998.jpeg?h=225&w=225,
311942627,Pukka Cheese Leek & Potato Slice 170G,https://www.tesco.com/groceries/en-GB/shop/fresh-food/all?department=Pies%2C%20Pasties%2C%20Quiches%20%26%20Snacking&viewAll=department&page=,£1.75,£1.03/100g,,New,/groceries/en-GB/products/311942627,https://digitalcontent.api.tesco.com/v2/media/ghs/94cc32a0-e138-4708-b13c-bbc332fb5b27/fa754471-8d2b-4499-acc6-93a800e04327.jpeg?h=225&w=225,
311931937,Pukka Chicken Balti Slice 170G,https://www.tesco.com/groceries/en-GB/shop/fresh-food/all?department=Pies%2C%20Pasties%2C%20Quiches%20%26%20Snacking&viewAll=department&page=,£1.75,£1.03/100g,,New,/groceries/en-GB/products/311931937,https://digitalcontent.api.tesco.com/v2/media/ghs/9f635733-d214-4460-a313-30df6a0af0b5/4ef2a6a0-720f-4f07-a7f2-919996c864fe.jpeg?h=225&w=225,
312991247,Pukka Pepperoni Pizza Slice 170G,https://www.tesco.com/groceries/en-GB/shop/fresh-food/all?department=Pies%2C%20Pasties%2C%20Quiches%20%26%20Snacking&viewAll=department&page=,£1.75,£1.03/100g,,New,/groceries/en-GB/products/312991247,https://digitalcontent.api.tesco.com/v2/media/ghs/bd77c438-b35c-431c-8daa-eda67fd66fbf/94261c7d-6e51-417b-8501-50144613b707.jpeg?h=225&w=225,
285346771,Tesco Steak & Ale Puff Pie 200G,https://www.tesco.com/groceries/en-GB/shop/fresh-food/all?department=Pies%2C%20Pasties%2C%20Quiches%20%26%20Snacking&viewAll=department&page=,£1.75,£0.88/100g,,,/groceries/en-GB/products/285346771,https://digitalcontent.api.tesco.com/v2/media/ghs/72c11af5-2913-4bcf-89b3-2fd480166ef4/e0baf8ce-1b6d-42d6-9c7b-23d55e4d9cbe.jpeg?h=225&w=225,
311955264,Pukka Pork Sausage Roll 130G,https://www.tesco.com/groceries/en-GB/shop/fresh-food/all?department=Pies%2C%20Pasties%2C%20Quiches%20%26%20Snacking&viewAll=department&page=,£1.30,£1.00/100g,,New,/groceries/en-GB/products/311955264,https://digitalcontent.api.tesco.com/v2/media/ghs/f0bd48cf-c103-4a1c-aa8d-ae04010e79b8/6b289e19-7f2c-4c74-9dee-e45fd619193b.jpeg?h=225&w=225,
300000109,Eastmans Cheese & Bacon Quiche 400G,https://www.tesco.com/groceries/en-GB/shop/fresh-food/all?department=Pies%2C%20Pasties%2C%20Quiches%20%26%20Snacking&viewAll=department&page=,£1.79,£0.45/100g,Aldi Price Match,,/groceries/en-GB/products/300000109,https://digitalcontent.api.tesco.com/v2/media/ghs/e3a0fa3d-e9d4-4839-843f-f65881645353/a5357ddd-dd45-4187-80a4-ab5c618a2916.jpeg?h=225&w=225,
291066027,Tesco 9 Mini Sausage Rolls 270G,https://www.tesco.com/groceries/en-GB/shop/fresh-food/all?department=Pies%2C%20Pasties%2C%20Quiches%20%26%20Snacking&viewAll=department&page=,£1.75,£0.65/100g,£1.50 Clubcard Price,,/groceries/en-GB/products/291066027,https://digitalcontent.api.tesco.com/v2/media/ghs/ae339020-378d-4ece-8ea7-516f693453ae/e7d6be6b-9016-4f4e-9eca-f9b91f7feae5.jpeg?h=225&w=225,
312560723,Fridge Raiders Chicken & Stuffing Bites 80G,https://www.tesco.com/groceries/en-GB/shop/fresh-food/all?department=Pies%2C%20Pasties%2C%20Quiches%20%26%20Snacking&viewAll=department&page=,£1.15,£1.44/100g,,New,/groceries/en-GB/products/312560723,https://digitalcontent.api.tesco.com/v2/media/ghs/a1420ae8-e614-440c-bfd8-0b7d641002e7/00684d6b-67d0-406a-874f-778fa460ee83_119948233.jpeg?h=225&w=225,
268984455,Tesco 6 Pack Cheese & Onion Rolls 360G,https://www.tesco.com/groceries/en-GB/shop/fresh-food/all?department=Pies%2C%20Pasties%2C%20Quiches%20%26%20Snacking&viewAll=department&page=,£1.95,£0.54/100g,£1.50 Clubcard Price,,/groceries/en-GB/products/268984455,https://digitalcontent.api.tesco.com/v2/media/ghs/ed540686-db43-405b-9536-28eb78420452/06e351a4-4cca-4efc-ba45-b3a3e8459f02.jpeg?h=225&w=225,
253141802,Rustlers Hot Dog 146G,https://www.tesco.com/groceries/en-GB/shop/fresh-food/all?department=Pies%2C%20Pasties%2C%20Quiches%20%26%20Snacking&viewAll=department&page=,,,,,/groceries/en-GB/products/253141802,https://digitalcontent.api.tesco.com/v2/media/ghs/b9d5a964-9283-4882-be4e-56662a495277/a74ea4d9-5ecd-439c-8f8c-930f05f5d138.jpeg?h=225&w=225,This product's currently out of stock
299816712,Eastmans Minced Beef & Onion Pasty 150G,https://www.tesco.com/groceries/en-GB/shop/fresh-food/all?department=Pies%2C%20Pasties%2C%20Quiches%20%26%20Snacking&viewAll=department&page=,£0.44,£0.29/100g,Aldi Price Match,,/groceries/en-GB/products/299816712,https://digitalcontent.api.tesco.com/v2/media/ghs/581cb0b5-e5bb-4896-94fd-b098d11247e0/fd605136-9239-49a7-ab26-fcec2b42077a.jpeg?h=225&w=225,
303665901,Ginsters 4 Pack Cornish Pasties 720G,https://www.tesco.com/groceries/en-GB/shop/fresh-food/all?department=Pies%2C%20Pasties%2C%20Quiches%20%26%20Snacking&viewAll=department&page=,£4.00,£0.56/100g,,,/groceries/en-GB/products/303665901,https://digitalcontent.api.tesco.com/v2/media/ghs/63ad78f1-0077-47f3-beeb-b61d6d775ff0/d67448e4-794f-4c3d-9d01-7f0b4279f927.jpeg?h=225&w=225,
304388726,Pukka Minced Beef & Onion Pie,https://www.tesco.com/groceries/en-GB/shop/fresh-food/all?department=Pies%2C%20Pasties%2C%20Quiches%20%26%20Snacking&viewAll=department&page=,£2.00,£2.00/each,,,/groceries/en-GB/products/304388726,https://digitalcontent.api.tesco.com/v2/media/ghs/6c8d81ce-17b4-460e-ad44-976f52a83e13/d4a6331b-0d33-4dda-8569-22236b6cff70_2095425006.jpeg?h=225&w=225,
305055105,Mattessons Smoked Pork Sausage Original 260G,https://www.tesco.com/groceries/en-GB/shop/fresh-food/all?department=Pies%2C%20Pasties%2C%20Quiches%20%26%20Snacking&viewAll=department&page=,£3.00,£1.16/100g,,,/groceries/en-GB/products/305055105,https://digitalcontent.api.tesco.com/v2/media/ghs/9aee9a2d-1b0a-412a-8be0-2467ae9cbfc2/92895741-4e4b-4083-beea-b39045722b3b.jpeg?h=225&w=225,
310109030,Pukka Creamy Chicken Pie,https://www.tesco.com/groceries/en-GB/shop/fresh-food/all?department=Pies%2C%20Pasties%2C%20Quiches%20%26%20Snacking&viewAll=department&page=,£2.00,£2.00/each,,,/groceries/en-GB/products/310109030,https://digitalcontent.api.tesco.com/v2/media/ghs/93bd5d78-db03-4873-a315-6d22bb584da0/00b5e5b1-e2f2-456e-94d9-b41d37b4c460.jpeg?h=225&w=225,
257775754,Tesco Large Melton Mowbray Pork Pie 440G,https://www.tesco.com/groceries/en-GB/shop/fresh-food/all?department=Pies%2C%20Pasties%2C%20Quiches%20%26%20Snacking&viewAll=department&page=,£3.25,£0.74/100g,,,/groceries/en-GB/products/257775754,https://digitalcontent.api.tesco.com/v2/media/ghs/1dc6863a-0e6a-4726-8076-ef92e0a14cb4/b26eb698-cacf-4002-a810-874145fd6106.jpeg?h=225&w=225,
304791542,Pukka Veggie Leek & Potato Pie,https://www.tesco.com/groceries/en-GB/shop/fresh-food/all?department=Pies%2C%20Pasties%2C%20Quiches%20%26%20Snacking&viewAll=department&page=,£2.00,£2.00/each,,,/groceries/en-GB/products/304791542,https://digitalcontent.api.tesco.com/v2/media/ghs/56f85bba-176c-4d67-b438-c6262f9c28dc/771935b7-5aea-471b-b62e-b8808e56bfcd.jpeg?h=225&w=225,
313177882,Higgidy 8 Mini Muffins Cheddar & Spinach 160G,https://www.tesco.com/groceries/en-GB/shop/fresh-food/all?department=Pies%2C%20Pasties%2C%20Quiches%20%26%20Snacking&viewAll=department&page=,£3.50,£2.19/100g,,New,/groceries/en-GB/products/313177882,https://digitalcontent.api.tesco.com/v2/media/ghs/a278b51f-2e84-4b00-ae8a-8a37738ea120/22079302-0492-458f-869f-19fa46e71e16.jpeg?h=225&w=225,
263687550,Tesco 6 Mini Pork & Pickle Pork Pies 300G,https://www.tesco.com/groceries/en-GB/shop/fresh-food/all?department=Pies%2C%20Pasties%2C%20Quiches%20%26%20Snacking&viewAll=department&page=,£2.50,£0.83/100g,,,/groceries/en-GB/products/263687550,https://digitalcontent.api.tesco.com/v2/media/ghs/069d8b02-8cc6-479a-b746-26b1556ed507/f7ed69d4-d937-42da-8df1-5a1520b3e0a5.jpeg?h=225&w=225,
268949550,Tesco 2 Cheese & Onion Slices 300G,https://www.tesco.com/groceries/en-GB/shop/fresh-food/all?department=Pies%2C%20Pasties%2C%20Quiches%20%26%20Snacking&viewAll=department&page=,£2.00,£0.67/100g,Any 2 for £3.50 Clubcard Price - Selected Tesco Bite Size And Slices 120g - 300g,,/groceries/en-GB/products/268949550,https://digitalcontent.api.tesco.com/v2/media/ghs/4f57b32c-757a-4a71-b147-e30c678f4c3f/b399b702-b259-4a67-908b-7d33d571d7f6.jpeg?h=225&w=225,
288731765,Tesco Cheese & Onion Quiche 160G,https://www.tesco.com/groceries/en-GB/shop/fresh-food/all?department=Pies%2C%20Pasties%2C%20Quiches%20%26%20Snacking&viewAll=department&page=,£1.65,£1.04/100g,,,/groceries/en-GB/products/288731765,https://digitalcontent.api.tesco.com/v2/media/ghs/c8e107ce-2f0f-4c30-9dc2-8c6e02746612/0aa2b72d-d221-4c85-9c9c-831507a30a41.jpeg?h=225&w=225,
288174554,Tesco Crustless Cheese & Onion Quiche 340G,https://www.tesco.com/groceries/en-GB/shop/fresh-food/all?department=Pies%2C%20Pasties%2C%20Quiches%20%26%20Snacking&viewAll=department&page=,£2.50,£0.74/100g,,,/groceries/en-GB/products/288174554,https://digitalcontent.api.tesco.com/v2/media/ghs/daea69d7-75dd-431e-9185-829c4909298d/b40025f9-ba8b-4601-92e9-6c46f691edac.jpeg?h=225&w=225,
266358198,Tesco Bitesize Southern Fried Chicken Straws 168G,https://www.tesco.com/groceries/en-GB/shop/fresh-food/all?department=Pies%2C%20Pasties%2C%20Quiches%20%26%20Snacking&viewAll=department&page=,£2.15,£1.28/100g,Any 2 for £3.50 Clubcard Price - Selected Tesco Bite Size And Slices 120g - 300g,,/groceries/en-GB/products/266358198,https://digitalcontent.api.tesco.com/v2/media/ghs/86dd3055-77ff-4439-95e1-0c7a67dd93fb/2c034c49-2b4c-4a8f-b67f-fc1e46dbb180.jpeg?h=225&w=225,
264716849,Ginsters Cheese & Onion Pasty 180G,https://www.tesco.com/groceries/en-GB/shop/fresh-food/all?department=Pies%2C%20Pasties%2C%20Quiches%20%26%20Snacking&viewAll=department&page=,£1.65,£0.92/100g,,,/groceries/en-GB/products/264716849,https://digitalcontent.api.tesco.com/v2/media/ghs/b638bb63-0a84-49d3-94b1-6f23d705cc83/f42788f1-b444-4b73-b6b7-5b9bbf1dd270_1971903918.jpeg?h=225&w=225,
304789056,Mattessons Smoked Pork Sausages Reduced Fat 160G,https://www.tesco.com/groceries/en-GB/shop/fresh-food/all?department=Pies%2C%20Pasties%2C%20Quiches%20%26%20Snacking&viewAll=department&page=,£2.00,£1.25/100g,£1.50 Clubcard Price,,/groceries/en-GB/products/304789056,,
263515242,Tesco Crustless Cheese & Bacon Quiche 340G,https://www.tesco.com/groceries/en-GB/shop/fresh-food/all?department=Pies%2C%20Pasties%2C%20Quiches%20%26%20Snacking&viewAll=department&page=,£2.50,£0.74/100g,,,/groceries/en-GB/products/263515242,https://digitalcontent.api.tesco.com/v2/media/ghs/fb81fa9f-8918-4a75-8129-5519ddf9d8b2/e43e43fa-8f1a-45fc-9927-62438c1a2691.jpeg?h=225&w=225,
288017396,Tesco Cheese & Bacon Quiche 400G,https://www.tesco.com/groceries/en-GB/shop/fresh-food/all?department=Pies%2C%20Pasties%2C%20Quiches%20%26%20Snacking&viewAll=department&page=,£2.50,£0.62/100g,,,/groceries/en-GB/products/288017396,https://digitalcontent.api.tesco.com/v2/media/ghs/ecfbc3b6-8610-4db7-bf23-807aff26fa5a/1bcb7483-8727-405b-9f5d-55afec026c7e.jpeg?h=225&w=225,
288731713,Tesco Quiche Lorraine 160G,https://www.tesco.com/groceries/en-GB/shop/fresh-food/all?department=Pies%2C%20Pasties%2C%20Quiches%20%26%20Snacking&viewAll=department&page=,£1.65,£1.04/100g,,,/groceries/en-GB/products/288731713,https://digitalcontent.api.tesco.com/v2/media/ghs/179938f5-b089-4527-b4d5-c2da76f6e00d/92a80924-efe5-4b2e-bcf4-75450572b917.jpeg?h=225&w=225,
268949573,Tesco 2 Chicken & Mushroom Slices 300G,https://www.tesco.com/groceries/en-GB/shop/fresh-food/all?department=Pies%2C%20Pasties%2C%20Quiches%20%26%20Snacking&viewAll=department&page=,£2.00,£0.67/100g,Any 2 for £3.50 Clubcard Price - Selected Tesco Bite Size And Slices 120g - 300g,,/groceries/en-GB/products/268949573,https://digitalcontent.api.tesco.com/v2/media/ghs/26c9a846-3f89-451e-afdc-5b1da2bbd392/0b9ca051-9cc8-4840-888d-b70c36a95622.jpeg?h=225&w=225,
285355869,Tesco Steak Puff Pastry Pie 500G,https://www.tesco.com/groceries/en-GB/shop/fresh-food/all?department=Pies%2C%20Pasties%2C%20Quiches%20%26%20Snacking&viewAll=department&page=,£3.60,£0.72/100g,£3.10 Clubcard Price,,/groceries/en-GB/products/285355869,https://digitalcontent.api.tesco.com/v2/media/ghs/e271c627-7e15-4f07-beaa-b281aec0d480/589c983b-fc7d-4aff-86c5-0609d09198ce.jpeg?h=225&w=225,
256520009,Tesco 2 Snack Melton Mowbray Pork Pies 150G,https://www.tesco.com/groceries/en-GB/shop/fresh-food/all?department=Pies%2C%20Pasties%2C%20Quiches%20%26%20Snacking&viewAll=department&page=,£1.80,£1.20/100g,,,/groceries/en-GB/products/256520009,https://digitalcontent.api.tesco.com/v2/media/ghs/9532b1d2-5462-4d1c-81c2-b4fbb9dbbfab/dd1231ca-6e6c-414e-97b6-e243ff66a363.jpeg?h=225&w=225,
293742497,Tesco Finest Steak & Ale Pie 250G,https://www.tesco.com/groceries/en-GB/shop/fresh-food/all?department=Pies%2C%20Pasties%2C%20Quiches%20%26%20Snacking&viewAll=department&page=,£3.35,£1.34/100g,£2.75 Clubcard Price,,/groceries/en-GB/products/293742497,https://digitalcontent.api.tesco.com/v2/media/ghs/826617bd-1a60-4fab-911b-e2f8f16e642d/db8519e1-395a-49a4-a140-606c6c19d67c.jpeg?h=225&w=225,
311261468,Fridge Raiders Slow Roasted Chicken Bites 80G,https://www.tesco.com/groceries/en-GB/shop/fresh-food/all?department=Pies%2C%20Pasties%2C%20Quiches%20%26%20Snacking&viewAll=department&page=,£1.25,£1.57/100g,£1.00 Clubcard Price,,/groceries/en-GB/products/311261468,https://digitalcontent.api.tesco.com/v2/media/ghs/5ac1b50e-af90-40e7-ab21-8886ce79c0fb/6497ed8e-397c-43ff-bc13-01efbdb57768.jpeg?h=225&w=225,
285694277,Tesco Steak & Ale Puff Pastry Pie 500G,https://www.tesco.com/groceries/en-GB/shop/fresh-food/all?department=Pies%2C%20Pasties%2C%20Quiches%20%26%20Snacking&viewAll=department&page=,£3.60,£0.72/100g,£3.10 Clubcard Price,,/groceries/en-GB/products/285694277,https://digitalcontent.api.tesco.com/v2/media/ghs/edb81d26-a9c5-456f-aa08-6b228d357cf0/0939b9ad-bdaa-4908-8acc-0fffccd6b557.jpeg?h=225&w=225,
263759212,Tesco 2 Pork & Egg Gala Slices 250G,https://www.tesco.com/groceries/en-GB/shop/fresh-food/all?department=Pies%2C%20Pasties%2C%20Quiches%20%26%20Snacking&viewAll=department&page=,£2.30,£0.92/100g,,,/groceries/en-GB/products/263759212,https://digitalcontent.api.tesco.com/v2/media/ghs/ce754596-bd12-45df-83ce-621acadd5784/13582884-f7ce-4d5e-b3d1-69d13ebc31c4.jpeg?h=225&w=225,
299668685,Eastmans Steak Pie 150G,https://www.tesco.com/groceries/en-GB/shop/fresh-food/all?department=Pies%2C%20Pasties%2C%20Quiches%20%26%20Snacking&viewAll=department&page=,£0.90,£0.60/100g,,,/groceries/en-GB/products/299668685,https://digitalcontent.api.tesco.com/v2/media/ghs/a95cc9b0-1882-4089-a63c-26a5ab16d39d/c7d246c7-3d99-44f8-afc9-d8df6b8a4b82.jpeg?h=225&w=225,
274419114,Rustlers Double Decker Cheese Burger 237G,https://www.tesco.com/groceries/en-GB/shop/fresh-food/all?department=Pies%2C%20Pasties%2C%20Quiches%20%26%20Snacking&viewAll=department&page=,£2.75,£11.61/kg,,,/groceries/en-GB/products/274419114,https://digitalcontent.api.tesco.com/v2/media/ghs/4bc6e09a-c31a-4349-b9fe-f5b0cc18dc20/41a34757-8416-4d3d-9879-761c82135096.jpeg?h=225&w=225,
306500712,Tesco Finest 4 Pork Sausage Rolls 188G,https://www.tesco.com/groceries/en-GB/shop/fresh-food/all?department=Pies%2C%20Pasties%2C%20Quiches%20%26%20Snacking&viewAll=department&page=,£2.50,£1.33/100g,,,/groceries/en-GB/products/306500712,https://digitalcontent.api.tesco.com/v2/media/ghs/f4f52d2b-cb5e-45eb-a2b7-124088e771bd/6f5ded44-af08-4904-926e-9f8c1dd9f6f3.jpeg?h=225&w=225,
285694127,Tesco Chicken & Gravy Shortcrust Pastry Pie 500G,https://www.tesco.com/groceries/en-GB/shop/fresh-food/all?department=Pies%2C%20Pasties%2C%20Quiches%20%26%20Snacking&viewAll=department&page=,£3.60,£0.72/100g,£3.10 Clubcard Price,,/groceries/en-GB/products/285694127,https://digitalcontent.api.tesco.com/v2/media/ghs/4008f4a3-99fc-4cb1-8509-87ab487722df/83d4e351-e6aa-4569-9d1f-20202dbbba72.jpeg?h=225&w=225,
312838197,Pukka Just For Two Steak & Ale Pie,https://www.tesco.com/groceries/en-GB/shop/fresh-food/all?department=Pies%2C%20Pasties%2C%20Quiches%20%26%20Snacking&viewAll=department&page=,£3.50,£3.50/each,,New,/groceries/en-GB/products/312838197,https://digitalcontent.api.tesco.com/v2/media/ghs/c496daba-ceb2-43cf-91f4-7a8eaccdd096/6f89bdf7-e672-41d3-9a9d-6fde7df4fd96.jpeg?h=225&w=225,
268511526,Rustlers Cheese Burger Twin Pack 280G,https://www.tesco.com/groceries/en-GB/shop/fresh-food/all?department=Pies%2C%20Pasties%2C%20Quiches%20%26%20Snacking&viewAll=department&page=,£2.50,£8.93/kg,,,/groceries/en-GB/products/268511526,https://digitalcontent.api.tesco.com/v2/media/ghs/ab407cd9-32a8-4956-9d1d-4b19213eaca8/13faa6b2-b755-4a1b-aa43-d7cdae94fe5a.jpeg?h=225&w=225,
290359260,Tesco Bbq Chicken Wings 300G,https://www.tesco.com/groceries/en-GB/shop/fresh-food/all?department=Pies%2C%20Pasties%2C%20Quiches%20%26%20Snacking&viewAll=department&page=,£3.50,£11.67/kg,Any 3 for 2 Clubcard Price - Cheapest Product Free - Selected Chilled Party Foods,,/groceries/en-GB/products/290359260,https://digitalcontent.api.tesco.com/v2/media/ghs/59d6504c-87e7-4a3b-8506-e021a617e8b5/60746c93-c467-49da-ac7a-2032dd24408d.jpeg?h=225&w=225,
285694087,Tesco Chicken & Bacon Puff Pastry Pie 500G,https://www.tesco.com/groceries/en-GB/shop/fresh-food/all?department=Pies%2C%20Pasties%2C%20Quiches%20%26%20Snacking&viewAll=department&page=,£3.60,£0.72/100g,£3.10 Clubcard Price,,/groceries/en-GB/products/285694087,https://digitalcontent.api.tesco.com/v2/media/ghs/58cf206d-a48a-49ec-a199-11ad1a8ea4dd/aeecc328-446c-49da-b54c-8dc6d29685d7.jpeg?h=225&w=225,
312560585,Pukka Just For Two Chicken & Stuffing Pie,https://www.tesco.com/groceries/en-GB/shop/fresh-food/all?department=Pies%2C%20Pasties%2C%20Quiches%20%26%20Snacking&viewAll=department&page=,£3.50,£3.50/each,,New,/groceries/en-GB/products/312560585,https://digitalcontent.api.tesco.com/v2/media/ghs/e2f9e57e-c8e9-4302-bd04-27866984895c/13cdb6f0-1c99-40eb-a78d-694d006d7b09.jpeg?h=225&w=225,
308452431,Tesco Finest Goats Cheese & Roasted Pepper Quiche 420G,https://www.tesco.com/groceries/en-GB/shop/fresh-food/all?department=Pies%2C%20Pasties%2C%20Quiches%20%26%20Snacking&viewAll=department&page=,£3.50,£0.83/100g,£3.00 Clubcard Price,,/groceries/en-GB/products/308452431,https://digitalcontent.api.tesco.com/v2/media/ghs/b88b882f-295c-4b67-b821-eddf9c565eca/1a049b64-63b4-464d-bd4d-49c225790856.jpeg?h=225&w=225,
310165503,Peperami Chorizo 5X20g,https://www.tesco.com/groceries/en-GB/shop/fresh-food/all?department=Pies%2C%20Pasties%2C%20Quiches%20%26%20Snacking&viewAll=department&page=,£2.50,£2.50/100g,,,/groceries/en-GB/products/310165503,https://digitalcontent.api.tesco.com/v2/media/ghs/df72b697-8139-4fed-8f4b-cb1cd7839085/fc7fd461-be2d-4a19-af75-eee6ae064a1c_1078110729.jpeg?h=225&w=225,
305966087,Tesco Finest 2 Scotch Eggs 260G,https://www.tesco.com/groceries/en-GB/shop/fresh-food/all?department=Pies%2C%20Pasties%2C%20Quiches%20%26%20Snacking&viewAll=department&page=,£2.40,£0.92/100g,,,/groceries/en-GB/products/305966087,https://digitalcontent.api.tesco.com/v2/media/ghs/f5ac7a94-f502-42cf-b9e4-c575261299ec/18d17b1b-fc09-47aa-900e-92d8117195d3.jpeg?h=225&w=225,
268273749,Tesco Chicken Kiev Bites 216G,https://www.tesco.com/groceries/en-GB/shop/fresh-food/all?department=Pies%2C%20Pasties%2C%20Quiches%20%26%20Snacking&viewAll=department&page=,£2.15,£1.00/100g,Any 2 for £3.50 Clubcard Price - Selected Tesco Bite Size And Slices 120g - 300g,,/groceries/en-GB/products/268273749,https://digitalcontent.api.tesco.com/v2/media/ghs/7d68c800-ae4f-4db2-b920-9e4042f84967/81088787-29f3-4d5c-8198-668183621b9a.jpeg?h=225&w=225,
273445948,Pork Farms Medium Pork Pie,https://www.tesco.com/groceries/en-GB/shop/fresh-food/all?department=Pies%2C%20Pasties%2C%20Quiches%20%26%20Snacking&viewAll=department&page=,£2.20,£2.20/each,,,/groceries/en-GB/products/273445948,https://digitalcontent.api.tesco.com/v2/media/ghs/cc7b1cb4-ead5-46b6-b36a-6b76305ef736/49107062-3f6c-4b2c-9683-dca79a9625a5.jpeg?h=225&w=225,
285334128,Tesco Chicken & Gravy Shortcrust Pie 200G,https://www.tesco.com/groceries/en-GB/shop/fresh-food/all?department=Pies%2C%20Pasties%2C%20Quiches%20%26%20Snacking&viewAll=department&page=,£1.75,£0.88/100g,,,/groceries/en-GB/products/285334128,https://digitalcontent.api.tesco.com/v2/media/ghs/05221ca6-b55e-42fc-be6b-452d4b176f3d/cdd4936a-bd90-488a-9dc2-895e19aa5d96.jpeg?h=225&w=225,
299982773,Tesco Vegetable & Sundried Tomato Quiche 400G,https://www.tesco.com/groceries/en-GB/shop/fresh-food/all?department=Pies%2C%20Pasties%2C%20Quiches%20%26%20Snacking&viewAll=department&page=,£2.50,£0.62/100g,,,/groceries/en-GB/products/299982773,https://digitalcontent.api.tesco.com/v2/media/ghs/1a85f8c8-7853-4a41-a995-f6cabe0d3752/f07ee012-6ab8-49d0-be71-414d6f932d00.jpeg?h=225&w=225,
293742514,Tesco Finest Chicken Ham Hock & Leek Pie 250G,https://www.tesco.com/groceries/en-GB/shop/fresh-food/all?department=Pies%2C%20Pasties%2C%20Quiches%20%26%20Snacking&viewAll=department&page=,£3.35,£1.34/100g,£2.75 Clubcard Price,,/groceries/en-GB/products/293742514,https://digitalcontent.api.tesco.com/v2/media/ghs/e2db0f6e-1b5b-4cef-bb6a-8a2679020aea/b61e14ca-adba-48e8-a674-e975875d2e44.jpeg?h=225&w=225,
293943651,Tesco Southen Fried Chicken Goujons With Bbq Dip 425G,https://www.tesco.com/groceries/en-GB/shop/fresh-food/all?department=Pies%2C%20Pasties%2C%20Quiches%20%26%20Snacking&viewAll=department&page=,£3.50,£8.24/kg,Any 3 for 2 Clubcard Price - Cheapest Product Free - Selected Chilled Party Foods,,/groceries/en-GB/products/293943651,https://digitalcontent.api.tesco.com/v2/media/ghs/a837afe8-a398-4c3e-9ecf-3b2df009285f/1ea79423-9c86-4eaa-b7f5-52406dcde0c0.jpeg?h=225&w=225,
304378341,Tesco 12 Ham & Cheese Croquettes 240G,https://www.tesco.com/groceries/en-GB/shop/fresh-food/all?department=Pies%2C%20Pasties%2C%20Quiches%20%26%20Snacking&viewAll=department&page=,£3.50,£1.46/100g,Any 3 for 2 Clubcard Price - Cheapest Product Free - Selected Chilled Party Foods,,/groceries/en-GB/products/304378341,https://digitalcontent.api.tesco.com/v2/media/ghs/8ac9061b-8fd5-4c7e-a9b1-d2cfbe425191/db89bab7-3570-4f8e-be80-81178e57b1d5.jpeg?h=225&w=225,
302489656,Peperami & Cheese Snack Box 50G,https://www.tesco.com/groceries/en-GB/shop/fresh-food/all?department=Pies%2C%20Pasties%2C%20Quiches%20%26%20Snacking&viewAll=department&page=,£1.50,£3.00/100g,£1.25 Clubcard Price,,/groceries/en-GB/products/302489656,https://digitalcontent.api.tesco.com/v2/media/ghs/6e31572d-5aa1-4fd7-8a3c-fd3ad9b235e7/f4430077-2e24-4ad7-bbae-2c1161b260de.jpeg?h=225&w=225,
297492209,Tesco 18 Asian Inspired Selection 300G,https://www.tesco.com/groceries/en-GB/shop/fresh-food/all?department=Pies%2C%20Pasties%2C%20Quiches%20%26%20Snacking&viewAll=department&page=,£3.50,£1.17/100g,Any 3 for 2 Clubcard Price - Cheapest Product Free - Selected Chilled Party Foods,,/groceries/en-GB/products/297492209,https://digitalcontent.api.tesco.com/v2/media/ghs/dfe88321-732e-4294-b8c7-a7125babe22a/495f4f38-0016-4901-b7b1-c52243f469a6.jpeg?h=225&w=225,
275749010,Tesco Chicken Sticks & Pops 330G,https://www.tesco.com/groceries/en-GB/shop/fresh-food/all?department=Pies%2C%20Pasties%2C%20Quiches%20%26%20Snacking&viewAll=department&page=,£3.50,£10.61/kg,Any 3 for 2 Clubcard Price - Cheapest Product Free - Selected Chilled Party Foods,,/groceries/en-GB/products/275749010,https://digitalcontent.api.tesco.com/v2/media/ghs/cabab9c7-6278-43dd-962b-7dab18d30d08/8cd55446-8648-49a5-9ef9-8f775f203a9c.jpeg?h=225&w=225,
301411163,Tesco Reduced Fat Cheese & Bacon Crustless Quiche 160G,https://www.tesco.com/groceries/en-GB/shop/fresh-food/all?department=Pies%2C%20Pasties%2C%20Quiches%20%26%20Snacking&viewAll=department&page=,£1.65,£1.04/100g,,,/groceries/en-GB/products/301411163,https://digitalcontent.api.tesco.com/v2/media/ghs/3b99fef7-29d9-4a9e-924e-b2958552a81f/023382b1-408e-4dbd-a83d-3cf00ad4673c.jpeg?h=225&w=225,
306929073,Tesco 8 Cheese & Bacon Loaded Skins 224G,https://www.tesco.com/groceries/en-GB/shop/fresh-food/all?department=Pies%2C%20Pasties%2C%20Quiches%20%26%20Snacking&viewAll=department&page=,£3.50,£1.57/100g,Any 3 for 2 Clubcard Price - Cheapest Product Free - Selected Chilled Party Foods,,/groceries/en-GB/products/306929073,https://digitalcontent.api.tesco.com/v2/media/ghs/805d776d-0d89-4968-9069-e082c12e461b/87e08e58-ae17-40d1-bd6a-3548673beaf3.jpeg?h=225&w=225,
268949607,Tesco 4 Cheese & Onion Pasties 520G,https://www.tesco.com/groceries/en-GB/shop/fresh-food/all?department=Pies%2C%20Pasties%2C%20Quiches%20%26%20Snacking&viewAll=department&page=,£2.25,£0.43/100g,,,/groceries/en-GB/products/268949607,https://digitalcontent.api.tesco.com/v2/media/ghs/6609c6df-9feb-48b7-9e0f-06621f17ef13/0acf428f-e644-45a2-bb0d-c5608c368433.jpeg?h=225&w=225,
300000081,Eastmans Cheese & Onion Quiche 400G,https://www.tesco.com/groceries/en-GB/shop/fresh-food/all?department=Pies%2C%20Pasties%2C%20Quiches%20%26%20Snacking&viewAll=department&page=,£1.79,£0.45/100g,Aldi Price Match,,/groceries/en-GB/products/300000081,https://digitalcontent.api.tesco.com/v2/media/ghs/fcacfdb1-291e-4c0c-8ab8-b1bb12e379f7/ac9e0a2a-378d-49e1-8ceb-27249f5fff1a.jpeg?h=225&w=225,
259529370,Tesco Finest 10 Tempura King Prawns 175G,https://www.tesco.com/groceries/en-GB/shop/fresh-food/all?department=Pies%2C%20Pasties%2C%20Quiches%20%26%20Snacking&viewAll=department&page=,£4.50,£2.58/100g,Any 3 for 2 Clubcard Price - Cheapest Product Free - Selected Chilled Party Foods,,/groceries/en-GB/products/259529370,https://digitalcontent.api.tesco.com/v2/media/ghs/c20deab6-bfe7-4b1d-bb0d-05cf0bd07341/0d61d3ff-e2aa-45a9-b9cb-b86735877ca8.jpeg?h=225&w=225,
273234766,Tesco 10 Minced Beef Pasties 300G,https://www.tesco.com/groceries/en-GB/shop/fresh-food/all?department=Pies%2C%20Pasties%2C%20Quiches%20%26%20Snacking&viewAll=department&page=,£2.15,£0.72/100g,Any 2 for £3.50 Clubcard Price - Selected Tesco Bite Size And Slices 120g - 300g,,/groceries/en-GB/products/273234766,https://digitalcontent.api.tesco.com/v2/media/ghs/aa9de8da-1cb5-47c4-9952-3c794548f83a/f1f8f57c-a093-42c4-b1b1-adf9ea867c8f.jpeg?h=225&w=225,
310093743,Ginsters Cajun Spiced Chicken Bake 117G,https://www.tesco.com/groceries/en-GB/shop/fresh-food/all?department=Pies%2C%20Pasties%2C%20Quiches%20%26%20Snacking&viewAll=department&page=,£1.30,£1.12/100g,£1.00 Clubcard Price,,/groceries/en-GB/products/310093743,https://digitalcontent.api.tesco.com/v2/media/ghs/7196f920-9e67-4316-b66e-25c53d83c1a9/15ffb2a0-93a7-44c9-aa54-54ef271b25c8.jpeg?h=225&w=225,
304415442,Tesco 18 American Inspired Selection 390G,https://www.tesco.com/groceries/en-GB/shop/fresh-food/all?department=Pies%2C%20Pasties%2C%20Quiches%20%26%20Snacking&viewAll=department&page=,£3.50,£0.90/100g,Any 3 for 2 Clubcard Price - Cheapest Product Free - Selected Chilled Party Foods,,/groceries/en-GB/products/304415442,https://digitalcontent.api.tesco.com/v2/media/ghs/8174018e-83ca-403f-9a8c-a9182315a15f/665173d1-dcaa-4994-bfb9-8252423f7e29.jpeg?h=225&w=225,
264336757,Pork Farms 4 Mini Pork Pies,https://www.tesco.com/groceries/en-GB/shop/fresh-food/all?department=Pies%2C%20Pasties%2C%20Quiches%20%26%20Snacking&viewAll=department&page=,£1.75,£0.44/each,,,/groceries/en-GB/products/264336757,https://digitalcontent.api.tesco.com/v2/media/ghs/affde31a-ce78-4619-aa8b-9fc45f7587ad/b6a78e78-3d07-4d91-9c3a-ac7199cd997d.jpeg?h=225&w=225,
302143017,Tesco Mini Pork & Cranberry Pork Pies 2X50g,https://www.tesco.com/groceries/en-GB/shop/fresh-food/all?department=Pies%2C%20Pasties%2C%20Quiches%20%26%20Snacking&viewAll=department&page=,£1.15,£1.15/100g,"£3.40 Meal Deal Clubcard Price £3.90 Meal Deal Regular Price - Selected Drink, Snack, Wrap, Sandwich, Roll, Pasty Or Salad",,/groceries/en-GB/products/302143017,https://digitalcontent.api.tesco.com/v2/media/ghs/60207a69-3a6d-4fd1-97d8-f32b7a568c79/38c1640e-16e9-4f46-b564-9e6dc0b89f3c.jpeg?h=225&w=225,
311672523,Ginsters Meatball Marinara Bake 117G,https://www.tesco.com/groceries/en-GB/shop/fresh-food/all?department=Pies%2C%20Pasties%2C%20Quiches%20%26%20Snacking&viewAll=department&page=,£1.30,£1.12/100g,£1.00 Clubcard Price,,/groceries/en-GB/products/311672523,https://digitalcontent.api.tesco.com/v2/media/ghs/b18af527-3f49-4ea8-bb0a-132f7090c1f2/c7fea531-f25d-46cd-b706-30b06ecb4264.jpeg?h=225&w=225,
290921993,"Higgidy Spinach, Feta & Pine Nut Pie 270G",https://www.tesco.com/groceries/en-GB/shop/fresh-food/all?department=Pies%2C%20Pasties%2C%20Quiches%20%26%20Snacking&viewAll=department&page=,£4.35,£1.62/100g,,,/groceries/en-GB/products/290921993,https://digitalcontent.api.tesco.com/v2/media/ghs/b455de2a-39d2-45f1-a963-af7237a1d10b/10830373-47b1-46f6-9088-e9c6da1915cb.jpeg?h=225&w=225,
297738721,Taste Inc 100% Chargrilled Chicken Fillets Original 5X35g,https://www.tesco.com/groceries/en-GB/shop/fresh-food/all?department=Pies%2C%20Pasties%2C%20Quiches%20%26%20Snacking&viewAll=department&page=,£2.75,£1.58/100g,,,/groceries/en-GB/products/297738721,https://digitalcontent.api.tesco.com/v2/media/ghs/a0349061-255f-4d12-8bdd-002df255c9d4/9ea0c4f6-b702-450c-abde-679399b7e329.jpeg?h=225&w=225,
306494659,Tesco Finest 4 Vintage Cheddar & Caramelised Onion Rolls 188G,https://www.tesco.com/groceries/en-GB/shop/fresh-food/all?department=Pies%2C%20Pasties%2C%20Quiches%20%26%20Snacking&viewAll=department&page=,£2.50,£1.33/100g,,,/groceries/en-GB/products/306494659,https://digitalcontent.api.tesco.com/v2/media/ghs/37154a16-3065-45fa-ba1a-4edf3adde405/bef7d6f8-9a69-41ee-ae8d-d68316ec696a.jpeg?h=225&w=225,
311447407,Peperami Firestick 5X22.5G,https://www.tesco.com/groceries/en-GB/shop/fresh-food/all?department=Pies%2C%20Pasties%2C%20Quiches%20%26%20Snacking&viewAll=department&page=,£2.50,£2.23/100g,,,/groceries/en-GB/products/311447407,https://digitalcontent.api.tesco.com/v2/media/ghs/7124f089-cd12-44a3-9f19-57c1a3b6b655/5779303b-0b91-4454-806f-2e37d25a84f2_466721652.jpeg?h=225&w=225,
306494666,Tesco Finest 4 Smoked Bacon & Vintage Cheddar Rolls 188G,https://www.tesco.com/groceries/en-GB/shop/fresh-food/all?department=Pies%2C%20Pasties%2C%20Quiches%20%26%20Snacking&viewAll=department&page=,£2.50,£1.33/100g,,,/groceries/en-GB/products/306494666,https://digitalcontent.api.tesco.com/v2/media/ghs/18b2fe73-a4ec-4d00-a91b-0464f06dac7b/2faec495-a1f3-4cfc-b941-8be2e5ef6c0c.jpeg?h=225&w=225,
308485236,Tesco Finest Ultimate Pork Pie 440G,https://www.tesco.com/groceries/en-GB/shop/fresh-food/all?department=Pies%2C%20Pasties%2C%20Quiches%20%26%20Snacking&viewAll=department&page=,£3.70,£0.84/100g,,,/groceries/en-GB/products/308485236,https://digitalcontent.api.tesco.com/v2/media/ghs/f8ab4635-3e2b-49d5-83f2-c8035edbfc04/3ba8eb3f-a8dd-44af-bd9f-809562b0c1c4.jpeg?h=225&w=225,
303853022,Higgidy Cheddar & Onion Veggie Rolls 160G,https://www.tesco.com/groceries/en-GB/shop/fresh-food/all?department=Pies%2C%20Pasties%2C%20Quiches%20%26%20Snacking&viewAll=department&page=,£3.00,£1.88/100g,£2.25 Clubcard Price,,/groceries/en-GB/products/303853022,https://digitalcontent.api.tesco.com/v2/media/ghs/cf762f99-3225-4bfa-8596-aaf2c2108a45/74b9c9f1-c3a3-46cb-9150-a1c65fdb1410.jpeg?h=225&w=225,
282555050,Ginsters Chicken Tikka Slice 170G,https://www.tesco.com/groceries/en-GB/shop/fresh-food/all?department=Pies%2C%20Pasties%2C%20Quiches%20%26%20Snacking&viewAll=department&page=,£1.65,£0.97/100g,,,/groceries/en-GB/products/282555050,https://digitalcontent.api.tesco.com/v2/media/ghs/e0631c83-e0ab-48eb-a689-8f79684a2bfb/27aecd81-28cc-46d5-9f42-0c65fdabf8e5.jpeg?h=225&w=225,
265500659,Rustlers Southern Fried Chicken 158G,https://www.tesco.com/groceries/en-GB/shop/fresh-food/all?department=Pies%2C%20Pasties%2C%20Quiches%20%26%20Snacking&viewAll=department&page=,£2.15,£13.61/kg,,,/groceries/en-GB/products/265500659,https://digitalcontent.api.tesco.com/v2/media/ghs/0c74d30c-0249-46a2-a31d-32695c5ecf90/ed597fcc-a969-4f6e-a74a-be0af76a4ea2.jpeg?h=225&w=225,
285347378,Tesco Minced Steak & Onion Shortcrust Pie 200G,https://www.tesco.com/groceries/en-GB/shop/fresh-food/all?department=Pies%2C%20Pasties%2C%20Quiches%20%26%20Snacking&viewAll=department&page=,£1.75,£0.88/100g,,,/groceries/en-GB/products/285347378,https://digitalcontent.api.tesco.com/v2/media/ghs/252a7210-8565-48dc-8b00-85fd293a8770/a0d0ee0f-1753-4978-9e11-8abc55d5f0fb.jpeg?h=225&w=225,
285334261,Tesco Chicken & Mushroom Puff Pastry Pie 200G,https://www.tesco.com/groceries/en-GB/shop/fresh-food/all?department=Pies%2C%20Pasties%2C%20Quiches%20%26%20Snacking&viewAll=department&page=,£1.75,£0.88/100g,,,/groceries/en-GB/products/285334261,https://digitalcontent.api.tesco.com/v2/media/ghs/9f93ec20-de4f-4ada-9c61-3715c1fba37c/c7e2908d-7501-42cf-a19d-63a06f75825c.jpeg?h=225&w=225,
299443162,Tesco Cheese Crust 6 X Mini Pork Pies 300G,https://www.tesco.com/groceries/en-GB/shop/fresh-food/all?department=Pies%2C%20Pasties%2C%20Quiches%20%26%20Snacking&viewAll=department&page=,£2.50,£0.83/100g,,,/groceries/en-GB/products/299443162,https://digitalcontent.api.tesco.com/v2/media/ghs/c29a8b99-69b0-47db-ae75-03d09d719e19/84136cac-45ac-407d-845f-4df8e2a15486.jpeg?h=225&w=225,
311256360,Peperami Roasted Chicken Bites 4X25g,https://www.tesco.com/groceries/en-GB/shop/fresh-food/all?department=Pies%2C%20Pasties%2C%20Quiches%20%26%20Snacking&viewAll=department&page=,£2.00,£2.00/100g,£1.50 Clubcard Price,,/groceries/en-GB/products/311256360,https://digitalcontent.api.tesco.com/v2/media/ghs/38282fc2-0e02-49a5-8578-f6ed3442079d/65db0354-fd92-408c-875d-81333e6e472d.jpeg?h=225&w=225,
279458492,Tesco 10 Mini Duck Spring Roll With Hoisin Dip 220G,https://www.tesco.com/groceries/en-GB/shop/fresh-food/all?department=Pies%2C%20Pasties%2C%20Quiches%20%26%20Snacking&viewAll=department&page=,£3.50,£1.60/100g,Any 3 for 2 Clubcard Price - Cheapest Product Free - Selected Chilled Party Foods,,/groceries/en-GB/products/279458492,https://digitalcontent.api.tesco.com/v2/media/ghs/f2a5ad73-5ca2-4360-8743-ff997dcd2681/6b6207e1-6efc-4686-ac99-f8c44847590c.jpeg?h=225&w=225,
288442548,Tesco 20 Mini Cheese & Onion Rolls 220G,https://www.tesco.com/groceries/en-GB/shop/fresh-food/all?department=Pies%2C%20Pasties%2C%20Quiches%20%26%20Snacking&viewAll=department&page=,£2.15,£0.98/100g,Any 2 for £3.50 Clubcard Price - Selected Tesco Bite Size And Slices 120g - 300g,,/groceries/en-GB/products/288442548,https://digitalcontent.api.tesco.com/v2/media/ghs/9146169a-525c-4219-a517-4df10aac1f96/e469cba1-c839-4733-96bb-8a217e2352f1.jpeg?h=225&w=225,
285694219,Tesco Steak Shortcrust Pie 500G,https://www.tesco.com/groceries/en-GB/shop/fresh-food/all?department=Pies%2C%20Pasties%2C%20Quiches%20%26%20Snacking&viewAll=department&page=,£3.60,£0.72/100g,£3.10 Clubcard Price,,/groceries/en-GB/products/285694219,https://digitalcontent.api.tesco.com/v2/media/ghs/27247b1a-2da5-4f3d-b030-d9901363e805/1453671a-0f96-4452-a9e0-93707fa3cbbc.jpeg?h=225&w=225,
303806914,Pizza Co Chicken Pops 128G,https://www.tesco.com/groceries/en-GB/shop/fresh-food/all?department=Pies%2C%20Pasties%2C%20Quiches%20%26%20Snacking&viewAll=department&page=,£3.00,£2.35/100g,"The Pizza Company Meal Deal for £6 Clubcard Price - Buy 1 Pizza, 1 Side & 1 Dips Stacker",,/groceries/en-GB/products/303806914,https://digitalcontent.api.tesco.com/v2/media/ghs/45ca9947-0c27-49b9-be7d-0f888ce71ace/e579aeed-c311-427d-9e61-7e587792bfe3.jpeg?h=225&w=225,
308472021,Tesco Free From Quiche Lorraine 160G,https://www.tesco.com/groceries/en-GB/shop/fresh-food/all?department=Pies%2C%20Pasties%2C%20Quiches%20%26%20Snacking&viewAll=department&page=,£1.65,£1.04/100g,,,/groceries/en-GB/products/308472021,https://digitalcontent.api.tesco.com/v2/media/ghs/4c3b8b5a-6d2f-4594-831c-e15b670d9cff/b4a9af6e-cd6b-4c76-b4ab-05fdf0d25f77.jpeg?h=225&w=225,
301868709,Tesco Finest 12 Chicken & Chorizo Paella Bites 280G,https://www.tesco.com/groceries/en-GB/shop/fresh-food/all?department=Pies%2C%20Pasties%2C%20Quiches%20%26%20Snacking&viewAll=department&page=,£4.50,£1.61/100g,Any 3 for 2 Clubcard Price - Cheapest Product Free - Selected Chilled Party Foods,,/groceries/en-GB/products/301868709,https://digitalcontent.api.tesco.com/v2/media/ghs/627fa49a-d805-4943-a727-8383b3e19d0e/fb13f6c8-3fed-4d35-8a6d-70f9d0dafad8.jpeg?h=225&w=225,
309466966,Ginsters Mac & Cheese Bake Slice 117G,https://www.tesco.com/groceries/en-GB/shop/fresh-food/all?department=Pies%2C%20Pasties%2C%20Quiches%20%26%20Snacking&viewAll=department&page=,£1.30,£1.12/100g,£1.00 Clubcard Price,,/groceries/en-GB/products/309466966,https://digitalcontent.api.tesco.com/v2/media/ghs/2269da86-d611-44c6-ac33-b5d196b05d2c/99bd3250-c1c2-4760-b575-e86b173e09a8.jpeg?h=225&w=225,
312707200,Tesco Finest 12 Duck Selection 204G,https://www.tesco.com/groceries/en-GB/shop/fresh-food/all?department=Pies%2C%20Pasties%2C%20Quiches%20%26%20Snacking&viewAll=department&page=,£4.50,£2.21/100g,Any 3 for 2 Clubcard Price - Cheapest Product Free - Selected Chilled Party Foods,,/groceries/en-GB/products/312707200,https://digitalcontent.api.tesco.com/v2/media/ghs-mktg/b0b04216-fa73-466d-a9d7-c9fcfa1ce9b3/no-image.jpeg,
306803285,Pukka Chicken Balti Pie,https://www.tesco.com/groceries/en-GB/shop/fresh-food/all?department=Pies%2C%20Pasties%2C%20Quiches%20%26%20Snacking&viewAll=department&page=,£2.00,£2.00/each,,,/groceries/en-GB/products/306803285,https://digitalcontent.api.tesco.com/v2/media/ghs/72c1c06e-adcf-4509-ae9c-d5ba0f1d0b4b/dac7d614-eb6e-41d6-ba70-b7809ea74827.jpeg?h=225&w=225,
302318376,Tesco Finest 10 Prawn Roses 180G,https://www.tesco.com/groceries/en-GB/shop/fresh-food/all?department=Pies%2C%20Pasties%2C%20Quiches%20%26%20Snacking&viewAll=department&page=,£4.50,£2.50/100g,Any 3 for 2 Clubcard Price - Cheapest Product Free - Selected Chilled Party Foods,,/groceries/en-GB/products/302318376,https://digitalcontent.api.tesco.com/v2/media/ghs/31b69101-c95c-4e3f-a8db-fca5031e6590/32cde875-e303-4567-92f3-4f51db5f2a3c.jpeg?h=225&w=225,
308094186,Wall's 10 Hearty Sausage Rolls 550G,https://www.tesco.com/groceries/en-GB/shop/fresh-food/all?department=Pies%2C%20Pasties%2C%20Quiches%20%26%20Snacking&viewAll=department&page=,£2.45,£0.45/100g,,,/groceries/en-GB/products/308094186,https://digitalcontent.api.tesco.com/v2/media/ghs/510002cc-9648-4820-b55e-e40af6b2202b/2ff09f72-b98c-4205-b333-ac69f41f0322.jpeg?h=225&w=225,
251245395,Tesco 2 Pork Sausage Rolls 120G,https://www.tesco.com/groceries/en-GB/shop/fresh-food/all?department=Pies%2C%20Pasties%2C%20Quiches%20%26%20Snacking&viewAll=department&page=,£0.85,£0.71/100g,,,/groceries/en-GB/products/251245395,https://digitalcontent.api.tesco.com/v2/media/ghs/7aa1a987-eda7-48bd-9741-d069fac3be44/c1a02965-ad06-4a55-a43a-64aecd25ad91.jpeg?h=225&w=225,
285363404,Tesco Steak & Onion Lattice Bar 500G,https://www.tesco.com/groceries/en-GB/shop/fresh-food/all?department=Pies%2C%20Pasties%2C%20Quiches%20%26%20Snacking&viewAll=department&page=,£3.60,£0.72/100g,,,/groceries/en-GB/products/285363404,https://digitalcontent.api.tesco.com/v2/media/ghs/ab5a7607-3836-4483-aac6-317062e056f2/9742929a-89b2-4765-bb9e-1b062b627b19.jpeg?h=225&w=225,
311269811,Fridge Raiders Southern Style Chicken Bites 80G,https://www.tesco.com/groceries/en-GB/shop/fresh-food/all?department=Pies%2C%20Pasties%2C%20Quiches%20%26%20Snacking&viewAll=department&page=,£1.25,£1.57/100g,£1.00 Clubcard Price,,/groceries/en-GB/products/311269811,https://digitalcontent.api.tesco.com/v2/media/ghs/f238d743-dec4-47bf-949c-1d071672a861/246838db-46d1-4402-ac2c-0defe81bce7b.jpeg?h=225&w=225,
306937649,Tesco Finest 8 Mini Fisherman's Pie 160G,https://www.tesco.com/groceries/en-GB/shop/fresh-food/all?department=Pies%2C%20Pasties%2C%20Quiches%20%26%20Snacking&viewAll=department&page=,£4.50,£2.82/100g,Any 3 for 2 Clubcard Price - Cheapest Product Free - Selected Chilled Party Foods,,/groceries/en-GB/products/306937649,https://digitalcontent.api.tesco.com/v2/media/ghs/4fd9ebdd-c13a-4cd5-ad2a-1a29fb74efb8/5ae43d77-4d9c-46ae-9a32-f96a52aee028.jpeg?h=225&w=225,
305042839,Tesco Finest 12 Pies 6 Steak & Ale & 6 Chicken & Ham 378G,https://www.tesco.com/groceries/en-GB/shop/fresh-food/all?department=Pies%2C%20Pasties%2C%20Quiches%20%26%20Snacking&viewAll=department&page=,£4.50,£1.20/100g,Any 3 for 2 Clubcard Price - Cheapest Product Free - Selected Chilled Party Foods,,/groceries/en-GB/products/305042839,https://digitalcontent.api.tesco.com/v2/media/ghs/680f0891-2476-442c-a25c-b772d8a77713/97374899-8337-44ee-9fc2-e78e3f54e4eb.jpeg?h=225&w=225,
305948437,Tesco 38 Mini Pork Sausage Rolls 418G,https://www.tesco.com/groceries/en-GB/shop/fresh-food/all?department=Pies%2C%20Pasties%2C%20Quiches%20%26%20Snacking&viewAll=department&page=,£3.60,£0.86/100g,,,/groceries/en-GB/products/305948437,https://digitalcontent.api.tesco.com/v2/media/ghs/3be0ada1-f53c-4107-99e1-a850a14f2c26/160b9417-0240-4ab8-9021-edd26021aa3b.jpeg?h=225&w=225,
310173568,Charlie Bigham Steak & Ale Pie 270G,https://www.tesco.com/groceries/en-GB/shop/fresh-food/all?department=Pies%2C%20Pasties%2C%20Quiches%20%26%20Snacking&viewAll=department&page=,£4.20,£1.56/100g,,,/groceries/en-GB/products/310173568,https://digitalcontent.api.tesco.com/v2/media/ghs/7b69af89-c36b-4ec3-ba3b-e161f97d0cd9/ed8e4bff-6177-446e-8267-3ced793afcb3.jpeg?h=225&w=225,
309198459,Dickinson & Morris Large Melton Mowbray Pork Pie 440G,https://www.tesco.com/groceries/en-GB/shop/fresh-food/all?department=Pies%2C%20Pasties%2C%20Quiches%20%26%20Snacking&viewAll=department&page=,£4.00,£0.91/100g,,,/groceries/en-GB/products/309198459,https://digitalcontent.api.tesco.com/v2/media/ghs/e0acea9a-6687-4a5a-a4e6-cf06405212e4/54f1f6df-3daa-4dc5-9bcc-3ce2be100c1f.jpeg?h=225&w=225,
302530095,Taste Inc 100% Chargrilled Chicken Fillets Bbq 175G,https://www.tesco.com/groceries/en-GB/shop/fresh-food/all?department=Pies%2C%20Pasties%2C%20Quiches%20%26%20Snacking&viewAll=department&page=,£2.75,£1.58/100g,,,/groceries/en-GB/products/302530095,https://digitalcontent.api.tesco.com/v2/media/ghs/89d11f10-7f30-461b-8f43-0dfdbb16f964/ff337907-4926-44a6-b765-86d697432be4.jpeg?h=225&w=225,
304403905,Tesco Finest Chicken & Smoked Bacon Pie 500G,https://www.tesco.com/groceries/en-GB/shop/fresh-food/all?department=Pies%2C%20Pasties%2C%20Quiches%20%26%20Snacking&viewAll=department&page=,£4.90,£1.05/100g,,,/groceries/en-GB/products/304403905,https://digitalcontent.api.tesco.com/v2/media/ghs/54341403-6660-40b1-8467-034cc57d5cd3/4e5c4787-0727-4e59-bdd0-0e329f03d669.jpeg?h=225&w=225,
308837512,Tesco 20 Chicken Cocktail Sausages 170G,https://www.tesco.com/groceries/en-GB/shop/fresh-food/all?department=Pies%2C%20Pasties%2C%20Quiches%20%26%20Snacking&viewAll=department&page=,£2.15,£1.27/100g,Any 2 for £3.50 Clubcard Price - Selected Tesco Bite Size And Slices 120g - 300g,,/groceries/en-GB/products/308837512,https://digitalcontent.api.tesco.com/v2/media/ghs/80ba536d-fd17-4cbd-b0f9-76b4aabbe32c/a2e713b7-493e-4e3a-a643-30149685b86f.jpeg?h=225&w=225,
307160490,Tesco Spinach & Red Pepper Pie 200G,https://www.tesco.com/groceries/en-GB/shop/fresh-food/all?department=Pies%2C%20Pasties%2C%20Quiches%20%26%20Snacking&viewAll=department&page=,£1.65,£0.82/100g,,,/groceries/en-GB/products/307160490,https://digitalcontent.api.tesco.com/v2/media/ghs/5d2bce46-df3d-4889-a83b-2baac67ca480/74197260-6882-47b4-814f-1583927171a0.jpeg?h=225&w=225,
307361223,Peperami Tender Jerky Original 50G,https://www.tesco.com/groceries/en-GB/shop/fresh-food/all?department=Pies%2C%20Pasties%2C%20Quiches%20%26%20Snacking&viewAll=department&page=,£2.00,£4.00/100g,,,/groceries/en-GB/products/307361223,https://digitalcontent.api.tesco.com/v2/media/ghs/f3006297-5061-4fd8-8dc9-680cca637f11/1c65db5f-2dde-4fb1-85df-34e88d37d35c_1349618091.jpeg?h=225&w=225,
303860693,Higgidy Feta & Red Pepper Mini Rolls 160G,https://www.tesco.com/groceries/en-GB/shop/fresh-food/all?department=Pies%2C%20Pasties%2C%20Quiches%20%26%20Snacking&viewAll=department&page=,£3.00,£1.88/100g,£2.25 Clubcard Price,,/groceries/en-GB/products/303860693,https://digitalcontent.api.tesco.com/v2/media/ghs/bc328af3-308a-42e2-a329-c41b9db5f1b0/1eab0253-4c9b-486f-97a4-1b584459ee25.jpeg?h=225&w=225,
299982813,Tesco Crustless Spinach Edamame Kale Quiche 160G,https://www.tesco.com/groceries/en-GB/shop/fresh-food/all?department=Pies%2C%20Pasties%2C%20Quiches%20%26%20Snacking&viewAll=department&page=,£1.65,£1.04/100g,,,/groceries/en-GB/products/299982813,https://digitalcontent.api.tesco.com/v2/media/ghs/eed57486-8aaf-4f89-8e0c-0d8e3e493ffe/3823db02-71d5-4b2f-96df-b07222530ce6.jpeg?h=225&w=225,
312716707,Peperami Tikka Chicken Bites 4X25g,https://www.tesco.com/groceries/en-GB/shop/fresh-food/all?department=Pies%2C%20Pasties%2C%20Quiches%20%26%20Snacking&viewAll=department&page=,£2.00,£2.00/100g,£1.50 Clubcard Price,,/groceries/en-GB/products/312716707,https://digitalcontent.api.tesco.com/v2/media/ghs/4a7f21d6-4656-4e7e-bf21-13dbfceebb80/7045e5b7-57fc-476a-a2af-68bd6c3df5ef.jpeg?h=225&w=225,
266657679,Pork Farms 4 Mini Pork & Branston Pork Pies,https://www.tesco.com/groceries/en-GB/shop/fresh-food/all?department=Pies%2C%20Pasties%2C%20Quiches%20%26%20Snacking&viewAll=department&page=,£1.75,£0.44/each,,,/groceries/en-GB/products/266657679,https://digitalcontent.api.tesco.com/v2/media/ghs/9481e397-4951-4e6c-b04e-ee507bbabf21/67d3fe3d-4bf1-46b6-b485-3a0436c43249.jpeg?h=225&w=225,
284449530,Tesco Finest 8 Potato Wrapped King Prawns 200G,https://www.tesco.com/groceries/en-GB/shop/fresh-food/all?department=Pies%2C%20Pasties%2C%20Quiches%20%26%20Snacking&viewAll=department&page=,£5.50,£2.75/100g,Any 3 for 2 Clubcard Price - Cheapest Product Free - Selected Chilled Party Foods,,/groceries/en-GB/products/284449530,https://digitalcontent.api.tesco.com/v2/media/ghs/001512e6-8500-419b-bcb0-58c93625cc37/2908cf32-0ad6-4acc-a90f-4b68216b790d.jpeg?h=225&w=225,
308085151,Tesco Free From Cheese & Onion Quiche 160G,https://www.tesco.com/groceries/en-GB/shop/fresh-food/all?department=Pies%2C%20Pasties%2C%20Quiches%20%26%20Snacking&viewAll=department&page=,£1.65,£1.04/100g,,,/groceries/en-GB/products/308085151,https://digitalcontent.api.tesco.com/v2/media/ghs/91d9f2a9-ce59-4aeb-b264-c2205ecf990a/a0aef374-5109-4e8e-ba87-fd5ddcd549ea.jpeg?h=225&w=225,
305955709,Fries To Go Crispy Fries 90G,https://www.tesco.com/groceries/en-GB/shop/fresh-food/all?department=Pies%2C%20Pasties%2C%20Quiches%20%26%20Snacking&viewAll=department&page=,£1.00,£11.12/kg,,,/groceries/en-GB/products/305955709,https://digitalcontent.api.tesco.com/v2/media/ghs/a9d2a767-b793-4185-a5a8-00d0dfcb06bc/9680cbd1-8925-46ba-8111-05754d7c52d1.jpeg?h=225&w=225,
296814530,Fridge Raiders Southern Style Chicken Bites 50G,https://www.tesco.com/groceries/en-GB/shop/fresh-food/all?department=Pies%2C%20Pasties%2C%20Quiches%20%26%20Snacking&viewAll=department&page=,£1.15,£2.30/100g,"£3.40 Meal Deal Clubcard Price £3.90 Meal Deal Regular Price - Selected Drink, Snack, Wrap, Sandwich, Roll, Pasty Or Salad",,/groceries/en-GB/products/296814530,https://digitalcontent.api.tesco.com/v2/media/ghs/fcd68d34-1fe4-4dba-b479-c5d4b02ba3c9/94c0ca5f-163d-441c-99aa-e3f2597c03e5.jpeg?h=225&w=225,
304400413,Tesco Finest Steak & Red Wine Gravy Pie 500G,https://www.tesco.com/groceries/en-GB/shop/fresh-food/all?department=Pies%2C%20Pasties%2C%20Quiches%20%26%20Snacking&viewAll=department&page=,£4.90,£0.98/100g,,,/groceries/en-GB/products/304400413,https://digitalcontent.api.tesco.com/v2/media/ghs/8f4504ba-5ed2-4c44-be4f-5e554c754284/13a7fe2b-f25e-489e-8ab8-5826d1bc3a5b.jpeg?h=225&w=225,
308107553,Peperami Vegerami Smokin' Chick' Nless Bites 40G,https://www.tesco.com/groceries/en-GB/shop/fresh-food/all?department=Pies%2C%20Pasties%2C%20Quiches%20%26%20Snacking&viewAll=department&page=,£1.00,£25.00/kg,,,/groceries/en-GB/products/308107553,https://digitalcontent.api.tesco.com/v2/media/ghs/c2617584-e934-4286-854c-2538be5e9930/1380bc00-df81-4e8c-8306-28c8c2307088.jpeg?h=225&w=225,
306814829,Tesco 10 Mini Burgers & Hot Dogs 225G,https://www.tesco.com/groceries/en-GB/shop/fresh-food/all?department=Pies%2C%20Pasties%2C%20Quiches%20%26%20Snacking&viewAll=department&page=,£5.50,£2.45/100g,Any 3 for 2 Clubcard Price - Cheapest Product Free - Selected Chilled Party Foods,,/groceries/en-GB/products/306814829,https://digitalcontent.api.tesco.com/v2/media/ghs/0ed178c4-589e-4506-8325-a831b21244b8/dddc8f7e-7802-4e65-8419-205e7803199c.jpeg?h=225&w=225,
303630418,Tesco 6 Cheese & Bacon Rolls 360G,https://www.tesco.com/groceries/en-GB/shop/fresh-food/all?department=Pies%2C%20Pasties%2C%20Quiches%20%26%20Snacking&viewAll=department&page=,£1.95,£0.54/100g,£1.50 Clubcard Price,,/groceries/en-GB/products/303630418,https://digitalcontent.api.tesco.com/v2/media/ghs/d3614ce9-4cba-486c-bc8d-bf1a1d957fba/24d98223-1fac-4f7f-aec4-5eaf753a81e5.jpeg?h=225&w=225,
313007704,Peperami Tikka Chicken Bites 50G,https://www.tesco.com/groceries/en-GB/shop/fresh-food/all?department=Pies%2C%20Pasties%2C%20Quiches%20%26%20Snacking&viewAll=department&page=,£1.00,£2.00/100g,,,/groceries/en-GB/products/313007704,https://digitalcontent.api.tesco.com/v2/media/ghs/dbef0261-6a33-4c8f-a7ad-7f8177b3f512/87431b5d-dd10-4517-8e13-60fb4c0e5086.jpeg?h=225&w=225,
311272265,Peperami Roasted Chicken Bites 50G,https://www.tesco.com/groceries/en-GB/shop/fresh-food/all?department=Pies%2C%20Pasties%2C%20Quiches%20%26%20Snacking&viewAll=department&page=,£1.00,£2.00/100g,,,/groceries/en-GB/products/311272265,https://digitalcontent.api.tesco.com/v2/media/ghs/0fc0761b-0f93-4825-921d-ae19698f37c8/9c5d9bca-ca5a-48d8-86ff-0d4d459fa364.jpeg?h=225&w=225,
299668587,Eastmans Chicken & Mushroom Slice 150G,https://www.tesco.com/groceries/en-GB/shop/fresh-food/all?department=Pies%2C%20Pasties%2C%20Quiches%20%26%20Snacking&viewAll=department&page=,£0.85,£0.57/100g,Aldi Price Match,,/groceries/en-GB/products/299668587,https://digitalcontent.api.tesco.com/v2/media/ghs/457b0d33-559e-4f53-8fdc-f63888e1ee91/d460e4f1-2b1a-4ebb-bd25-30015f0741df.jpeg?h=225&w=225,
301637316,Tesco 10 Tail On Breaded King Prawns 130G,https://www.tesco.com/groceries/en-GB/shop/fresh-food/all?department=Pies%2C%20Pasties%2C%20Quiches%20%26%20Snacking&viewAll=department&page=,£3.50,£2.70/100g,Any 3 for 2 Clubcard Price - Cheapest Product Free - Selected Chilled Party Foods,,/groceries/en-GB/products/301637316,https://digitalcontent.api.tesco.com/v2/media/ghs/19ac3967-5f8a-405a-b9cf-6febd160f1d7/79b348d8-29b4-4f34-b2a4-de4372cb221f.jpeg?h=225&w=225,
311269333,Fridge Raiders Katsu Curry Chicken Bites 80G,https://www.tesco.com/groceries/en-GB/shop/fresh-food/all?department=Pies%2C%20Pasties%2C%20Quiches%20%26%20Snacking&viewAll=department&page=,£1.25,£1.57/100g,£1.00 Clubcard Price,,/groceries/en-GB/products/311269333,https://digitalcontent.api.tesco.com/v2/media/ghs/7f2941c0-3659-4381-964c-810c07bd6bd7/7e952f14-1882-4060-a1ce-dcdfa9b34b97.jpeg?h=225&w=225,
293795572,Tesco Finest 8 Crispy Katsu Chicken Curry Spring Rolls 270G,https://www.tesco.com/groceries/en-GB/shop/fresh-food/all?department=Pies%2C%20Pasties%2C%20Quiches%20%26%20Snacking&viewAll=department&page=,£5.50,£20.38/kg,Any 3 for 2 Clubcard Price - Cheapest Product Free - Selected Chilled Party Foods,,/groceries/en-GB/products/293795572,https://digitalcontent.api.tesco.com/v2/media/ghs/1fc7746f-3c85-48ad-b11f-94184baea77d/snapshotimagehandler_2059844104.jpeg?h=225&w=225,
291242867,Charlie Bigham's Steak & Ale Pies 600G,https://www.tesco.com/groceries/en-GB/shop/fresh-food/all?department=Pies%2C%20Pasties%2C%20Quiches%20%26%20Snacking&viewAll=department&page=,£8.90,£14.84/kg,,,/groceries/en-GB/products/291242867,https://digitalcontent.api.tesco.com/v2/media/ghs/8a69edf9-7756-4699-b610-19108234bf45/addcef03-7c4b-4c86-9a4c-09cee13c3b8a.jpeg?h=225&w=225,
301576939,Tesco 18 Indian Inspired Selection 400G,https://www.tesco.com/groceries/en-GB/shop/fresh-food/all?department=Pies%2C%20Pasties%2C%20Quiches%20%26%20Snacking&viewAll=department&page=,£3.50,£8.75/kg,Any 3 for 2 Clubcard Price - Cheapest Product Free - Selected Chilled Party Foods,,/groceries/en-GB/products/301576939,https://digitalcontent.api.tesco.com/v2/media/ghs/d0741f70-35ae-447b-8ad5-007201e0231f/3f580327-ee74-4e47-905c-623aaf9b7f58.jpeg?h=225&w=225,
296492107,Higgidy Bacon & Cheddar Quiche 400G,https://www.tesco.com/groceries/en-GB/shop/fresh-food/all?department=Pies%2C%20Pasties%2C%20Quiches%20%26%20Snacking&viewAll=department&page=,£4.50,£1.13/100g,,,/groceries/en-GB/products/296492107,https://digitalcontent.api.tesco.com/v2/media/ghs/7bd859c6-121f-405c-884d-1854b16da5b1/2c8027e8-408f-472b-9f20-4a4298fac0df.jpeg?h=225&w=225,
296483153,Higgidy Cauliflower Cheese Pie 250G,https://www.tesco.com/groceries/en-GB/shop/fresh-food/all?department=Pies%2C%20Pasties%2C%20Quiches%20%26%20Snacking&viewAll=department&page=,£4.35,£1.74/100g,,,/groceries/en-GB/products/296483153,https://digitalcontent.api.tesco.com/v2/media/ghs/bbf9c5ca-aff8-4c6f-a05b-88d02e08fd6b/7f6e3797-b39c-40e9-adfe-0d8f52244846.jpeg?h=225&w=225,
310133616,Charlie Bigham's Chicken Ham & Leek Pie 270G,https://www.tesco.com/groceries/en-GB/shop/fresh-food/all?department=Pies%2C%20Pasties%2C%20Quiches%20%26%20Snacking&viewAll=department&page=,£4.20,£1.56/100g,,,/groceries/en-GB/products/310133616,https://digitalcontent.api.tesco.com/v2/media/ghs/e7ac2fe9-92d9-4fad-ab8a-9e24e189c038/4bcb8fde-c845-444a-91d0-4b3b1f7f75c1.jpeg?h=225&w=225,
297738623,Taste Inc 100% Chargrilled Chicken Fillets Spicy 5X35g,https://www.tesco.com/groceries/en-GB/shop/fresh-food/all?department=Pies%2C%20Pasties%2C%20Quiches%20%26%20Snacking&viewAll=department&page=,£2.75,£1.58/100g,,,/groceries/en-GB/products/297738623,https://digitalcontent.api.tesco.com/v2/media/ghs/519f71d0-d60f-41e4-b217-2314711be7ee/1b8c9db0-38aa-4480-ad35-a2a74fff554f.jpeg?h=225&w=225,
310167340,Tesco 30 Hot & Spicy Cocktail Sausages 255G,https://www.tesco.com/groceries/en-GB/shop/fresh-food/all?department=Pies%2C%20Pasties%2C%20Quiches%20%26%20Snacking&viewAll=department&page=,£2.15,£0.84/100g,,,/groceries/en-GB/products/310167340,https://digitalcontent.api.tesco.com/v2/media/ghs/577fbb35-29b0-4410-b21f-260952422559/53e9e4cf-f448-4216-a28b-f73bd6c85b85.jpeg?h=225&w=225,
305983629,Higgidy 10 Cheddar & Chives Dinky Rolls 170G,https://www.tesco.com/groceries/en-GB/shop/fresh-food/all?department=Pies%2C%20Pasties%2C%20Quiches%20%26%20Snacking&viewAll=department&page=,£3.50,£2.06/100g,,New,/groceries/en-GB/products/305983629,https://digitalcontent.api.tesco.com/v2/media/ghs/6fdfcb2d-7aab-497f-9782-5b2e0e8042f9/d1f00b69-722f-4ded-826d-7ea5189c2b25.jpeg?h=225&w=225,
310094828,Snaffling Pig Co Chorizo Snaffle Bites 40G,https://www.tesco.com/groceries/en-GB/shop/fresh-food/all?department=Pies%2C%20Pasties%2C%20Quiches%20%26%20Snacking&viewAll=department&page=,£2.10,£5.25/100g,,,/groceries/en-GB/products/310094828,https://digitalcontent.api.tesco.com/v2/media/ghs/460a63b1-35ae-432e-b7bc-fd1769b7e18f/0c08bf80-a2bf-4b7a-8f50-3de4481601cd_198296821.jpeg?h=225&w=225,
310120292,Tesco Finest Ultimate 2 Scotch Eggs 260G,https://www.tesco.com/groceries/en-GB/shop/fresh-food/all?department=Pies%2C%20Pasties%2C%20Quiches%20%26%20Snacking&viewAll=department&page=,£3.40,£1.31/100g,,,/groceries/en-GB/products/310120292,https://digitalcontent.api.tesco.com/v2/media/ghs/5d76054f-b9ea-46ef-89a3-0dfba62f5308/81a085f3-1150-47be-aba6-baca1b04c7fc.jpeg?h=225&w=225,
310158230,Tesco Finest Ultimate 2 Pork Sausage Rolls 230G,https://www.tesco.com/groceries/en-GB/shop/fresh-food/all?department=Pies%2C%20Pasties%2C%20Quiches%20%26%20Snacking&viewAll=department&page=,£2.60,£1.14/100g,,,/groceries/en-GB/products/310158230,https://digitalcontent.api.tesco.com/v2/media/ghs/96eafaa1-156a-42b6-891f-02268b07f0c9/0098b972-e275-45db-bfd8-92dc9d222a34.jpeg?h=225&w=225,
304377519,Tesco Halloumi Fries 200G,https://www.tesco.com/groceries/en-GB/shop/fresh-food/all?department=Pies%2C%20Pasties%2C%20Quiches%20%26%20Snacking&viewAll=department&page=,£3.50,£17.50/kg,,,/groceries/en-GB/products/304377519,https://digitalcontent.api.tesco.com/v2/media/ghs/30401404-dfd2-45c7-9bbf-78d21814091d/350440b3-f003-4b13-a62e-508af4da9c75.jpeg?h=225&w=225,
301869911,Tesco Sausage Roll Selection 270G,https://www.tesco.com/groceries/en-GB/shop/fresh-food/all?department=Pies%2C%20Pasties%2C%20Quiches%20%26%20Snacking&viewAll=department&page=,£2.00,£0.74/100g,,New,/groceries/en-GB/products/301869911,https://digitalcontent.api.tesco.com/v2/media/ghs/568e279b-258f-4063-ba19-478a6fba54af/16ecfb9f-67fe-4704-abcf-cbf8e3a8c8d7.jpeg?h=225&w=225,
311207465,Tesco Finest The Ultimate Quiche Lorraine 420G,https://www.tesco.com/groceries/en-GB/shop/fresh-food/all?department=Pies%2C%20Pasties%2C%20Quiches%20%26%20Snacking&viewAll=department&page=,£4.50,£1.08/100g,,,/groceries/en-GB/products/311207465,https://digitalcontent.api.tesco.com/v2/media/ghs/563d12e6-5e37-4995-b308-4d1cb9866103/426e661b-711e-4c3d-82cf-a33d74c8cfed.jpeg?h=225&w=225,
312993660,Smorgasbord Original Swedish Snack Balls 80G,https://www.tesco.com/groceries/en-GB/shop/fresh-food/all?department=Pies%2C%20Pasties%2C%20Quiches%20%26%20Snacking&viewAll=department&page=,£1.60,£2.00/100g,,New,/groceries/en-GB/products/312993660,https://digitalcontent.api.tesco.com/v2/media/ghs/09449c86-679f-43d9-a10e-86047fd285cb/c6f045ab-3f4c-4cde-9a63-912168bbbda0.jpeg?h=225&w=225,
303617003,Tesco Scotch Egg Quiche 180G,https://www.tesco.com/groceries/en-GB/shop/fresh-food/all?department=Pies%2C%20Pasties%2C%20Quiches%20%26%20Snacking&viewAll=department&page=,£1.80,£1.00/100g,,,/groceries/en-GB/products/303617003,https://digitalcontent.api.tesco.com/v2/media/ghs/dbb1e33e-9feb-4149-87d1-878bc8628879/93a1e80b-32f2-418c-a2c6-12ea25ea334e.jpeg?h=225&w=225,
307342540,Walls Chilli Beef Burito Slice 180G,https://www.tesco.com/groceries/en-GB/shop/fresh-food/all?department=Pies%2C%20Pasties%2C%20Quiches%20%26%20Snacking&viewAll=department&page=,£1.60,£8.89/kg,,,/groceries/en-GB/products/307342540,https://digitalcontent.api.tesco.com/v2/media/ghs/1d2ccaff-f3ee-4c76-86e7-4eb53e2aa598/bd530e22-0402-4e43-9e95-eeaca72b24fe.jpeg?h=225&w=225,
311961354,Pukka Steak Slice 170G,https://www.tesco.com/groceries/en-GB/shop/fresh-food/all?department=Pies%2C%20Pasties%2C%20Quiches%20%26%20Snacking&viewAll=department&page=,£1.75,£1.03/100g,,New,/groceries/en-GB/products/311961354,https://digitalcontent.api.tesco.com/v2/media/ghs/a65774a0-eb8d-4dbc-ba6e-28b959c30495/82a5d084-b38c-4803-a21f-d51e1a70a12e.jpeg?h=225&w=225,
311439607,Fridge Raiders Slow Roasted Chicken Bites 165G,https://www.tesco.com/groceries/en-GB/shop/fresh-food/all?department=Pies%2C%20Pasties%2C%20Quiches%20%26%20Snacking&viewAll=department&page=,£2.50,£1.52/100g,£2.00 Clubcard Price,,/groceries/en-GB/products/311439607,https://digitalcontent.api.tesco.com/v2/media/ghs/b2ffcf8e-f10b-400f-9e22-b1e42f641e6d/0add5d35-87fb-4c5c-8306-cafa02078057.jpeg?h=225&w=225,
312851425,Pukka Pepperoni Pizza Pie,https://www.tesco.com/groceries/en-GB/shop/fresh-food/all?department=Pies%2C%20Pasties%2C%20Quiches%20%26%20Snacking&viewAll=department&page=,£1.90,£1.90/each,,New,/groceries/en-GB/products/312851425,https://digitalcontent.api.tesco.com/v2/media/ghs/6175f99d-8fb8-47e3-b703-8e04d8daef63/1db823c0-dff1-4923-91b0-69d59ab07436_1020090811.jpeg?h=225&w=225,
264716826,Ginsters Chicken & Bacon Pasty 180G,https://www.tesco.com/groceries/en-GB/shop/fresh-food/all?department=Pies%2C%20Pasties%2C%20Quiches%20%26%20Snacking&viewAll=department&page=,£1.65,£0.92/100g,,,/groceries/en-GB/products/264716826,https://digitalcontent.api.tesco.com/v2/media/ghs/b1bbc1b6-a6e9-4b10-9547-7385f1935a1d/8b49118c-1798-481e-aa09-035d3f74b2f9.jpeg?h=225&w=225,
296747717,Peperami Red Hot Stick 22.5G,https://www.tesco.com/groceries/en-GB/shop/fresh-food/all?department=Pies%2C%20Pasties%2C%20Quiches%20%26%20Snacking&viewAll=department&page=,£1.15,£5.12/100g,"£3.40 Meal Deal Clubcard Price £3.90 Meal Deal Regular Price - Selected Drink, Snack, Wrap, Sandwich, Roll, Pasty Or Salad",,/groceries/en-GB/products/296747717,https://digitalcontent.api.tesco.com/v2/media/ghs/b8f4d058-82fa-4408-8e6c-40e026d8cc43/19a35f38-36a6-4a83-9417-721656c3f023_441149700.jpeg?h=225&w=225,
296526940,Peperami Original Single 22.5G,https://www.tesco.com/groceries/en-GB/shop/fresh-food/all?department=Pies%2C%20Pasties%2C%20Quiches%20%26%20Snacking&viewAll=department&page=,£1.15,£5.12/100g,"£3.40 Meal Deal Clubcard Price £3.90 Meal Deal Regular Price - Selected Drink, Snack, Wrap, Sandwich, Roll, Pasty Or Salad",,/groceries/en-GB/products/296526940,https://digitalcontent.api.tesco.com/v2/media/ghs/e43d2edb-9e2e-4d02-a987-5c7b4316205d/67fa3c6e-9fea-4d40-af01-4f41cb2ef192_1303434339.jpeg?h=225&w=225,
312361878,Rustlers Mini Beef Burgers 101G,https://www.tesco.com/groceries/en-GB/shop/fresh-food/all?department=Pies%2C%20Pasties%2C%20Quiches%20%26%20Snacking&viewAll=department&page=,£1.00,£9.91/kg,,New,/groceries/en-GB/products/312361878,https://digitalcontent.api.tesco.com/v2/media/ghs/d634380b-4884-4737-bf27-ead07c8fe2ed/c20cd7db-3e37-4866-93bc-f3ba327f4efc.jpeg?h=225&w=225,
299956091,Tesco 12 Mozzarella Sticks 240G,https://www.tesco.com/groceries/en-GB/shop/fresh-food/all?department=Pies%2C%20Pasties%2C%20Quiches%20%26%20Snacking&viewAll=department&page=,£3.00,£1.25/100g,,,/groceries/en-GB/products/299956091,https://digitalcontent.api.tesco.com/v2/media/ghs/236fb76c-8c22-4f78-9028-326162d15970/d6b3ac46-0279-46c3-86ad-6d43c453341b.jpeg?h=225&w=225,
306950870,Tesco Finest 8 Chicken Tikka Samosas 230G,https://www.tesco.com/groceries/en-GB/shop/fresh-food/all?department=Pies%2C%20Pasties%2C%20Quiches%20%26%20Snacking&viewAll=department&page=,£5.50,£2.40/100g,Any 3 for 2 Clubcard Price - Cheapest Product Free - Selected Chilled Party Foods,,/groceries/en-GB/products/306950870,https://digitalcontent.api.tesco.com/v2/media/ghs/b53c4008-ae7f-48d1-807d-a03e6189eb4a/99d3c2c4-5c7e-49ec-a0ee-c25ef9c3dc34.jpeg?h=225&w=225,
304387347,Tesco Finest Cheese Bakes Serves 10,https://www.tesco.com/groceries/en-GB/shop/fresh-food/all?department=Pies%2C%20Pasties%2C%20Quiches%20%26%20Snacking&viewAll=department&page=,£13.00,£2.17/100g,,,/groceries/en-GB/products/304387347,https://digitalcontent.api.tesco.com/v2/media/ghs/73a6ab1d-8cf6-441b-8bf4-e64fd7aa2d43/912a6bcb-b08b-4fa0-9adb-0a565f031db5.jpeg?h=225&w=225,
294083324,Tesco Pigs in Blankets 36 Pieces Serves 12,https://www.tesco.com/groceries/en-GB/shop/fresh-food/all?department=Pies%2C%20Pasties%2C%20Quiches%20%26%20Snacking&viewAll=department&page=,£11.00,£0.31/each,,,/groceries/en-GB/products/294083324,https://digitalcontent.api.tesco.com/v2/media/ghs/255b3862-dad5-4121-8e7c-fc7a26762d15/3ff1953b-4793-4a43-9ecb-79ee26a3910a.jpeg?h=225&w=225,
293943933,Tesco Finest Four Brie & Cranberry Parcels Serves 4,https://www.tesco.com/groceries/en-GB/shop/fresh-food/all?department=Pies%2C%20Pasties%2C%20Quiches%20%26%20Snacking&viewAll=department&page=,£11.00,£1.38/100g,,,/groceries/en-GB/products/293943933,https://digitalcontent.api.tesco.com/v2/media/ghs/70a35216-1b4c-4a3d-81da-c4218fc10b91/f05051ef-6266-42d5-93b5-addea283abab.jpeg?h=225&w=225,
293943910,Tesco Finest Four Mushroom & Spinach Vol-au-Vents Serves 4,https://www.tesco.com/groceries/en-GB/shop/fresh-food/all?department=Pies%2C%20Pasties%2C%20Quiches%20%26%20Snacking&viewAll=department&page=,£11.00,£1.38/100g,,,/groceries/en-GB/products/293943910,https://digitalcontent.api.tesco.com/v2/media/ghs/a6b66894-80c5-4718-aaa3-872552c1a628/c841893c-e30b-4164-88e1-b223921b5c20.jpeg?h=225&w=225,
312227848,"Tesco Finest Cranberry Topped Pork, Turkey & Stuffing Pie Serves 12",https://www.tesco.com/groceries/en-GB/shop/fresh-food/all?department=Pies%2C%20Pasties%2C%20Quiches%20%26%20Snacking&viewAll=department&page=,£16.50,£1.27/100g,,,/groceries/en-GB/products/312227848,https://digitalcontent.api.tesco.com/v2/media/ghs/37091ec0-9f62-4be5-bc15-746da58140d3/d24def2a-afa3-4465-8962-6bd7519f6574.jpeg?h=225&w=225,
310130412,Tesco Pork Cranberry & Stuffing Candy Cane Sausage Roll Serves 8,https://www.tesco.com/groceries/en-GB/shop/fresh-food/all?department=Pies%2C%20Pasties%2C%20Quiches%20%26%20Snacking&viewAll=department&page=,£10.00,£1.54/100g,,,/groceries/en-GB/products/310130412,https://digitalcontent.api.tesco.com/v2/media/ghs/5d4ab244-3fde-470a-bb73-f6fc4710746f/345833fe-0bed-46b2-b102-24ab4b08d7e0.jpeg?h=225&w=225,
310162307,Tesco Plant Chef Falafel & Houmous 85G,https://www.tesco.com/groceries/en-GB/shop/fresh-food/all?department=Pies%2C%20Pasties%2C%20Quiches%20%26%20Snacking&viewAll=department&page=,£1.15,£1.36/100g,"£3.40 Meal Deal Clubcard Price £3.90 Meal Deal Regular Price - Selected Drink, Snack, Wrap, Sandwich, Roll, Pasty Or Salad",,/groceries/en-GB/products/310162307,https://digitalcontent.api.tesco.com/v2/media/ghs/d2f3c6ce-5ffb-46d0-9927-6657719e24a1/648afa0d-f622-4b01-914c-ec15a8114412.jpeg?h=225&w=225,
261384030,Pizza Express Margherita Pizza 245G,https://www.tesco.com/groceries/en-GB/shop/fresh-food/all?department=Fresh%20Pizza%2C%20Pasta%20%26%20Garlic%20Bread&viewAll=department&page=,£5.50,£2.25/100g,,,/groceries/en-GB/products/261384030,https://digitalcontent.api.tesco.com/v2/media/ghs/5bfa7622-273a-464c-b303-7d0a8529402b/0b0f64e9-ed18-49fa-a634-caef9c9bef20.jpeg?h=225&w=225,
303806338,Tesco Finest Buffalo Mozzarella & Tomato Pizza 420G,https://www.tesco.com/groceries/en-GB/shop/fresh-food/all?department=Fresh%20Pizza%2C%20Pasta%20%26%20Garlic%20Bread&viewAll=department&page=,£4.75,£1.14/100g,Tesco Finest* Meal Deal for £6 Clubcard Price - Buy 1 Pizza & 1 Bread,,/groceries/en-GB/products/303806338,https://digitalcontent.api.tesco.com/v2/media/ghs/14c5f32f-7298-4cb4-aeb0-3be8f1c0cecd/170241b8-3d22-464e-bbe1-910fbbd062b7.jpeg?h=225&w=225,
257466628,Pizza Express Dough Balls 200G,https://www.tesco.com/groceries/en-GB/shop/fresh-food/all?department=Fresh%20Pizza%2C%20Pasta%20%26%20Garlic%20Bread&viewAll=department&page=,£3.50,£1.75/100g,,,/groceries/en-GB/products/257466628,https://digitalcontent.api.tesco.com/v2/media/ghs/879b926c-507b-4445-b8d5-4e2884ed6274/4e9c32f7-3cee-47f2-a90c-5f4c4c7ad723.jpeg?h=225&w=225,
261385173,Pizza Express American Pizza 250G,https://www.tesco.com/groceries/en-GB/shop/fresh-food/all?department=Fresh%20Pizza%2C%20Pasta%20%26%20Garlic%20Bread&viewAll=department&page=,£5.50,£2.20/100g,,,/groceries/en-GB/products/261385173,https://digitalcontent.api.tesco.com/v2/media/ghs/c228f79a-65c4-412e-9cbf-7861913ad6f9/eacc8e26-4cd9-4dec-92ce-a9d653f28c82.jpeg?h=225&w=225,
303806373,Tesco Finest Ham Mushroom Mascarpone Pizza 450G,https://www.tesco.com/groceries/en-GB/shop/fresh-food/all?department=Fresh%20Pizza%2C%20Pasta%20%26%20Garlic%20Bread&viewAll=department&page=,£4.75,£1.06/100g,Tesco Finest* Meal Deal for £6 Clubcard Price - Buy 1 Pizza & 1 Bread,,/groceries/en-GB/products/303806373,https://digitalcontent.api.tesco.com/v2/media/ghs/ab6bd0b0-8aca-42d0-bd28-6ab599047e4c/d66482c1-74be-4f0b-81f0-a52c042a8460.jpeg?h=225&w=225,
303776050,Tesco Stonebaked Margherita Pizza 252G,https://www.tesco.com/groceries/en-GB/shop/fresh-food/all?department=Fresh%20Pizza%2C%20Pasta%20%26%20Garlic%20Bread&viewAll=department&page=,£3.50,£1.39/100g,£2.00 Clubcard Price,,/groceries/en-GB/products/303776050,https://digitalcontent.api.tesco.com/v2/media/ghs/2178317c-3819-453c-8bb9-7f9576ce9913/82367dec-192e-412e-9bd2-40e0875a3523.jpeg?h=225&w=225,
304797553,Tesco Finest Garlic & Extra Virgin Olive Oil Flatbread 200G,https://www.tesco.com/groceries/en-GB/shop/fresh-food/all?department=Fresh%20Pizza%2C%20Pasta%20%26%20Garlic%20Bread&viewAll=department&page=,£2.55,£1.28/100g,Tesco Finest* Meal Deal for £6 Clubcard Price - Buy 1 Pizza & 1 Bread,,/groceries/en-GB/products/304797553,https://digitalcontent.api.tesco.com/v2/media/ghs/d7453013-1cc0-4a25-ad98-77ac7b2f4f80/277f8fcf-1e90-4ee5-84f6-53950263a37a.jpeg?h=225&w=225,
267023345,Tesco Finest Pesto & Basil Sauce 130G,https://www.tesco.com/groceries/en-GB/shop/fresh-food/all?department=Fresh%20Pizza%2C%20Pasta%20%26%20Garlic%20Bread&viewAll=department&page=,£2.60,£2.00/100g,,,/groceries/en-GB/products/267023345,https://digitalcontent.api.tesco.com/v2/media/ghs/b03376bb-264c-432b-842f-5420ec3f4719/c5f9b9e6-76ab-456e-98cf-b923a697753b.jpeg?h=225&w=225,
275062447,Tesco Fresh Potato Gnocchi 400G,https://www.tesco.com/groceries/en-GB/shop/fresh-food/all?department=Fresh%20Pizza%2C%20Pasta%20%26%20Garlic%20Bread&viewAll=department&page=,£1.60,£4.00/kg,,,/groceries/en-GB/products/275062447,https://digitalcontent.api.tesco.com/v2/media/ghs/3c6daa3a-5d4f-405b-ae2b-9303637ea87d/5f5bfdae-1ae1-4021-b70c-68f4152785d2.jpeg?h=225&w=225,
253174043,Tesco Tomato & Basil Sauce 350G,https://www.tesco.com/groceries/en-GB/shop/fresh-food/all?department=Fresh%20Pizza%2C%20Pasta%20%26%20Garlic%20Bread&viewAll=department&page=,£1.80,£0.52/100g,,,/groceries/en-GB/products/253174043,https://digitalcontent.api.tesco.com/v2/media/ghs/0edcb921-0623-408c-903e-953c14a4f53f/8eebce5c-326c-4bb5-8726-489f5d68d71f.jpeg?h=225&w=225,
308493883,Tesco Stonebaked Pepperoni Pizza 277G,https://www.tesco.com/groceries/en-GB/shop/fresh-food/all?department=Fresh%20Pizza%2C%20Pasta%20%26%20Garlic%20Bread&viewAll=department&page=,£3.50,£1.27/100g,£2.00 Clubcard Price,,/groceries/en-GB/products/308493883,https://digitalcontent.api.tesco.com/v2/media/ghs/2c93097e-eb02-4bfe-a51e-b5e89200d717/807bc655-e925-437c-bfa7-723f8ed18908.jpeg?h=225&w=225,
286265277,Tesco Cheese & Garlic Flatbread 230G,https://www.tesco.com/groceries/en-GB/shop/fresh-food/all?department=Fresh%20Pizza%2C%20Pasta%20%26%20Garlic%20Bread&viewAll=department&page=,£1.80,£0.78/100g,,,/groceries/en-GB/products/286265277,https://digitalcontent.api.tesco.com/v2/media/ghs/ebab6670-9482-4e2c-b73f-95909afe5c08/98cec428-bef0-4624-a1f8-c51bd01350ab.jpeg?h=225&w=225,
303806102,Tesco Stonebaked Spinach & Ricotta Pizza 314G,https://www.tesco.com/groceries/en-GB/shop/fresh-food/all?department=Fresh%20Pizza%2C%20Pasta%20%26%20Garlic%20Bread&viewAll=department&page=,£3.50,£1.12/100g,£2.00 Clubcard Price,,/groceries/en-GB/products/303806102,https://digitalcontent.api.tesco.com/v2/media/ghs/a3f2edae-807d-46ee-9ac3-7ce4c1493371/3c424152-84df-431c-a1c1-a2f5bcad2b8e.jpeg?h=225&w=225,
286242984,T.Sunblush Tomato Tomato & Garlic Flatbread 235G,https://www.tesco.com/groceries/en-GB/shop/fresh-food/all?department=Fresh%20Pizza%2C%20Pasta%20%26%20Garlic%20Bread&viewAll=department&page=,£1.80,£0.77/100g,,,/groceries/en-GB/products/286242984,https://digitalcontent.api.tesco.com/v2/media/ghs/5848bdcc-a513-4097-8662-25e81850e09f/f57587a7-4973-4b6d-a08c-459187335fee.jpeg?h=225&w=225,
251328286,Tesco Cheese Sauce 350G,https://www.tesco.com/groceries/en-GB/shop/fresh-food/all?department=Fresh%20Pizza%2C%20Pasta%20%26%20Garlic%20Bread&viewAll=department&page=,£1.80,£0.52/100g,,,/groceries/en-GB/products/251328286,https://digitalcontent.api.tesco.com/v2/media/ghs/bb0dbad8-9148-4f0c-ace8-d52ed06e64ae/7eba33af-8cef-4a7e-9da6-c794e3f958e8.jpeg?h=225&w=225,
296481201,Tesco Finest Garlic & Parsley Ciabatta 255G,https://www.tesco.com/groceries/en-GB/shop/fresh-food/all?department=Fresh%20Pizza%2C%20Pasta%20%26%20Garlic%20Bread&viewAll=department&page=,£2.55,£1.00/100g,Tesco Finest* Meal Deal for £6 Clubcard Price - Buy 1 Pizza & 1 Bread,,/groceries/en-GB/products/296481201,https://digitalcontent.api.tesco.com/v2/media/ghs/c4455f6f-8da7-48a7-95d7-cfb11992f8ca/61b2ee16-183d-4e7b-b352-da2a1d392796.jpeg?h=225&w=225,
303732718,Tesco Fresh Lasagne Sheets 250G,https://www.tesco.com/groceries/en-GB/shop/fresh-food/all?department=Fresh%20Pizza%2C%20Pasta%20%26%20Garlic%20Bread&viewAll=department&page=,£1.35,£5.40/kg,,,/groceries/en-GB/products/303732718,https://digitalcontent.api.tesco.com/v2/media/ghs/8975b16d-4352-45c0-9390-3460de26010f/8f0e4571-699a-49f0-93f1-9539cbd6edb7_621814801.jpeg?h=225&w=225,
267114791,Tesco 8 Garlic Ciabatta Slices 360G,https://www.tesco.com/groceries/en-GB/shop/fresh-food/all?department=Fresh%20Pizza%2C%20Pasta%20%26%20Garlic%20Bread&viewAll=department&page=,£2.15,£0.60/100g,,,/groceries/en-GB/products/267114791,https://digitalcontent.api.tesco.com/v2/media/ghs/6b6311df-ec11-43cb-a5b4-7708084162fe/23f81314-7218-4621-9b95-787c7aac4490_997689497.jpeg?h=225&w=225,
307339959,Tesco 2X Extra Strong Garlic Baguettes 410G,https://www.tesco.com/groceries/en-GB/shop/fresh-food/all?department=Fresh%20Pizza%2C%20Pasta%20%26%20Garlic%20Bread&viewAll=department&page=,£1.80,£0.44/100g,,,/groceries/en-GB/products/307339959,https://digitalcontent.api.tesco.com/v2/media/ghs/5b4b65e8-5343-418d-b0ba-6ff44d8a7e97/1b95393e-7f77-4f19-ab24-f92698e12aae.jpeg?h=225&w=225,
307362677,Tesco Twin Garlic Baguette 410G,https://www.tesco.com/groceries/en-GB/shop/fresh-food/all?department=Fresh%20Pizza%2C%20Pasta%20%26%20Garlic%20Bread&viewAll=department&page=,£1.80,£0.44/100g,,,/groceries/en-GB/products/307362677,https://digitalcontent.api.tesco.com/v2/media/ghs/698638ef-15d2-42ae-936f-c94523f1831b/4a0ab6cf-4a78-4b77-9eac-039ea418fc0e.jpeg?h=225&w=225,
253174037,Tesco Tomato And Mascarpone Sauce 350G,https://www.tesco.com/groceries/en-GB/shop/fresh-food/all?department=Fresh%20Pizza%2C%20Pasta%20%26%20Garlic%20Bread&viewAll=department&page=,£1.80,£0.52/100g,,,/groceries/en-GB/products/253174037,https://digitalcontent.api.tesco.com/v2/media/ghs/95da1ab8-95fe-423d-8279-73c2ee4c081e/d6add57b-a95b-4fcb-a550-0042eb77fd8d.jpeg?h=225&w=225,
308470697,Tesco Stone Baked Bbq Chicken Pizza 303G,https://www.tesco.com/groceries/en-GB/shop/fresh-food/all?department=Fresh%20Pizza%2C%20Pasta%20%26%20Garlic%20Bread&viewAll=department&page=,£3.50,£1.16/100g,£2.00 Clubcard Price,,/groceries/en-GB/products/308470697,https://digitalcontent.api.tesco.com/v2/media/ghs/144daa6c-3ed2-4ae8-b2b9-0d1b37077590/6924474c-07fc-4ba4-9940-2795382d5526.jpeg?h=225&w=225,
297662591,Tesco Thin & Crispy Cheese Feast Pizza 261G,https://www.tesco.com/groceries/en-GB/shop/fresh-food/all?department=Fresh%20Pizza%2C%20Pasta%20%26%20Garlic%20Bread&viewAll=department&page=,£1.70,£0.65/100g,,,/groceries/en-GB/products/297662591,https://digitalcontent.api.tesco.com/v2/media/ghs/ca267783-c1c2-4057-a167-22ac4573f510/ea78f9f3-7ae5-4d06-81dc-329f0f740270.jpeg?h=225&w=225,
299829340,Tesco Spinach & Ricotta Tortelloni 300G,https://www.tesco.com/groceries/en-GB/shop/fresh-food/all?department=Fresh%20Pizza%2C%20Pasta%20%26%20Garlic%20Bread&viewAll=department&page=,£1.60,£5.34/kg,£1.35 Clubcard Price,,/groceries/en-GB/products/299829340,https://digitalcontent.api.tesco.com/v2/media/ghs/c8cebde4-3947-40f0-aa4a-36d0b10d28ff/e30b95fc-1247-42af-a15c-0c92b224ea3b.jpeg?h=225&w=225,
251328257,Tesco Carbonara Sauce 350G,https://www.tesco.com/groceries/en-GB/shop/fresh-food/all?department=Fresh%20Pizza%2C%20Pasta%20%26%20Garlic%20Bread&viewAll=department&page=,£1.80,£0.52/100g,,,/groceries/en-GB/products/251328257,https://digitalcontent.api.tesco.com/v2/media/ghs/323361b7-9994-4552-8d59-f794d8e2d519/006ace46-8577-4b0f-b02b-02d580c80275.jpeg?h=225&w=225,
302674696,The Pizza Co. Garlic & Herb Dips 90G,https://www.tesco.com/groceries/en-GB/shop/fresh-food/all?department=Fresh%20Pizza%2C%20Pasta%20%26%20Garlic%20Bread&viewAll=department&page=,£1.50,£1.67/100g,"The Pizza Company Meal Deal for £6 Clubcard Price - Buy 1 Pizza, 1 Side & 1 Dips Stacker",,/groceries/en-GB/products/302674696,https://digitalcontent.api.tesco.com/v2/media/ghs/a01853f4-f267-4b98-b233-8b465dfc4337/aca86fd6-9ecc-4d68-b736-4e63aae05d47_1961204847.jpeg?h=225&w=225,
311449339,Pizza Express Dough Balls With Pesto Dip 95G,https://www.tesco.com/groceries/en-GB/shop/fresh-food/all?department=Fresh%20Pizza%2C%20Pasta%20%26%20Garlic%20Bread&viewAll=department&page=,£2.15,£2.27/100g,Pizza Express Meal Deal for £12 Clubcard Price - Buy 2 Mains & 2 Sides Or Desserts,,/groceries/en-GB/products/311449339,https://digitalcontent.api.tesco.com/v2/media/ghs/4ae368c9-8ec6-4c54-8950-ba7f31b0e887/74105d59-3238-4c35-ad5f-88de307eaae7.jpeg?h=225&w=225,
302089248,Tesco Fusilli 300G,https://www.tesco.com/groceries/en-GB/shop/fresh-food/all?department=Fresh%20Pizza%2C%20Pasta%20%26%20Garlic%20Bread&viewAll=department&page=,£1.15,£3.84/kg,,,/groceries/en-GB/products/302089248,https://digitalcontent.api.tesco.com/v2/media/ghs/ab3f4244-7b2c-48d5-8c87-bd63422516d0/d3a1281f-d0cd-444b-983b-babbae040093.jpeg?h=225&w=225,
299829075,Tesco Tagliatelle Nests 300G,https://www.tesco.com/groceries/en-GB/shop/fresh-food/all?department=Fresh%20Pizza%2C%20Pasta%20%26%20Garlic%20Bread&viewAll=department&page=,£1.15,£3.84/kg,,,/groceries/en-GB/products/299829075,https://digitalcontent.api.tesco.com/v2/media/ghs/f15d973e-0ee9-4c62-8459-f6fadebcd3c8/7d07ef9c-c4de-4cb7-8bf3-f084b669512f.jpeg?h=225&w=225,
299829030,Tesco Penne 300G,https://www.tesco.com/groceries/en-GB/shop/fresh-food/all?department=Fresh%20Pizza%2C%20Pasta%20%26%20Garlic%20Bread&viewAll=department&page=,£1.15,£3.84/kg,,,/groceries/en-GB/products/299829030,https://digitalcontent.api.tesco.com/v2/media/ghs/0d196cd5-02f3-45f4-b4e1-9376559b6390/3b61c2f7-d64c-4151-8982-7a1134bd4907.jpeg?h=225&w=225,
299829363,Tesco Italian Sausage & Ham Tortelloni 300G,https://www.tesco.com/groceries/en-GB/shop/fresh-food/all?department=Fresh%20Pizza%2C%20Pasta%20%26%20Garlic%20Bread&viewAll=department&page=,£1.60,£5.34/kg,£1.35 Clubcard Price,,/groceries/en-GB/products/299829363,https://digitalcontent.api.tesco.com/v2/media/ghs/d9115c5b-5cab-4c37-b27d-23fdfba5a6e3/fe568194-8293-43f1-a145-de77c2f92b9a.jpeg?h=225&w=225,
299829386,Tesco Chicken & Chorizo Tortelloni 300G,https://www.tesco.com/groceries/en-GB/shop/fresh-food/all?department=Fresh%20Pizza%2C%20Pasta%20%26%20Garlic%20Bread&viewAll=department&page=,£1.60,£5.34/kg,£1.35 Clubcard Price,,/groceries/en-GB/products/299829386,https://digitalcontent.api.tesco.com/v2/media/ghs/717e7083-892f-4218-8e08-c06c9abb6644/d3ea48e2-bae2-4fa0-bd4b-7c00e6898863_1435657630.jpeg?h=225&w=225,
304396630,Tesco Linguine 300G,https://www.tesco.com/groceries/en-GB/shop/fresh-food/all?department=Fresh%20Pizza%2C%20Pasta%20%26%20Garlic%20Bread&viewAll=department&page=,£1.15,£3.84/kg,,,/groceries/en-GB/products/304396630,https://digitalcontent.api.tesco.com/v2/media/ghs/53040f32-d730-49f1-b780-395cfdf50ffe/d8c659d5-d11d-4834-9449-f92904721c79.jpeg?h=225&w=225,
288610223,Tesco Garlic Flatbread 255G,https://www.tesco.com/groceries/en-GB/shop/fresh-food/all?department=Fresh%20Pizza%2C%20Pasta%20%26%20Garlic%20Bread&viewAll=department&page=,£2.30,£0.90/100g,£1.00 Clubcard Price,,/groceries/en-GB/products/288610223,https://digitalcontent.api.tesco.com/v2/media/ghs/5cf9c393-378c-4e8f-87e1-6122a5149027/a59d3229-34f5-4677-9786-496b2e934361.jpeg?h=225&w=225,
308491234,Tesco Thin & Crispy Pepperoni Pizza 272G,https://www.tesco.com/groceries/en-GB/shop/fresh-food/all?department=Fresh%20Pizza%2C%20Pasta%20%26%20Garlic%20Bread&viewAll=department&page=,£1.70,£0.62/100g,,,/groceries/en-GB/products/308491234,https://digitalcontent.api.tesco.com/v2/media/ghs/80076a46-9a78-444f-b588-46a2f7efeaa9/4d5afb8d-3bd6-4b91-8c98-9221441ad07a.jpeg?h=225&w=225,
303776096,Tesco Stonebaked Spicy Meat Feast Pizza 305G,https://www.tesco.com/groceries/en-GB/shop/fresh-food/all?department=Fresh%20Pizza%2C%20Pasta%20%26%20Garlic%20Bread&viewAll=department&page=,£3.50,£1.15/100g,£2.00 Clubcard Price,,/groceries/en-GB/products/303776096,https://digitalcontent.api.tesco.com/v2/media/ghs/5d4cb430-c90b-4cb4-92f2-e25271837b65/d96b1f55-4e3e-4f5a-9ef2-2e86adc41429.jpeg?h=225&w=225,
308865023,Tesco Stonebaked Ham & Pineapple Pizza 322G,https://www.tesco.com/groceries/en-GB/shop/fresh-food/all?department=Fresh%20Pizza%2C%20Pasta%20%26%20Garlic%20Bread&viewAll=department&page=,£3.50,£1.09/100g,£2.00 Clubcard Price,,/groceries/en-GB/products/308865023,https://digitalcontent.api.tesco.com/v2/media/ghs/1bead8c9-46c5-423f-b2bd-b6ba005f4a36/3f745efb-f4aa-4b1e-b7a5-04920edb7dd4.jpeg?h=225&w=225,
299915134,Tesco Ham & Cheese Cappelletti 300G,https://www.tesco.com/groceries/en-GB/shop/fresh-food/all?department=Fresh%20Pizza%2C%20Pasta%20%26%20Garlic%20Bread&viewAll=department&page=,£1.60,£5.34/kg,£1.35 Clubcard Price,,/groceries/en-GB/products/299915134,https://digitalcontent.api.tesco.com/v2/media/ghs/a544ddd4-50e6-4526-8b05-39cd4b710aa0/664c51e6-d6ae-4177-984f-5c9e7f41ba1c.jpeg?h=225&w=225,
299829426,Tesco Four Cheese Tortelloni 300G,https://www.tesco.com/groceries/en-GB/shop/fresh-food/all?department=Fresh%20Pizza%2C%20Pasta%20%26%20Garlic%20Bread&viewAll=department&page=,£1.60,£5.34/kg,£1.35 Clubcard Price,,/groceries/en-GB/products/299829426,https://digitalcontent.api.tesco.com/v2/media/ghs/5cfa1dd1-8fcb-4f48-ae69-aa30fd4322ff/f7fb6a72-7be5-4ab9-acfe-f06e7ea7b151.jpeg?h=225&w=225,
303615495,Tesco Cheese & Tomato Tortelloni 300G,https://www.tesco.com/groceries/en-GB/shop/fresh-food/all?department=Fresh%20Pizza%2C%20Pasta%20%26%20Garlic%20Bread&viewAll=department&page=,£1.60,£5.34/kg,£1.35 Clubcard Price,,/groceries/en-GB/products/303615495,https://digitalcontent.api.tesco.com/v2/media/ghs/6a4f7f2c-2fa8-4eba-bde0-41432293d446/795b488d-69a6-4099-b425-bc846abdb7bc_690939151.jpeg?h=225&w=225,
307339562,Tesco Garlic Baguette 205G,https://www.tesco.com/groceries/en-GB/shop/fresh-food/all?department=Fresh%20Pizza%2C%20Pasta%20%26%20Garlic%20Bread&viewAll=department&page=,£0.95,£0.46/100g,,,/groceries/en-GB/products/307339562,https://digitalcontent.api.tesco.com/v2/media/ghs/4dcf8259-d39d-4d30-ab66-0fd2458b0bba/ce856655-025a-4b43-8368-c0778ca1cf9a.jpeg?h=225&w=225,
299597970,Hearty Food Co. Cheese & Tomato Pizza 114G,https://www.tesco.com/groceries/en-GB/shop/fresh-food/all?department=Fresh%20Pizza%2C%20Pasta%20%26%20Garlic%20Bread&viewAll=department&page=,£0.49,£0.43/100g,Aldi Price Match,,/groceries/en-GB/products/299597970,https://digitalcontent.api.tesco.com/v2/media/ghs/220b5af2-7a32-49c5-82c8-f21d29a81808/415fb38a-b7fb-4233-a1c0-8922c7f42afe.jpeg?h=225&w=225,
299598018,Hearty Food Co Cheese & Ham Pizza 124G,https://www.tesco.com/groceries/en-GB/shop/fresh-food/all?department=Fresh%20Pizza%2C%20Pasta%20%26%20Garlic%20Bread&viewAll=department&page=,,,,,/groceries/en-GB/products/299598018,https://digitalcontent.api.tesco.com/v2/media/ghs/61508ad8-67eb-46e2-a18c-d70beab913a3/8bb0612f-9cc1-45b9-afcb-396d9905f3bc.jpeg?h=225&w=225,This product's currently out of stock
300917822,Hearty Food Co. Garlic Baguette 170G,https://www.tesco.com/groceries/en-GB/shop/fresh-food/all?department=Fresh%20Pizza%2C%20Pasta%20%26%20Garlic%20Bread&viewAll=department&page=,£0.35,£0.21/100g,Aldi Price Match,,/groceries/en-GB/products/300917822,https://digitalcontent.api.tesco.com/v2/media/ghs/f4a125f7-55d9-44f0-97ca-93933b072edf/1d53bb77-1aa2-455d-88d5-ec8d10b09f80.jpeg?h=225&w=225,
299598030,Hearty Food Co. Cheese Pizza 300G,https://www.tesco.com/groceries/en-GB/shop/fresh-food/all?department=Fresh%20Pizza%2C%20Pasta%20%26%20Garlic%20Bread&viewAll=department&page=,£0.99,£0.33/100g,Aldi Price Match,,/groceries/en-GB/products/299598030,https://digitalcontent.api.tesco.com/v2/media/ghs/6d3e2e7d-6c85-4f8f-be39-629f5f67c2ff/4d21594d-0311-49a7-ad3e-856b4c9f1414.jpeg?h=225&w=225,
312341804,Tesco Finest Spiced Chicken With Lime & Mint Raita Pizza 400G,https://www.tesco.com/groceries/en-GB/shop/fresh-food/all?department=Fresh%20Pizza%2C%20Pasta%20%26%20Garlic%20Bread&viewAll=department&page=,£4.75,£1.19/100g,Tesco Finest* Meal Deal for £6 Clubcard Price - Buy 1 Pizza & 1 Bread,,/groceries/en-GB/products/312341804,https://digitalcontent.api.tesco.com/v2/media/ghs/f60b0636-fb7a-472c-8409-81367e2f7b81/2fc9d23f-9108-4790-a665-742777f92cca.jpeg?h=225&w=225,
312997794,Franco Manca Fennel Sausage Red Pepper & Mozzarella Pizza 480G,https://www.tesco.com/groceries/en-GB/shop/fresh-food/all?department=Fresh%20Pizza%2C%20Pasta%20%26%20Garlic%20Bread&viewAll=department&page=,£5.75,£1.20/100g,,New,/groceries/en-GB/products/312997794,https://digitalcontent.api.tesco.com/v2/media/ghs/b302ab19-ff17-401c-9830-88a11954a313/45addad0-0bf1-4cd9-a9d0-dc4f87513ca6_1881610496.jpeg?h=225&w=225,
303615512,Tesco Finest Spinach Ricotta Girasoli 250G,https://www.tesco.com/groceries/en-GB/shop/fresh-food/all?department=Fresh%20Pizza%2C%20Pasta%20%26%20Garlic%20Bread&viewAll=department&page=,£3.25,£13.00/kg,,,/groceries/en-GB/products/303615512,,
312353076,Franco Manca Salami Onion Chilli Infused Honey Pizza 475G,https://www.tesco.com/groceries/en-GB/shop/fresh-food/all?department=Fresh%20Pizza%2C%20Pasta%20%26%20Garlic%20Bread&viewAll=department&page=,£5.75,£1.22/100g,,New,/groceries/en-GB/products/312353076,https://digitalcontent.api.tesco.com/v2/media/ghs/ebd036a7-f099-4450-b47b-f7ca5710387c/0ffe622b-6dcb-4694-8a36-a8865cfd1abe.jpeg?h=225&w=225,
303806396,Tesco Finest Spicy Salami & Red Chilli Pizza 405G,https://www.tesco.com/groceries/en-GB/shop/fresh-food/all?department=Fresh%20Pizza%2C%20Pasta%20%26%20Garlic%20Bread&viewAll=department&page=,£4.75,£1.18/100g,Tesco Finest* Meal Deal for £6 Clubcard Price - Buy 1 Pizza & 1 Bread,,/groceries/en-GB/products/303806396,https://digitalcontent.api.tesco.com/v2/media/ghs/c5a81cfe-a79a-4660-a9c8-54d71fb62983/d673135a-9361-4d91-a32d-d4564188b300.jpeg?h=225&w=225,
312698819,Franco Manca Beef Meatball Red Onion & Percino Pizza 476G,https://www.tesco.com/groceries/en-GB/shop/fresh-food/all?department=Fresh%20Pizza%2C%20Pasta%20%26%20Garlic%20Bread&viewAll=department&page=,£5.75,£1.21/100g,,New,/groceries/en-GB/products/312698819,https://digitalcontent.api.tesco.com/v2/media/ghs/1b69c385-b73f-4072-90f4-60f2d6f167d6/1855db14-155e-46ba-bc04-7da9753bfc53.jpeg?h=225&w=225,
299829582,"Tesco Finest Nduja, Mascarpone, Red Onion Ravioli 250G",https://www.tesco.com/groceries/en-GB/shop/fresh-food/all?department=Fresh%20Pizza%2C%20Pasta%20%26%20Garlic%20Bread&viewAll=department&page=,£3.25,£13.00/kg,,,/groceries/en-GB/products/299829582,https://digitalcontent.api.tesco.com/v2/media/ghs/f9a62026-dec6-42f9-8355-2a32d60e53a4/1fbe2696-5088-4885-aefe-9669c05e8885_898530222.jpeg?h=225&w=225,
309477285,Tesco Finest Goat Cheese & Caramelised Red Onion Ravioli 250G,https://www.tesco.com/groceries/en-GB/shop/fresh-food/all?department=Fresh%20Pizza%2C%20Pasta%20%26%20Garlic%20Bread&viewAll=department&page=,£3.25,£13.00/kg,,,/groceries/en-GB/products/309477285,https://digitalcontent.api.tesco.com/v2/media/ghs/0bd04846-d100-4810-84d3-fb3c43ec0720/0147f304-036e-4c8a-8603-811fdeae3f46_60654141.jpeg?h=225&w=225,
302319830,Pizza Express American Classic Pepperoni Pizza458g,https://www.tesco.com/groceries/en-GB/shop/fresh-food/all?department=Fresh%20Pizza%2C%20Pasta%20%26%20Garlic%20Bread&viewAll=department&page=,£6.50,£1.42/100g,£4.50 Clubcard Price,,/groceries/en-GB/products/302319830,https://digitalcontent.api.tesco.com/v2/media/ghs/4457bd76-4fb0-4021-9340-1b5c4edac3a6/cf5c68a5-39b5-40ee-bd90-892a26234cb5.jpeg?h=225&w=225,
313179626,Franco Manca Quattro Formaggi & Balsamic Glaze Pizza 454G,https://www.tesco.com/groceries/en-GB/shop/fresh-food/all?department=Fresh%20Pizza%2C%20Pasta%20%26%20Garlic%20Bread&viewAll=department&page=,£5.75,£1.27/100g,,New,/groceries/en-GB/products/313179626,https://digitalcontent.api.tesco.com/v2/media/ghs/d2a5e676-b000-407a-9ccf-dfcc33478eb6/51d59035-9eb9-44f4-91de-58a1999840da.jpeg?h=225&w=225,
291358870,Pizza Express La Reine Classic 290G,https://www.tesco.com/groceries/en-GB/shop/fresh-food/all?department=Fresh%20Pizza%2C%20Pasta%20%26%20Garlic%20Bread&viewAll=department&page=,£5.50,£1.90/100g,,,/groceries/en-GB/products/291358870,https://digitalcontent.api.tesco.com/v2/media/ghs/943b11c6-448c-4da8-b2c4-d1bdf0bcc8c9/b1af8a63-65d8-4e49-aae7-452cc592e646.jpeg?h=225&w=225,
261385305,Pizza Express Sloppy Giuseppe Pizza 305G,https://www.tesco.com/groceries/en-GB/shop/fresh-food/all?department=Fresh%20Pizza%2C%20Pasta%20%26%20Garlic%20Bread&viewAll=department&page=,£5.50,£1.81/100g,,,/groceries/en-GB/products/261385305,https://digitalcontent.api.tesco.com/v2/media/ghs/d8938a3d-e562-4564-8ea2-b53a8a4ff9c2/2b4a9211-e49a-444a-8083-4f37d2987a78.jpeg?h=225&w=225,
302320891,Pizza Express Classic Margherita Pizza 447G,https://www.tesco.com/groceries/en-GB/shop/fresh-food/all?department=Fresh%20Pizza%2C%20Pasta%20%26%20Garlic%20Bread&viewAll=department&page=,£6.50,£1.46/100g,£4.50 Clubcard Price,,/groceries/en-GB/products/302320891,https://digitalcontent.api.tesco.com/v2/media/ghs/d449a9da-a404-49e6-853d-b18f791bffe3/6bd5f907-6057-41c8-9ee1-3ab7893af760.jpeg?h=225&w=225,
305989941,Jamie Oliver Spinach & Ricotta Ravioli Pasta 250G,https://www.tesco.com/groceries/en-GB/shop/fresh-food/all?department=Fresh%20Pizza%2C%20Pasta%20%26%20Garlic%20Bread&viewAll=department&page=,£2.60,£10.40/kg,,,/groceries/en-GB/products/305989941,https://digitalcontent.api.tesco.com/v2/media/ghs/0c9193d0-2c72-47fc-bec6-429b1f14c793/4e4122cc-c21a-498e-a573-531c07c972f3_1794610369.jpeg?h=225&w=225,
305971996,Jamie Oliver Aubergine Parmigiana Tortelloni 250G,https://www.tesco.com/groceries/en-GB/shop/fresh-food/all?department=Fresh%20Pizza%2C%20Pasta%20%26%20Garlic%20Bread&viewAll=department&page=,£2.60,£10.40/kg,,,/groceries/en-GB/products/305971996,https://digitalcontent.api.tesco.com/v2/media/ghs/03da86fc-8f98-4a12-ba69-483b379cab5b/cd2cc908-73d8-440f-9920-ad350c783e6b_529440943.jpeg?h=225&w=225,
311936569,Tesco Finest Salsiccia Picante With Hot Honey Pizza 400G,https://www.tesco.com/groceries/en-GB/shop/fresh-food/all?department=Fresh%20Pizza%2C%20Pasta%20%26%20Garlic%20Bread&viewAll=department&page=,£4.75,£1.19/100g,Tesco Finest* Meal Deal for £6 Clubcard Price - Buy 1 Pizza & 1 Bread,,/groceries/en-GB/products/311936569,https://digitalcontent.api.tesco.com/v2/media/ghs/d8d856ed-2be9-4b8e-b68a-b4315836c8e3/c2edb369-955a-4853-ac23-3bcf713d169c.jpeg?h=225&w=225,
305952662,Jamie Oliver Bolognese Tortelloni Pasta 250G,https://www.tesco.com/groceries/en-GB/shop/fresh-food/all?department=Fresh%20Pizza%2C%20Pasta%20%26%20Garlic%20Bread&viewAll=department&page=,£2.60,£10.40/kg,,,/groceries/en-GB/products/305952662,https://digitalcontent.api.tesco.com/v2/media/ghs/b9b12e3c-c794-4cbb-a9d6-ac6644c1f36f/83e4d2e5-90d4-4174-a0ec-d8b1228ce266_1049387736.jpeg?h=225&w=225,
287304000,Tesco Finest 4 Cheese Sauce 350G,https://www.tesco.com/groceries/en-GB/shop/fresh-food/all?department=Fresh%20Pizza%2C%20Pasta%20%26%20Garlic%20Bread&viewAll=department&page=,£2.80,£0.80/100g,,,/groceries/en-GB/products/287304000,https://digitalcontent.api.tesco.com/v2/media/ghs/9e9d8a96-3449-4338-82c1-89bfde220f75/238789c2-dbd4-4f02-993a-7610cf560d2f.jpeg?h=225&w=225,
311255620,Pizza Express Classic Hawaiian Ham & Pineapple Pizza 283G,https://www.tesco.com/groceries/en-GB/shop/fresh-food/all?department=Fresh%20Pizza%2C%20Pasta%20%26%20Garlic%20Bread&viewAll=department&page=,£5.50,£1.95/100g,,,/groceries/en-GB/products/311255620,https://digitalcontent.api.tesco.com/v2/media/ghs/8baadc71-0717-4209-94ad-cc6e83afece4/29a077a0-6f44-4214-ab1c-cbfeefbd036b.jpeg?h=225&w=225,
305951513,Jamie Oliver 7 Vegetable & Tomato Sauce 200G,https://www.tesco.com/groceries/en-GB/shop/fresh-food/all?department=Fresh%20Pizza%2C%20Pasta%20%26%20Garlic%20Bread&viewAll=department&page=,£2.25,£1.13/100g,,,/groceries/en-GB/products/305951513,https://digitalcontent.api.tesco.com/v2/media/ghs/70a40e9b-bead-4f67-807a-6b72393b7e99/0fd7fe36-3ad0-424f-993a-3ef3a6cb58e0.jpeg?h=225&w=225,
308848810,Pizza Express Classic Pollo Ad Astra Pizza 290G,https://www.tesco.com/groceries/en-GB/shop/fresh-food/all?department=Fresh%20Pizza%2C%20Pasta%20%26%20Garlic%20Bread&viewAll=department&page=,£5.50,£1.90/100g,,,/groceries/en-GB/products/308848810,https://digitalcontent.api.tesco.com/v2/media/ghs/dc71b039-3388-44a9-b94d-9b72e25c8a56/c7d4d213-944b-4b46-bba4-50b7b067e247.jpeg?h=225&w=225,
308843343,Pizza Express Original Dough Balls 95G,https://www.tesco.com/groceries/en-GB/shop/fresh-food/all?department=Fresh%20Pizza%2C%20Pasta%20%26%20Garlic%20Bread&viewAll=department&page=,£2.15,£2.27/100g,Pizza Express Meal Deal for £12 Clubcard Price - Buy 2 Mains & 2 Sides Or Desserts,,/groceries/en-GB/products/308843343,https://digitalcontent.api.tesco.com/v2/media/ghs/1e39b3c3-2ddf-4a33-9ba0-a1afdd5e44e9/178db38f-d3f3-48a2-9447-ea86647e0fb5.jpeg?h=225&w=225,
304408969,The Pizza Company Deep Filled Garlic Bread 2 Pack 230G,https://www.tesco.com/groceries/en-GB/shop/fresh-food/all?department=Fresh%20Pizza%2C%20Pasta%20%26%20Garlic%20Bread&viewAll=department&page=,£3.00,£1.31/100g,"The Pizza Company Meal Deal for £6 Clubcard Price - Buy 1 Pizza, 1 Side & 1 Dips Stacker",,/groceries/en-GB/products/304408969,https://digitalcontent.api.tesco.com/v2/media/ghs/fe5f4a6f-cb1d-482d-93e3-8ba6304a88f1/24c880e8-667f-4f89-85ee-56e6fa973557.jpeg?h=225&w=225,
303807239,Tesco Kids Cheese & Tomato 2 Pizzas 232G,https://www.tesco.com/groceries/en-GB/shop/fresh-food/all?department=Fresh%20Pizza%2C%20Pasta%20%26%20Garlic%20Bread&viewAll=department&page=,£2.25,£0.97/100g,,,/groceries/en-GB/products/303807239,https://digitalcontent.api.tesco.com/v2/media/ghs/8450d3ec-dc67-456a-b3a2-6e54c18bda49/785c8b67-e113-4a10-9d04-633814b2d631.jpeg?h=225&w=225,
304376815,The Pizza Company Stuffed Crust The Big Cheese 588G,https://www.tesco.com/groceries/en-GB/shop/fresh-food/all?department=Fresh%20Pizza%2C%20Pasta%20%26%20Garlic%20Bread&viewAll=department&page=,£5.00,£0.85/100g,"The Pizza Company Meal Deal for £6 Clubcard Price - Buy 1 Pizza, 1 Side & 1 Dips Stacker",,/groceries/en-GB/products/304376815,https://digitalcontent.api.tesco.com/v2/media/ghs/784efc15-638f-4d64-9f29-06a755246108/fef98e63-567b-4622-b2ae-5806689cbb74.jpeg?h=225&w=225,
303806534,Tesco Finest Buffalo Mozzarella Tomo Pizza 220G,https://www.tesco.com/groceries/en-GB/shop/fresh-food/all?department=Fresh%20Pizza%2C%20Pasta%20%26%20Garlic%20Bread&viewAll=department&page=,£3.20,£1.46/100g,,,/groceries/en-GB/products/303806534,https://digitalcontent.api.tesco.com/v2/media/ghs/fc3b2560-2b53-4f2b-a090-fe6449b4b326/459201cb-4504-45e7-a736-b62fbf4eae9c.jpeg?h=225&w=225,
308853072,Pizza Express Garlic & Mozzarella Flatbread 185G,https://www.tesco.com/groceries/en-GB/shop/fresh-food/all?department=Fresh%20Pizza%2C%20Pasta%20%26%20Garlic%20Bread&viewAll=department&page=,£2.15,£1.17/100g,Pizza Express Meal Deal for £12 Clubcard Price - Buy 2 Mains & 2 Sides Or Desserts,,/groceries/en-GB/products/308853072,https://digitalcontent.api.tesco.com/v2/media/ghs/215d13c3-5aa9-445a-b52b-4d604e5658d3/509d85a5-9c6a-4e23-9b17-625d7e347934.jpeg?h=225&w=225,
251327978,Tesco Arrabbiata Sauce 350G,https://www.tesco.com/groceries/en-GB/shop/fresh-food/all?department=Fresh%20Pizza%2C%20Pasta%20%26%20Garlic%20Bread&viewAll=department&page=,£1.80,£0.52/100g,,,/groceries/en-GB/products/251327978,https://digitalcontent.api.tesco.com/v2/media/ghs/085530c3-5b05-45a0-9a00-70230b5a4fc2/0a186460-470f-461a-97dc-174b289d3650.jpeg?h=225&w=225,
304411475,Tesco Plant Chef Margherita Pizza 269G,https://www.tesco.com/groceries/en-GB/shop/fresh-food/all?department=Fresh%20Pizza%2C%20Pasta%20%26%20Garlic%20Bread&viewAll=department&page=,£3.15,£1.18/100g,,,/groceries/en-GB/products/304411475,https://digitalcontent.api.tesco.com/v2/media/ghs/7cf50668-74f9-4f39-91cb-3888667703a7/d6e2b605-ff6c-4348-a79c-5a50fd68b7e4.jpeg?h=225&w=225,
304407930,Wicked Kitchen Spinach & Garlic Ravioli 250G,https://www.tesco.com/groceries/en-GB/shop/fresh-food/all?department=Fresh%20Pizza%2C%20Pasta%20%26%20Garlic%20Bread&viewAll=department&page=,£2.50,£1.00/100g,,,/groceries/en-GB/products/304407930,https://digitalcontent.api.tesco.com/v2/media/ghs/a081d37d-fcca-43b1-b86e-d5429babaa3c/b180697d-d473-49ac-9af7-fff070a03614.jpeg?h=225&w=225,
308481471,The Pizza Company The Pepperoni Party Pizza 572G,https://www.tesco.com/groceries/en-GB/shop/fresh-food/all?department=Fresh%20Pizza%2C%20Pasta%20%26%20Garlic%20Bread&viewAll=department&page=,£5.00,£0.88/100g,"The Pizza Company Meal Deal for £6 Clubcard Price - Buy 1 Pizza, 1 Side & 1 Dips Stacker",,/groceries/en-GB/products/308481471,https://digitalcontent.api.tesco.com/v2/media/ghs/e90884eb-7f96-4857-afa1-0039bb469f79/ccb0bd6f-5ce5-46bb-9b3b-959fe62b8fcb.jpeg?h=225&w=225,
286266161,Tesco Finest Cheddar Red Onion Mini Flatbreads 295G,https://www.tesco.com/groceries/en-GB/shop/fresh-food/all?department=Fresh%20Pizza%2C%20Pasta%20%26%20Garlic%20Bread&viewAll=department&page=,£2.55,£0.86/100g,Tesco Finest* Meal Deal for £6 Clubcard Price - Buy 1 Pizza & 1 Bread,,/groceries/en-GB/products/286266161,https://digitalcontent.api.tesco.com/v2/media/ghs/20ac86f7-ebd7-4ecb-bdb2-895ed4a5a491/95145d8b-3bb6-4b5a-80cb-bf23e2bc68f0.jpeg?h=225&w=225,
286264762,Tesco Garlic & Rosemary Flatbread 220G,https://www.tesco.com/groceries/en-GB/shop/fresh-food/all?department=Fresh%20Pizza%2C%20Pasta%20%26%20Garlic%20Bread&viewAll=department&page=,£1.80,£0.82/100g,,,/groceries/en-GB/products/286264762,https://digitalcontent.api.tesco.com/v2/media/ghs/7f069d39-2f9d-426b-b956-955d5193753d/a11817c2-863b-4860-bba3-981d81b11e8c.jpeg?h=225&w=225,
251328159,Tesco Beef Bolognese Sauce 350G,https://www.tesco.com/groceries/en-GB/shop/fresh-food/all?department=Fresh%20Pizza%2C%20Pasta%20%26%20Garlic%20Bread&viewAll=department&page=,£1.80,£0.52/100g,,,/groceries/en-GB/products/251328159,https://digitalcontent.api.tesco.com/v2/media/ghs/a24af28c-8db1-4165-8e19-28fe3c6c35de/fbe3eae0-bb76-4997-8b45-98a599dceb55.jpeg?h=225&w=225,
303806148,Tesco Stonebaked Chargrilled Vegetable Pizza 307G,https://www.tesco.com/groceries/en-GB/shop/fresh-food/all?department=Fresh%20Pizza%2C%20Pasta%20%26%20Garlic%20Bread&viewAll=department&page=,£3.50,£1.14/100g,£2.00 Clubcard Price,,/groceries/en-GB/products/303806148,https://digitalcontent.api.tesco.com/v2/media/ghs/4c10c176-88c1-4f1b-99e4-9a6289d5ca17/61576a1d-0a98-4b5a-adc7-e2e8b36ab886.jpeg?h=225&w=225,
304372029,Tesco Spaghetti 300G,https://www.tesco.com/groceries/en-GB/shop/fresh-food/all?department=Fresh%20Pizza%2C%20Pasta%20%26%20Garlic%20Bread&viewAll=department&page=,£1.15,£3.84/kg,,,/groceries/en-GB/products/304372029,https://digitalcontent.api.tesco.com/v2/media/ghs/d67c5de8-ce37-4c5b-821f-4a095d069a5b/0a645881-73b0-424a-b350-49ae572f2a3c.jpeg?h=225&w=225,
303806914,Pizza Co Chicken Pops 128G,https://www.tesco.com/groceries/en-GB/shop/fresh-food/all?department=Fresh%20Pizza%2C%20Pasta%20%26%20Garlic%20Bread&viewAll=department&page=,£3.00,£2.35/100g,"The Pizza Company Meal Deal for £6 Clubcard Price - Buy 1 Pizza, 1 Side & 1 Dips Stacker",,/groceries/en-GB/products/303806914,https://digitalcontent.api.tesco.com/v2/media/ghs/45ca9947-0c27-49b9-be7d-0f888ce71ace/e579aeed-c311-427d-9e61-7e587792bfe3.jpeg?h=225&w=225,
299829052,Tesco Linguine Spinach 300G,https://www.tesco.com/groceries/en-GB/shop/fresh-food/all?department=Fresh%20Pizza%2C%20Pasta%20%26%20Garlic%20Bread&viewAll=department&page=,£1.15,£3.84/kg,,,/groceries/en-GB/products/299829052,https://digitalcontent.api.tesco.com/v2/media/ghs/56cb96a2-7b72-477b-8377-c9c7331438e2/aa6656ac-763a-447a-8ff3-162ec078ac69_1302974996.jpeg?h=225&w=225,
299829524,Tesco Finest Butternut Squash & Provola Girasoli 250G,https://www.tesco.com/groceries/en-GB/shop/fresh-food/all?department=Fresh%20Pizza%2C%20Pasta%20%26%20Garlic%20Bread&viewAll=department&page=,£3.25,£13.00/kg,,,/groceries/en-GB/products/299829524,https://digitalcontent.api.tesco.com/v2/media/ghs/756b0bc5-9394-4f21-b1b6-8404ef0d51c4/4faee7ad-883c-4ca0-b876-b5b72b49a28e_43487063.jpeg?h=225&w=225,
303615472,Tesco Beef Ragu Ravioli 300G,https://www.tesco.com/groceries/en-GB/shop/fresh-food/all?department=Fresh%20Pizza%2C%20Pasta%20%26%20Garlic%20Bread&viewAll=department&page=,£1.60,£5.34/kg,£1.35 Clubcard Price,,/groceries/en-GB/products/303615472,https://digitalcontent.api.tesco.com/v2/media/ghs/8195833f-105b-41c3-9ec8-860ffbe2f6ff/a1fadc00-6297-4f37-a0a5-6a6c2f7c7bff_1833289026.jpeg?h=225&w=225,
303807055,Pizza Co Bbq Flamin Hot Garlic Herb Dip 90G,https://www.tesco.com/groceries/en-GB/shop/fresh-food/all?department=Fresh%20Pizza%2C%20Pasta%20%26%20Garlic%20Bread&viewAll=department&page=,£1.50,£1.67/100g,"The Pizza Company Meal Deal for £6 Clubcard Price - Buy 1 Pizza, 1 Side & 1 Dips Stacker",,/groceries/en-GB/products/303807055,https://digitalcontent.api.tesco.com/v2/media/ghs/76e95a07-e410-4f2a-801e-ce001bcd81d3/2dde64c1-599b-4964-9e15-13e2e1a45aba.jpeg?h=225&w=225,
293848349,Pizza Express Romana Margherita Pizza 350G,https://www.tesco.com/groceries/en-GB/shop/fresh-food/all?department=Fresh%20Pizza%2C%20Pasta%20%26%20Garlic%20Bread&viewAll=department&page=,£5.80,£1.66/100g,Pizza Express Meal Deal for £12 Clubcard Price - Buy 2 Mains & 2 Sides Or Desserts,,/groceries/en-GB/products/293848349,https://digitalcontent.api.tesco.com/v2/media/ghs/d12f921b-02bd-412a-bae2-30929cbd0720/271f3917-6d45-4500-8fc2-de035fff8eea.jpeg?h=225&w=225,
303851789,Pizza Express Romana Pollo American Pizza 375G,https://www.tesco.com/groceries/en-GB/shop/fresh-food/all?department=Fresh%20Pizza%2C%20Pasta%20%26%20Garlic%20Bread&viewAll=department&page=,£5.80,£1.55/100g,Pizza Express Meal Deal for £12 Clubcard Price - Buy 2 Mains & 2 Sides Or Desserts,,/groceries/en-GB/products/303851789,https://digitalcontent.api.tesco.com/v2/media/ghs/7b315608-2821-4520-96f6-4e9740725024/416b363a-53dd-4725-ad0e-038a253391b2.jpeg?h=225&w=225,
299829484,Tesco Finest Tomato & Burrata Ravioli 250G,https://www.tesco.com/groceries/en-GB/shop/fresh-food/all?department=Fresh%20Pizza%2C%20Pasta%20%26%20Garlic%20Bread&viewAll=department&page=,£3.25,£13.00/kg,,,/groceries/en-GB/products/299829484,https://digitalcontent.api.tesco.com/v2/media/ghs/4170805e-cc2b-428b-843a-644cf5683e79/2c8e7c3e-0080-496b-8987-aba939ef18ce.jpeg?h=225&w=225,
305976426,Pizza Express Romana Extra Thin Based Carbonara 325G,https://www.tesco.com/groceries/en-GB/shop/fresh-food/all?department=Fresh%20Pizza%2C%20Pasta%20%26%20Garlic%20Bread&viewAll=department&page=,£5.80,£1.79/100g,Pizza Express Meal Deal for £12 Clubcard Price - Buy 2 Mains & 2 Sides Or Desserts,,/groceries/en-GB/products/305976426,https://digitalcontent.api.tesco.com/v2/media/ghs/9846869d-6559-4ff1-838a-79235f019bf2/d1a70a7a-bc5e-45d6-8759-c0cfcf9bb8a9.jpeg?h=225&w=225,
299829501,Tesco Finest Porcini & Black Truffle Mezzelune 250G,https://www.tesco.com/groceries/en-GB/shop/fresh-food/all?department=Fresh%20Pizza%2C%20Pasta%20%26%20Garlic%20Bread&viewAll=department&page=,£3.25,£13.00/kg,,,/groceries/en-GB/products/299829501,https://digitalcontent.api.tesco.com/v2/media/ghs/0bc2b279-df9f-4197-bb3f-166bbf9f894b/f7b53ecb-6d3c-4d5c-9d84-b82c62157d97_1054495817.jpeg?h=225&w=225,
305961870,Tesco Finest Beef Mushroom & Red Wine Ravioli 250G,https://www.tesco.com/groceries/en-GB/shop/fresh-food/all?department=Fresh%20Pizza%2C%20Pasta%20%26%20Garlic%20Bread&viewAll=department&page=,£3.25,£13.00/kg,,,/groceries/en-GB/products/305961870,https://digitalcontent.api.tesco.com/v2/media/ghs/b1dc52cb-53be-4151-b921-bd6ff73f7df1/be9eb6ec-ebb6-453e-8344-d066105325c2_1090364395.jpeg?h=225&w=225,
312358831,Tesco Finest Vegetable Antipasti Pizza 420G,https://www.tesco.com/groceries/en-GB/shop/fresh-food/all?department=Fresh%20Pizza%2C%20Pasta%20%26%20Garlic%20Bread&viewAll=department&page=,£4.75,£1.14/100g,Tesco Finest* Meal Deal for £6 Clubcard Price - Buy 1 Pizza & 1 Bread,,/groceries/en-GB/products/312358831,https://digitalcontent.api.tesco.com/v2/media/ghs/88ccb520-5ed0-44c8-a500-24ab4965c956/425c6ed1-12e9-44c3-a4a8-fc7474bde97a.jpeg?h=225&w=225,
312569719,Nomma Italian Slow Cooked Lamb & Garlic Tortelloni 250G,https://www.tesco.com/groceries/en-GB/shop/fresh-food/all?department=Fresh%20Pizza%2C%20Pasta%20%26%20Garlic%20Bread&viewAll=department&page=,£3.80,£15.20/kg,,New,/groceries/en-GB/products/312569719,https://digitalcontent.api.tesco.com/v2/media/ghs/91181828-5b6b-4332-957d-dded0e1f3ca1/27d03b70-eac0-4f5c-b9ae-423c1e00a9a3_771768066.jpeg?h=225&w=225,
305949799,Jamie Oliver Butternut Squash Tortelloni 250G,https://www.tesco.com/groceries/en-GB/shop/fresh-food/all?department=Fresh%20Pizza%2C%20Pasta%20%26%20Garlic%20Bread&viewAll=department&page=,£2.60,£10.40/kg,,,/groceries/en-GB/products/305949799,https://digitalcontent.api.tesco.com/v2/media/ghs/ad77c9dd-4227-42e7-917a-4136eb0d64ad/37e58861-9eae-42f6-b3f3-bf987d4b8e33_928989826.jpeg?h=225&w=225,
305948541,Jamie Oliver Carbonara Tortelloni Pasta 250G,https://www.tesco.com/groceries/en-GB/shop/fresh-food/all?department=Fresh%20Pizza%2C%20Pasta%20%26%20Garlic%20Bread&viewAll=department&page=,£2.60,£10.40/kg,,,/groceries/en-GB/products/305948541,https://digitalcontent.api.tesco.com/v2/media/ghs/ff74c0cd-15d7-449c-843c-4323405b3fd4/1502e80f-96c6-4b69-85b5-f427ebba4fc8_282664886.jpeg?h=225&w=225,
308832431,Pizza Express Lasagna Classica 640G,https://www.tesco.com/groceries/en-GB/shop/fresh-food/all?department=Fresh%20Pizza%2C%20Pasta%20%26%20Garlic%20Bread&viewAll=department&page=,£6.00,£0.94/100g,Pizza Express Meal Deal for £12 Clubcard Price - Buy 2 Mains & 2 Sides Or Desserts,,/groceries/en-GB/products/308832431,https://digitalcontent.api.tesco.com/v2/media/ghs/90758426-a906-49a3-91e5-7484d652f42b/529c88a1-e741-44d5-bf12-567d49146803.jpeg?h=225&w=225,
310095107,Jamie Oliver Prosciutto Cappelletti 250G,https://www.tesco.com/groceries/en-GB/shop/fresh-food/all?department=Fresh%20Pizza%2C%20Pasta%20%26%20Garlic%20Bread&viewAll=department&page=,£2.60,£10.40/kg,,,/groceries/en-GB/products/310095107,https://digitalcontent.api.tesco.com/v2/media/ghs/952721be-6c2e-4731-8b66-d70f97e59f0e/b7c5b449-6889-4975-a19c-2f03b8d7eeab_315536786.jpeg?h=225&w=225,
312208831,Pizza Express Ham Mushroom & Mascarpone 354G,https://www.tesco.com/groceries/en-GB/shop/fresh-food/all?department=Fresh%20Pizza%2C%20Pasta%20%26%20Garlic%20Bread&viewAll=department&page=,£5.80,£1.64/100g,Pizza Express Meal Deal for £12 Clubcard Price - Buy 2 Mains & 2 Sides Or Desserts,,/groceries/en-GB/products/312208831,https://digitalcontent.api.tesco.com/v2/media/ghs/6480daa6-dad3-41e1-a35c-6b40da42db70/684cba3e-ba36-46d9-a264-2adf8c240440.jpeg?h=225&w=225,
312234459,Nomma Italian Pecorino Cheese & Truffle Sauce 300G,https://www.tesco.com/groceries/en-GB/shop/fresh-food/all?department=Fresh%20Pizza%2C%20Pasta%20%26%20Garlic%20Bread&viewAll=department&page=,£3.00,£1.00/100g,,,/groceries/en-GB/products/312234459,https://digitalcontent.api.tesco.com/v2/media/ghs/d8c9702c-f37e-4ac1-a7dd-a172b960ba3d/54c7037a-120c-4586-9fd8-4c2e9ecfa379.jpeg?h=225&w=225,
312574957,Nomma Italian Smoked Pancetta & Tomato Sauce 300G,https://www.tesco.com/groceries/en-GB/shop/fresh-food/all?department=Fresh%20Pizza%2C%20Pasta%20%26%20Garlic%20Bread&viewAll=department&page=,£3.00,£1.00/100g,,,/groceries/en-GB/products/312574957,https://digitalcontent.api.tesco.com/v2/media/ghs/9393b53c-69a3-4047-929c-5a731ae24421/fd95c50b-0a03-4de5-9d34-14acc2ebe90b.jpeg?h=225&w=225,
307736541,Jamie Oliver Spinach Gnocchi 400G,https://www.tesco.com/groceries/en-GB/shop/fresh-food/all?department=Fresh%20Pizza%2C%20Pasta%20%26%20Garlic%20Bread&viewAll=department&page=,£2.00,£5.00/kg,,,/groceries/en-GB/products/307736541,https://digitalcontent.api.tesco.com/v2/media/ghs/5ba7fd1c-f794-4a45-9780-c6b58b048b7d/a9d643cc-8944-4d4f-b982-cb42d0954d18_865297992.jpeg?h=225&w=225,
311251667,"Jamie Oliver B/Sqsh, Cheese & Chilli Sauce 200G",https://www.tesco.com/groceries/en-GB/shop/fresh-food/all?department=Fresh%20Pizza%2C%20Pasta%20%26%20Garlic%20Bread&viewAll=department&page=,£2.25,£1.13/100g,,,/groceries/en-GB/products/311251667,https://digitalcontent.api.tesco.com/v2/media/ghs/ecfaba0b-b324-47c6-858f-1cf4ccfad1bf/202e8a82-e02f-42c9-8d3d-1d89be8a3fa6_281124367.jpeg?h=225&w=225,
312352618,Nomma Italian Asparagus Pancetta & Grana Fiorelli 250G,https://www.tesco.com/groceries/en-GB/shop/fresh-food/all?department=Fresh%20Pizza%2C%20Pasta%20%26%20Garlic%20Bread&viewAll=department&page=,£3.80,£15.20/kg,,,/groceries/en-GB/products/312352618,https://digitalcontent.api.tesco.com/v2/media/ghs/2bca55ff-1b12-46cf-b590-cd250daa9048/71c374ac-db1e-42d5-9684-d1b3d0b9c385_710982977.jpeg?h=225&w=225,
304386924,The Pizza Company Classic Crust Bbq Chicken Bonanza 583G,https://www.tesco.com/groceries/en-GB/shop/fresh-food/all?department=Fresh%20Pizza%2C%20Pasta%20%26%20Garlic%20Bread&viewAll=department&page=,£5.00,£0.86/100g,"The Pizza Company Meal Deal for £6 Clubcard Price - Buy 1 Pizza, 1 Side & 1 Dips Stacker",,/groceries/en-GB/products/304386924,https://digitalcontent.api.tesco.com/v2/media/ghs/1a2659db-1aa5-4512-b701-f6fda3bfd70b/3a2e670c-d867-409b-a29a-0ca24ae41695.jpeg?h=225&w=225,
306660487,The Pizza Company Seasoned Potato Wedges 300G,https://www.tesco.com/groceries/en-GB/shop/fresh-food/all?department=Fresh%20Pizza%2C%20Pasta%20%26%20Garlic%20Bread&viewAll=department&page=,£3.00,£1.00/100g,"The Pizza Company Meal Deal for £6 Clubcard Price - Buy 1 Pizza, 1 Side & 1 Dips Stacker",,/groceries/en-GB/products/306660487,https://digitalcontent.api.tesco.com/v2/media/ghs/14f94ce5-f7d8-4503-a704-94d29c824eca/a2344a83-1133-4df3-8d05-aaf5c299fef9.jpeg?h=225&w=225,
308475006,Tesco Finest Mediterranean Inspired Vegetable Sauce 180G,https://www.tesco.com/groceries/en-GB/shop/fresh-food/all?department=Fresh%20Pizza%2C%20Pasta%20%26%20Garlic%20Bread&viewAll=department&page=,£2.60,£1.45/100g,,,/groceries/en-GB/products/308475006,https://digitalcontent.api.tesco.com/v2/media/ghs/8c00ac24-5f28-4e0b-a6ca-1c8a25342518/9c6c496d-12eb-484e-a15e-3e7c1297ec47.jpeg?h=225&w=225,
304782609,Jus-Rol Tear & Share Garlic & Herbs 340G,https://www.tesco.com/groceries/en-GB/shop/fresh-food/all?department=Fresh%20Pizza%2C%20Pasta%20%26%20Garlic%20Bread&viewAll=department&page=,£2.55,£0.75/100g,,,/groceries/en-GB/products/304782609,https://digitalcontent.api.tesco.com/v2/media/ghs/0560c71b-b76d-4da8-a035-b02d94c7a423/e8862ded-92e4-43bd-b543-ac59fecb342a_429362781.jpeg?h=225&w=225,
312365972,Pizza Express Pollo Pasta Chicken 650G,https://www.tesco.com/groceries/en-GB/shop/fresh-food/all?department=Fresh%20Pizza%2C%20Pasta%20%26%20Garlic%20Bread&viewAll=department&page=,£6.00,£0.92/100g,Pizza Express Meal Deal for £12 Clubcard Price - Buy 2 Mains & 2 Sides Or Desserts,,/groceries/en-GB/products/312365972,https://digitalcontent.api.tesco.com/v2/media/ghs/6ffa4ee2-8e07-4eb7-8163-083ee1ce2152/961cdeca-5fc5-4407-a088-62ad497bcee2.jpeg?h=225&w=225,
312097868,Pizza Company Waffle Fries 300G,https://www.tesco.com/groceries/en-GB/shop/fresh-food/all?department=Fresh%20Pizza%2C%20Pasta%20%26%20Garlic%20Bread&viewAll=department&page=,£3.00,£1.00/100g,"The Pizza Company Meal Deal for £6 Clubcard Price - Buy 1 Pizza, 1 Side & 1 Dips Stacker",,/groceries/en-GB/products/312097868,https://digitalcontent.api.tesco.com/v2/media/ghs/7e2d9220-4e6b-4e8b-88d9-23b9d966cdaa/5f513c2f-0955-47db-901d-7bde26de74b8.jpeg?h=225&w=225,
307152972,Wicked Kitchen Asparagus & Peppercorn Ravioli 250G,https://www.tesco.com/groceries/en-GB/shop/fresh-food/all?department=Fresh%20Pizza%2C%20Pasta%20%26%20Garlic%20Bread&viewAll=department&page=,£2.50,£10.00/kg,,,/groceries/en-GB/products/307152972,https://digitalcontent.api.tesco.com/v2/media/ghs/1ddf6eaa-871e-4f7c-a677-ebd7595bcaba/4e3d0c33-eeee-4b1b-b61d-44fe3f48bb15.jpeg?h=225&w=225,
312219265,The Pizza Company The Beefy Mexican Pizza 594G,https://www.tesco.com/groceries/en-GB/shop/fresh-food/all?department=Fresh%20Pizza%2C%20Pasta%20%26%20Garlic%20Bread&viewAll=department&page=,£5.00,£0.84/100g,"The Pizza Company Meal Deal for £6 Clubcard Price - Buy 1 Pizza, 1 Side & 1 Dips Stacker",,/groceries/en-GB/products/312219265,https://digitalcontent.api.tesco.com/v2/media/ghs/08a3443c-dd7a-4ad1-9fb1-ffb8cedfee32/092523cd-a168-4226-8f28-0feccc94a6d3.jpeg?h=225&w=225,
304401873,The Pizza Company Classic Crust Meat Metropolis 590G,https://www.tesco.com/groceries/en-GB/shop/fresh-food/all?department=Fresh%20Pizza%2C%20Pasta%20%26%20Garlic%20Bread&viewAll=department&page=,£5.00,£0.85/100g,"The Pizza Company Meal Deal for £6 Clubcard Price - Buy 1 Pizza, 1 Side & 1 Dips Stacker",,/groceries/en-GB/products/304401873,https://digitalcontent.api.tesco.com/v2/media/ghs/c42630ae-a2ea-4a47-99ab-feda5973b39d/6a435d1f-a999-4838-ac70-f06b3816984a.jpeg?h=225&w=225,
304377152,Tesco Plant Chef Mushroom Pizza 289G,https://www.tesco.com/groceries/en-GB/shop/fresh-food/all?department=Fresh%20Pizza%2C%20Pasta%20%26%20Garlic%20Bread&viewAll=department&page=,£3.15,£1.09/100g,,,/groceries/en-GB/products/304377152,https://digitalcontent.api.tesco.com/v2/media/ghs/8ac25bdb-50d4-4bff-abbc-7444f1a81d45/e993f3cd-3e9a-406e-8a93-5300496b3e9c.jpeg?h=225&w=225,
306652900,Pizza Company Cajun Onion Rings 300G,https://www.tesco.com/groceries/en-GB/shop/fresh-food/all?department=Fresh%20Pizza%2C%20Pasta%20%26%20Garlic%20Bread&viewAll=department&page=,£3.00,£1.00/100g,"The Pizza Company Meal Deal for £6 Clubcard Price - Buy 1 Pizza, 1 Side & 1 Dips Stacker",,/groceries/en-GB/products/306652900,https://digitalcontent.api.tesco.com/v2/media/ghs/e162980e-8db3-482e-8ad0-06f536fdfef4/7abb4c2a-3705-4b9e-b605-254191521c88.jpeg?h=225&w=225,
308827075,Pizza Express 2 Vanilla Cheesecake Slices 190G,https://www.tesco.com/groceries/en-GB/shop/fresh-food/all?department=Fresh%20Pizza%2C%20Pasta%20%26%20Garlic%20Bread&viewAll=department&page=,£3.70,£1.95/100g,Pizza Express Meal Deal for £12 Clubcard Price - Buy 2 Mains & 2 Sides Or Desserts,,/groceries/en-GB/products/308827075,https://digitalcontent.api.tesco.com/v2/media/ghs/e62b8e4b-914a-47bd-ac02-42671b7a052f/009fc005-b0f7-4ffb-bb1c-d5ad05016285.jpeg?h=225&w=225,
308842033,Pizza Express 2 Chocolate & Salted Caramel Tarts 148G,https://www.tesco.com/groceries/en-GB/shop/fresh-food/all?department=Fresh%20Pizza%2C%20Pasta%20%26%20Garlic%20Bread&viewAll=department&page=,£3.70,£2.50/100g,Pizza Express Meal Deal for £12 Clubcard Price - Buy 2 Mains & 2 Sides Or Desserts,,/groceries/en-GB/products/308842033,https://digitalcontent.api.tesco.com/v2/media/ghs/2e651131-176a-4aca-9eca-110525ad779a/cc24fd70-1690-4167-900f-cab80161ea49.jpeg?h=225&w=225,
305956829,The Pizza Company Cookie Dough Dessert 300G,https://www.tesco.com/groceries/en-GB/shop/fresh-food/all?department=Fresh%20Pizza%2C%20Pasta%20%26%20Garlic%20Bread&viewAll=department&page=,£3.00,£1.00/100g,"The Pizza Company Meal Deal for £6 Clubcard Price - Buy 1 Pizza, 1 Side & 1 Dips Stacker",,/groceries/en-GB/products/305956829,https://digitalcontent.api.tesco.com/v2/media/ghs/01f3367a-14fe-4b01-a256-a75c13b7fc28/0c418d34-6748-4129-91e6-c0e9c768ce29.jpeg?h=225&w=225,
311954144,Wicked Kitchen Doughballs With Roasted Garlic Dip 110G,https://www.tesco.com/groceries/en-GB/shop/fresh-food/all?department=Fresh%20Pizza%2C%20Pasta%20%26%20Garlic%20Bread&viewAll=department&page=,£2.15,£19.55/kg,,,/groceries/en-GB/products/311954144,https://digitalcontent.api.tesco.com/v2/media/ghs/199d4e76-0d55-4528-b47d-edb75240ac83/3fa5cd72-1ad8-44fc-a5ab-2a05b7f6d7ee.jpeg?h=225&w=225,
279899286,Tesco Finest Ham Hock Leek & Potato Gratin 400G,https://www.tesco.com/groceries/en-GB/shop/fresh-food/all?department=Ready%20Meals&viewAll=department&page=,£4.00,£10.00/kg,Any 2 for £7 Clubcard Price - Selected Tesco Finest* Ready Meals 350g - 475g,,/groceries/en-GB/products/279899286,https://digitalcontent.api.tesco.com/v2/media/ghs/f14ba2c0-6d38-4c64-84e0-21a3d3e4c58f/5538e139-bbdc-4a41-8e74-276e7cb54db5.jpeg?h=225&w=225,
279899165,Tesco Finest Cottage Pie 400G,https://www.tesco.com/groceries/en-GB/shop/fresh-food/all?department=Ready%20Meals&viewAll=department&page=,£4.00,£10.00/kg,Any 2 for £7 Clubcard Price - Selected Tesco Finest* Ready Meals 350g - 475g,,/groceries/en-GB/products/279899165,https://digitalcontent.api.tesco.com/v2/media/ghs/d1eb543f-0f03-4fa4-b705-d7ca9f89612e/567a1548-149a-4eb4-8a7d-a70b4d3703a8.jpeg?h=225&w=225,
300726005,Tesco Finest Lasagne 400G,https://www.tesco.com/groceries/en-GB/shop/fresh-food/all?department=Ready%20Meals&viewAll=department&page=,£4.00,£10.00/kg,Any 2 for £7 Clubcard Price - Selected Tesco Finest* Ready Meals 350g - 475g,,/groceries/en-GB/products/300726005,https://digitalcontent.api.tesco.com/v2/media/ghs/2017ec1d-1bae-48a7-801e-d8a52418c59d/f4208471-fc44-455e-b44c-e9e02001d6f5.jpeg?h=225&w=225,
266748693,Tesco Finest Spaghetti Carbonara 400G,https://www.tesco.com/groceries/en-GB/shop/fresh-food/all?department=Ready%20Meals&viewAll=department&page=,£4.00,£10.00/kg,Any 2 for £7 Clubcard Price - Selected Tesco Finest* Ready Meals 350g - 475g,,/groceries/en-GB/products/266748693,https://digitalcontent.api.tesco.com/v2/media/ghs/01e41681-dbf3-40d4-9945-eec980cdcedb/69fbd8f7-abd8-42e1-a928-8c14d9c27323.jpeg?h=225&w=225,
280590908,Tesco Finest Macaroni 'N' Triple Cheese 400G,https://www.tesco.com/groceries/en-GB/shop/fresh-food/all?department=Ready%20Meals&viewAll=department&page=,£4.00,£10.00/kg,Any 2 for £7 Clubcard Price - Selected Tesco Finest* Ready Meals 350g - 475g,,/groceries/en-GB/products/280590908,https://digitalcontent.api.tesco.com/v2/media/ghs/6abc07ea-8e34-465a-b24b-ead9c7a7fa7b/a573b713-2872-41f7-81f1-c3e3ceb7a09e.jpeg?h=225&w=225,
261892196,Tesco Finest Spaghetti Bolognese 400G,https://www.tesco.com/groceries/en-GB/shop/fresh-food/all?department=Ready%20Meals&viewAll=department&page=,£4.00,£10.00/kg,Any 2 for £7 Clubcard Price - Selected Tesco Finest* Ready Meals 350g - 475g,,/groceries/en-GB/products/261892196,https://digitalcontent.api.tesco.com/v2/media/ghs/8b58226e-fb7a-49a6-a18c-c7bb67a5a3cd/9febace5-5119-49e0-88ef-59a59a367de9.jpeg?h=225&w=225,
310167622,Tesco Macaroni Cheese 400G,https://www.tesco.com/groceries/en-GB/shop/fresh-food/all?department=Ready%20Meals&viewAll=department&page=,£3.00,£7.50/kg,Any 3 for £7.50 Clubcard Price - Selected Tesco Ready Meals 340g-400g,,/groceries/en-GB/products/310167622,https://digitalcontent.api.tesco.com/v2/media/ghs/b22282dc-ea3d-42d5-9d24-4c0fec5ddea6/997bfcaf-b87a-43a0-aedf-1e165f81c4db.jpeg?h=225&w=225,
255956906,Rustlers Quarter Pounder & Cheese 190G Standard,https://www.tesco.com/groceries/en-GB/shop/fresh-food/all?department=Ready%20Meals&viewAll=department&page=,£2.25,£11.85/kg,,,/groceries/en-GB/products/255956906,https://digitalcontent.api.tesco.com/v2/media/ghs/7c70ba5d-372b-4579-8484-b7361ecbfb66/5f8b6703-4e78-4c76-82b7-0d6fb74abac2.jpeg?h=225&w=225,
258137155,Tesco Finest Creamy Fish Pie 400G,https://www.tesco.com/groceries/en-GB/shop/fresh-food/all?department=Ready%20Meals&viewAll=department&page=,£4.00,£10.00/kg,Any 2 for £7 Clubcard Price - Selected Tesco Finest* Ready Meals 350g - 475g,,/groceries/en-GB/products/258137155,https://digitalcontent.api.tesco.com/v2/media/ghs/57409a42-769e-4e80-b9c7-c293e4deabf9/6c09f599-1c64-4a8b-9b15-9a4b518861f5.jpeg?h=225&w=225,
310675965,Tesco Chicken & Bacon Pasta Bake 400G,https://www.tesco.com/groceries/en-GB/shop/fresh-food/all?department=Ready%20Meals&viewAll=department&page=,£3.00,£7.50/kg,Any 3 for £7.50 Clubcard Price - Selected Tesco Ready Meals 340g-400g,,/groceries/en-GB/products/310675965,https://digitalcontent.api.tesco.com/v2/media/ghs/2f9bcfb0-874a-4b4f-b168-6680a03a7295/073fff48-dedc-48e6-a262-889f0b3dc65c.jpeg?h=225&w=225,
288441025,Tesco Finest Chicken Tikka Masala And Pilau Rice 450G,https://www.tesco.com/groceries/en-GB/shop/fresh-food/all?department=Ready%20Meals&viewAll=department&page=,£4.00,£8.89/kg,Any 2 for £7 Clubcard Price - Selected Tesco Finest* Ready Meals 350g - 475g,,/groceries/en-GB/products/288441025,https://digitalcontent.api.tesco.com/v2/media/ghs/fe316d7d-ba03-4ac0-98c3-9e62a22ac347/7187e93f-4f85-43a0-82f1-c0704d21414e.jpeg?h=225&w=225,
267266846,Tesco Finest Roast Chicken & Pancetta Bake 400G,https://www.tesco.com/groceries/en-GB/shop/fresh-food/all?department=Ready%20Meals&viewAll=department&page=,£4.00,£10.00/kg,Any 2 for £7 Clubcard Price - Selected Tesco Finest* Ready Meals 350g - 475g,,/groceries/en-GB/products/267266846,https://digitalcontent.api.tesco.com/v2/media/ghs/474a0a96-1633-4424-8cb4-9d61ebd5165f/eb627db6-51f7-4f65-823e-f1fd08f97113.jpeg?h=225&w=225,
310678812,Tesco Bangers & Mash 400G,https://www.tesco.com/groceries/en-GB/shop/fresh-food/all?department=Ready%20Meals&viewAll=department&page=,£3.00,£7.50/kg,Any 3 for £7.50 Clubcard Price - Selected Tesco Ready Meals 340g-400g,,/groceries/en-GB/products/310678812,https://digitalcontent.api.tesco.com/v2/media/ghs/e3a5dc36-512a-453a-abef-19b6f87681de/9264570e-d065-4b92-bb20-8b9c626d0412.jpeg?h=225&w=225,
310147600,Tesco Chicken Tikka Masala & Pilau Rice 400G,https://www.tesco.com/groceries/en-GB/shop/fresh-food/all?department=Ready%20Meals&viewAll=department&page=,£3.00,£7.50/kg,Any 3 for £7.50 Clubcard Price - Selected Tesco Ready Meals 340g-400g,,/groceries/en-GB/products/310147600,https://digitalcontent.api.tesco.com/v2/media/ghs/65357a9b-3686-421f-b5ab-ac0dda7884dd/29d4ed78-a4c1-467f-b8e8-a5b16e592201.jpeg?h=225&w=225,
279899292,Tesco Finest Pulled Beef & Creamy Creamy Mash 450G,https://www.tesco.com/groceries/en-GB/shop/fresh-food/all?department=Ready%20Meals&viewAll=department&page=,£4.00,£8.89/kg,Any 2 for £7 Clubcard Price - Selected Tesco Finest* Ready Meals 350g - 475g,,/groceries/en-GB/products/279899292,https://digitalcontent.api.tesco.com/v2/media/ghs/c0121851-7200-4179-ad2a-3a4400c81ff8/8bb4a046-51bd-4ec3-93b8-e65994d79aad.jpeg?h=225&w=225,
310103641,Tesco Cottage Pie 400G,https://www.tesco.com/groceries/en-GB/shop/fresh-food/all?department=Ready%20Meals&viewAll=department&page=,£3.00,£7.50/kg,Any 3 for £7.50 Clubcard Price - Selected Tesco Ready Meals 340g-400g,,/groceries/en-GB/products/310103641,https://digitalcontent.api.tesco.com/v2/media/ghs/7afa0216-7a9a-469a-954a-d31d9afcd91b/a56cde27-4189-4195-ab8e-60c0a1a9db09.jpeg?h=225&w=225,
310690468,Tesco Spaghetti Bolognese 400G,https://www.tesco.com/groceries/en-GB/shop/fresh-food/all?department=Ready%20Meals&viewAll=department&page=,£3.00,£7.50/kg,Any 3 for £7.50 Clubcard Price - Selected Tesco Ready Meals 340g-400g,,/groceries/en-GB/products/310690468,https://digitalcontent.api.tesco.com/v2/media/ghs/67e48850-fdd0-448a-8801-f0c7d8adea60/fbd4fe32-fe20-48e8-a999-81d93e5fc80a.jpeg?h=225&w=225,
310672317,Tesco Butter Chicken With Pilau Rice 400G,https://www.tesco.com/groceries/en-GB/shop/fresh-food/all?department=Ready%20Meals&viewAll=department&page=,£3.00,£7.50/kg,Any 3 for £7.50 Clubcard Price - Selected Tesco Ready Meals 340g-400g,,/groceries/en-GB/products/310672317,https://digitalcontent.api.tesco.com/v2/media/ghs/5b0197bf-7cc9-4824-b5fd-2509932eafa2/dc294968-1e9f-443e-848c-fa0c24d27265.jpeg?h=225&w=225,
310130809,Tesco Beef Lasagne 400G,https://www.tesco.com/groceries/en-GB/shop/fresh-food/all?department=Ready%20Meals&viewAll=department&page=,£3.00,£7.50/kg,Any 3 for £7.50 Clubcard Price - Selected Tesco Ready Meals 340g-400g,,/groceries/en-GB/products/310130809,https://digitalcontent.api.tesco.com/v2/media/ghs/8219752d-6ef2-4ab8-aeab-47c61a9f37fe/93714877-5c93-446c-a86b-1cb8da7ae163.jpeg?h=225&w=225,
310670861,Tesco Spaghetti Carbonara 400G,https://www.tesco.com/groceries/en-GB/shop/fresh-food/all?department=Ready%20Meals&viewAll=department&page=,£3.00,£7.50/kg,Any 3 for £7.50 Clubcard Price - Selected Tesco Ready Meals 340g-400g,,/groceries/en-GB/products/310670861,https://digitalcontent.api.tesco.com/v2/media/ghs/15af127a-feee-43cf-883b-19f4159c1a34/fa7d3925-b160-4147-a782-790fb214ac30.jpeg?h=225&w=225,
310693102,"T, Sweet & Sour Chicken & Egg Fried Rice 400G",https://www.tesco.com/groceries/en-GB/shop/fresh-food/all?department=Ready%20Meals&viewAll=department&page=,£3.00,£7.50/kg,Any 3 for £7.50 Clubcard Price - Selected Tesco Ready Meals 340g-400g,,/groceries/en-GB/products/310693102,https://digitalcontent.api.tesco.com/v2/media/ghs/3e08e4ad-59c0-40a0-83d7-d46f8007eaaf/7cb19c0e-1c6d-4c52-a1ad-94e63d8f5dd2_1414230712.jpeg?h=225&w=225,
310101447,Tesco Chicken Korma & Pilau Rice 400G,https://www.tesco.com/groceries/en-GB/shop/fresh-food/all?department=Ready%20Meals&viewAll=department&page=,£3.00,£7.50/kg,Any 3 for £7.50 Clubcard Price - Selected Tesco Ready Meals 340g-400g,,/groceries/en-GB/products/310101447,https://digitalcontent.api.tesco.com/v2/media/ghs/f25723dd-f2dc-4cef-9465-b5a6719c78b7/f3afc7e7-c81f-4f88-ace4-9acd50a89c52.jpeg?h=225&w=225,
288442341,Tesco Chicken Chow Mein 400G,https://www.tesco.com/groceries/en-GB/shop/fresh-food/all?department=Ready%20Meals&viewAll=department&page=,£3.00,£7.50/kg,Any 3 for £7.50 Clubcard Price - Selected Tesco Ready Meals 340g-400g,,/groceries/en-GB/products/288442341,https://digitalcontent.api.tesco.com/v2/media/ghs/d174682d-41ea-4b5d-8890-ff9d94a806cd/f98bc14b-4f15-45b4-aaf9-cbb16ab3e49f.jpeg?h=225&w=225,
310694458,Tesco Sweet Bbq Pulled Pork With Cheesy Mash 400G,https://www.tesco.com/groceries/en-GB/shop/fresh-food/all?department=Ready%20Meals&viewAll=department&page=,£3.00,£7.50/kg,Any 3 for £7.50 Clubcard Price - Selected Tesco Ready Meals 340g-400g,,/groceries/en-GB/products/310694458,https://digitalcontent.api.tesco.com/v2/media/ghs/2c4da53b-e85d-480e-a441-02dde729fed1/942902a9-6b41-4541-94b6-bc04feafc902.jpeg?h=225&w=225,
312361596,Tesco Breaded Cod & Chips 300G,https://www.tesco.com/groceries/en-GB/shop/fresh-food/all?department=Ready%20Meals&viewAll=department&page=,£3.00,£10.00/kg,,New,/groceries/en-GB/products/312361596,https://digitalcontent.api.tesco.com/v2/media/ghs/ee286517-5593-4364-a546-234f3393b205/9e87db99-4405-4ceb-95c9-6f17ec4dabef.jpeg?h=225&w=225,
305830841,Tesco Finest Chunky Chips 449G,https://www.tesco.com/groceries/en-GB/shop/fresh-food/all?department=Ready%20Meals&viewAll=department&page=,£2.60,£5.80/kg,"Tesco Finest* Meal Deal for £12 Clubcard Price - Buy 1 Main, 1 Side, 1 Dessert & A Drink",,/groceries/en-GB/products/305830841,https://digitalcontent.api.tesco.com/v2/media/ghs/f9de039b-6cdb-4fbd-9ee3-9d23d3f362d9/db66f273-37be-4cb7-9f58-493a948e9777.jpeg?h=225&w=225,
310659037,Tesco Beef Lasagne 750G,https://www.tesco.com/groceries/en-GB/shop/fresh-food/all?department=Ready%20Meals&viewAll=department&page=,£3.75,£5.00/kg,,,/groceries/en-GB/products/310659037,https://digitalcontent.api.tesco.com/v2/media/ghs/974e8935-c9d4-470b-aff9-91731fbe5506/0efded63-ba6a-4fe7-937e-f828495405af.jpeg?h=225&w=225,
303814806,Rustlers Southern Fried Chicken Burger 142G,https://www.tesco.com/groceries/en-GB/shop/fresh-food/all?department=Ready%20Meals&viewAll=department&page=,,,,,/groceries/en-GB/products/303814806,https://digitalcontent.api.tesco.com/v2/media/ghs/1ac25269-14db-4406-b81f-a9bfa8866e34/d6ade82f-1eac-4f69-8b9c-20a7fc0b64e8.jpeg?h=225&w=225,This product's currently out of stock
299982590,Tesco Carrot & Swede Mash 450G,https://www.tesco.com/groceries/en-GB/shop/fresh-food/all?department=Ready%20Meals&viewAll=department&page=,£1.19,£2.65/kg,Aldi Price Match,,/groceries/en-GB/products/299982590,https://digitalcontent.api.tesco.com/v2/media/ghs-mktg/b0b04216-fa73-466d-a9d7-c9fcfa1ce9b3/no-image.jpeg,
311250429,Tesco Lebanese Inspired Spicy Potatoes 250G,https://www.tesco.com/groceries/en-GB/shop/fresh-food/all?department=Ready%20Meals&viewAll=department&page=,£1.10,£0.44/100g,,New,/groceries/en-GB/products/311250429,https://digitalcontent.api.tesco.com/v2/media/ghs-mktg/b0b04216-fa73-466d-a9d7-c9fcfa1ce9b3/no-image.jpeg,
311421429,Tesco Basmati Rice With Green Lentils 250G,https://www.tesco.com/groceries/en-GB/shop/fresh-food/all?department=Ready%20Meals&viewAll=department&page=,£1.10,£0.44/100g,,New,/groceries/en-GB/products/311421429,https://digitalcontent.api.tesco.com/v2/media/ghs/744eade3-d60c-4fdd-9669-7436031a037d/75370c53-d2fe-40be-99a7-44cdf6f14db8.jpeg?h=225&w=225,
262585793,Tesco Cauliflower Cheese 600G,https://www.tesco.com/groceries/en-GB/shop/fresh-food/all?department=Ready%20Meals&viewAll=department&page=,£1.90,£3.17/kg,,,/groceries/en-GB/products/262585793,https://digitalcontent.api.tesco.com/v2/media/ghs/9fc31aea-caab-4f26-967b-d6e35208c034/e8cf2057-0cec-4fc7-b5a4-b40670cb63dd.jpeg?h=225&w=225,
258302991,Tesco Cauliflower Cheese 350G,https://www.tesco.com/groceries/en-GB/shop/fresh-food/all?department=Ready%20Meals&viewAll=department&page=,,,,,/groceries/en-GB/products/258302991,https://digitalcontent.api.tesco.com/v2/media/ghs/700cb615-a974-483b-856e-ed6435aa042f/2dd9f431-00f4-4148-b3b3-595dceefd357.jpeg?h=225&w=225,This product's currently out of stock
277418278,Tesco Mashed Potato 800G,https://www.tesco.com/groceries/en-GB/shop/fresh-food/all?department=Ready%20Meals&viewAll=department&page=,£1.30,£1.63/kg,,,/groceries/en-GB/products/277418278,https://digitalcontent.api.tesco.com/v2/media/ghs/270f50b8-fb6a-4e59-9410-75812e878650/43e15ce4-308d-4994-afbc-a796f0e971df.jpeg?h=225&w=225,
299982630,Tesco Mashed Potato 450G,https://www.tesco.com/groceries/en-GB/shop/fresh-food/all?department=Ready%20Meals&viewAll=department&page=,,,,,/groceries/en-GB/products/299982630,https://digitalcontent.api.tesco.com/v2/media/ghs/b1ce03a2-cf52-4a0b-80ba-ff399153d74b/908f7a5b-8e2f-41a9-98f4-98fe80078791.jpeg?h=225&w=225,This product's currently out of stock
279477181,Tesco Chicken Roast Dinner 400G,https://www.tesco.com/groceries/en-GB/shop/fresh-food/all?department=Ready%20Meals&viewAll=department&page=,£3.70,£9.25/kg,,,/groceries/en-GB/products/279477181,https://digitalcontent.api.tesco.com/v2/media/ghs/516ddb0f-58f4-436c-ae03-344583c218f6/772f81b6-042d-4798-acf6-9b013dfcba18.jpeg?h=225&w=225,
255222709,Tesco Finest Moussaka 350G,https://www.tesco.com/groceries/en-GB/shop/fresh-food/all?department=Ready%20Meals&viewAll=department&page=,£4.00,£11.43/kg,Any 2 for £7 Clubcard Price - Selected Tesco Finest* Ready Meals 350g - 475g,,/groceries/en-GB/products/255222709,https://digitalcontent.api.tesco.com/v2/media/ghs/36a56a2e-4896-49e1-be22-c8a5b17ca5f1/6956acc3-88e5-4a6b-909c-c6a161cd5747.jpeg?h=225&w=225,
299982698,Tesco Finest Creamy Mash 450G,https://www.tesco.com/groceries/en-GB/shop/fresh-food/all?department=Ready%20Meals&viewAll=department&page=,£2.60,£5.78/kg,,,/groceries/en-GB/products/299982698,https://digitalcontent.api.tesco.com/v2/media/ghs/18a91777-1e08-4382-af11-230d696d2f6f/3a58646b-08ad-477a-a4b0-388925c9e25b.jpeg?h=225&w=225,
282997603,Rustlers Bbq Pork Rib Sandwich 157G,https://www.tesco.com/groceries/en-GB/shop/fresh-food/all?department=Ready%20Meals&viewAll=department&page=,£2.15,£13.70/kg,,,/groceries/en-GB/products/282997603,https://digitalcontent.api.tesco.com/v2/media/ghs/4cceeb97-2f30-46cd-ad7a-f9cc0dd4fa66/851eba45-0b78-4f5c-81d4-70599c11a420.jpeg?h=225&w=225,
285331903,Tesco Toad In The Hole 340G,https://www.tesco.com/groceries/en-GB/shop/fresh-food/all?department=Ready%20Meals&viewAll=department&page=,£3.00,£8.83/kg,Any 3 for £7.50 Clubcard Price - Selected Tesco Ready Meals 340g-400g,,/groceries/en-GB/products/285331903,https://digitalcontent.api.tesco.com/v2/media/ghs/672f87fa-f7e6-4274-a7dc-d7b365944e9b/f4809ab9-ae4c-4a45-96d4-24672a2e3443.jpeg?h=225&w=225,
275142629,Tesco Beef Lasagne 1.5Kg,https://www.tesco.com/groceries/en-GB/shop/fresh-food/all?department=Ready%20Meals&viewAll=department&page=,£6.45,£4.30/kg,,,/groceries/en-GB/products/275142629,https://digitalcontent.api.tesco.com/v2/media/ghs/01f4a934-9638-4079-90bd-6eb535c1c837/f4b56a00-1b10-4fce-a675-1aa738166643.jpeg?h=225&w=225,
282487464,Tesco Finest Beef Lasagne 700G,https://www.tesco.com/groceries/en-GB/shop/fresh-food/all?department=Ready%20Meals&viewAll=department&page=,£6.00,£8.58/kg,"Tesco Finest* Meal Deal for £12 Clubcard Price - Buy 1 Main, 1 Side, 1 Dessert & A Drink",,/groceries/en-GB/products/282487464,https://digitalcontent.api.tesco.com/v2/media/ghs/065a3c41-bb1d-4938-b0ab-82fdef82fd00/965f4142-c1bc-4462-8455-587f077cbec6.jpeg?h=225&w=225,
312091546,Tesco Finest Chicken Prawn & Chorizo Paella 400G,https://www.tesco.com/groceries/en-GB/shop/fresh-food/all?department=Ready%20Meals&viewAll=department&page=,£4.00,£10.00/kg,Any 2 for £7 Clubcard Price - Selected Tesco Finest* Ready Meals 350g - 475g,,/groceries/en-GB/products/312091546,https://digitalcontent.api.tesco.com/v2/media/ghs/23580e29-9e09-4739-af18-98198a91bb16/8894741e-b08f-48ee-b958-1b9197192d3c.jpeg?h=225&w=225,
310111280,Tesco Ham & Mushroom Tagliatelle 400G,https://www.tesco.com/groceries/en-GB/shop/fresh-food/all?department=Ready%20Meals&viewAll=department&page=,£3.00,£7.50/kg,Any 3 for £7.50 Clubcard Price - Selected Tesco Ready Meals 340g-400g,,/groceries/en-GB/products/310111280,https://digitalcontent.api.tesco.com/v2/media/ghs/c8994aa7-0749-47b0-a2ec-03c01ee56939/cb6558d1-ef6f-4961-9cb7-d8b435c48121.jpeg?h=225&w=225,
279899096,Tesco Finest Shepherds Pie 400G,https://www.tesco.com/groceries/en-GB/shop/fresh-food/all?department=Ready%20Meals&viewAll=department&page=,£4.00,£10.00/kg,Any 2 for £7 Clubcard Price - Selected Tesco Finest* Ready Meals 350g - 475g,,/groceries/en-GB/products/279899096,https://digitalcontent.api.tesco.com/v2/media/ghs/72f46b69-be08-4277-8b3c-1ab46b66c013/0b9b7c7f-a3dd-4da1-897a-84f610f68b11.jpeg?h=225&w=225,
310132744,Tesco Cumberland Pie 400G,https://www.tesco.com/groceries/en-GB/shop/fresh-food/all?department=Ready%20Meals&viewAll=department&page=,£3.00,£7.50/kg,Any 3 for £7.50 Clubcard Price - Selected Tesco Ready Meals 340g-400g,,/groceries/en-GB/products/310132744,,
310094333,Tesco Pepperoni Pasta Bake 400G,https://www.tesco.com/groceries/en-GB/shop/fresh-food/all?department=Ready%20Meals&viewAll=department&page=,£3.00,£7.50/kg,Any 3 for £7.50 Clubcard Price - Selected Tesco Ready Meals 340g-400g,,/groceries/en-GB/products/310094333,,
297661367,Tesco Finest Red Chicken Curry & Coconut Jasmine Rice 440G,https://www.tesco.com/groceries/en-GB/shop/fresh-food/all?department=Ready%20Meals&viewAll=department&page=,£4.00,£9.10/kg,Any 2 for £7 Clubcard Price - Selected Tesco Finest* Ready Meals 350g - 475g,,/groceries/en-GB/products/297661367,,
310109145,Tesco Tomato & Mozzarella Pasta Bake 400G,https://www.tesco.com/groceries/en-GB/shop/fresh-food/all?department=Ready%20Meals&viewAll=department&page=,£3.00,£7.50/kg,Any 3 for £7.50 Clubcard Price - Selected Tesco Ready Meals 340g-400g,,/groceries/en-GB/products/310109145,https://digitalcontent.api.tesco.com/v2/media/ghs/e8521310-8528-40bc-9dfe-260310e5fa8e/ff31a5cc-65a6-4e6d-aeb5-5e47768b8501.jpeg?h=225&w=225,
310122514,Tesco Chicken Jalfrezi & Pilau Rice 400G,https://www.tesco.com/groceries/en-GB/shop/fresh-food/all?department=Ready%20Meals&viewAll=department&page=,£3.00,£7.50/kg,Any 3 for £7.50 Clubcard Price - Selected Tesco Ready Meals 340g-400g,,/groceries/en-GB/products/310122514,https://digitalcontent.api.tesco.com/v2/media/ghs/21b723c0-38ec-445f-b317-e44d4a2731b6/dd1807b0-36ab-4e83-9a27-8ae0537e9f97.jpeg?h=225&w=225,
273927062,Tesco Indian Onion Bhajis 294G,https://www.tesco.com/groceries/en-GB/shop/fresh-food/all?department=Ready%20Meals&viewAll=department&page=,£2.15,£7.32/kg,,,/groceries/en-GB/products/273927062,https://digitalcontent.api.tesco.com/v2/media/ghs/54965bfd-a6ca-4693-afa7-3446d4284936/82b2eecd-a1fc-40e4-9da6-fdde42b3682b.jpeg?h=225&w=225,
310675723,Tesco Braised Beef & Mash 400G,https://www.tesco.com/groceries/en-GB/shop/fresh-food/all?department=Ready%20Meals&viewAll=department&page=,£3.00,£7.50/kg,Any 3 for £7.50 Clubcard Price - Selected Tesco Ready Meals 340g-400g,,/groceries/en-GB/products/310675723,https://digitalcontent.api.tesco.com/v2/media/ghs/a4a2a4ff-cd29-4449-92b4-b869a6013c18/68b5e540-5621-4e97-885d-d406b01cfa1b.jpeg?h=225&w=225,
279476130,Tesco Roast Beef Dinner 400G,https://www.tesco.com/groceries/en-GB/shop/fresh-food/all?department=Ready%20Meals&viewAll=department&page=,£3.70,£9.25/kg,,,/groceries/en-GB/products/279476130,https://digitalcontent.api.tesco.com/v2/media/ghs/c0c09af1-259e-40a4-bc87-b54e84d5b3c2/9f83ac1d-c542-4d33-bb53-83ea7f6f8a64.jpeg?h=225&w=225,
264744337,Tesco Finest Steak Ragu Pappardelle 400G,https://www.tesco.com/groceries/en-GB/shop/fresh-food/all?department=Ready%20Meals&viewAll=department&page=,£4.00,£10.00/kg,Any 2 for £7 Clubcard Price - Selected Tesco Finest* Ready Meals 350g - 475g,,/groceries/en-GB/products/264744337,https://digitalcontent.api.tesco.com/v2/media/ghs/9ed34736-3f69-4ddd-b4ae-65aa5e275f72/594839ad-0e1d-4bdc-bad0-6aa64c8957d0.jpeg?h=225&w=225,
310157951,Tesco Fish Pie 400G,https://www.tesco.com/groceries/en-GB/shop/fresh-food/all?department=Ready%20Meals&viewAll=department&page=,£3.00,£7.50/kg,Any 3 for £7.50 Clubcard Price - Selected Tesco Ready Meals 340g-400g,,/groceries/en-GB/products/310157951,https://digitalcontent.api.tesco.com/v2/media/ghs/64496d01-2561-45dd-a1e2-2dad2c295d56/01e529bd-72ac-468a-b3d3-2ac6b2a8194c.jpeg?h=225&w=225,
310191304,Tesco Shepherd's Pie 400G,https://www.tesco.com/groceries/en-GB/shop/fresh-food/all?department=Ready%20Meals&viewAll=department&page=,£3.00,£7.50/kg,Any 3 for £7.50 Clubcard Price - Selected Tesco Ready Meals 340g-400g,,/groceries/en-GB/products/310191304,https://digitalcontent.api.tesco.com/v2/media/ghs/8099a79e-67d6-4a66-8903-7f9c5de46d1f/059c6110-90df-40f6-b6fc-5c89791fae3a.jpeg?h=225&w=225,
310672922,Tesco Thai Green Chicken Curry & Jasmine Rice 400G,https://www.tesco.com/groceries/en-GB/shop/fresh-food/all?department=Ready%20Meals&viewAll=department&page=,£3.00,£7.50/kg,Any 3 for £7.50 Clubcard Price - Selected Tesco Ready Meals 340g-400g,,/groceries/en-GB/products/310672922,https://digitalcontent.api.tesco.com/v2/media/ghs/2269e222-b944-4f02-9973-1492e18ddba1/d4ee6d18-f0dc-46a5-ae73-16b4033ff117.jpeg?h=225&w=225,
299982617,Tesco Cheddar Mash 450G,https://www.tesco.com/groceries/en-GB/shop/fresh-food/all?department=Ready%20Meals&viewAll=department&page=,£1.50,£3.34/kg,,,/groceries/en-GB/products/299982617,https://digitalcontent.api.tesco.com/v2/media/ghs/6aaa4129-9d28-4f76-8685-99175e8a09b3/dbd3a312-a9e3-459f-86c1-57286646cab6.jpeg?h=225&w=225,
305831022,Tesco 4 Vegetable Samosas 216G,https://www.tesco.com/groceries/en-GB/shop/fresh-food/all?department=Ready%20Meals&viewAll=department&page=,£2.15,£9.96/kg,,,/groceries/en-GB/products/305831022,https://digitalcontent.api.tesco.com/v2/media/ghs/a83836d2-4cbc-4050-970d-08a14accba13/8fbd1828-037b-4e72-9106-13710b75ecdb.jpeg?h=225&w=225,
268798508,Tesco Finest Beef Chianti & Rosemary Potatoes 450G,https://www.tesco.com/groceries/en-GB/shop/fresh-food/all?department=Ready%20Meals&viewAll=department&page=,£4.00,£8.89/kg,Any 2 for £7 Clubcard Price - Selected Tesco Finest* Ready Meals 350g - 475g,,/groceries/en-GB/products/268798508,https://digitalcontent.api.tesco.com/v2/media/ghs/822b84d4-b77d-459d-8399-be7bce19bd67/c5a4e488-9ad5-45d7-88ca-985f1988f117.jpeg?h=225&w=225,
256236588,Tesco Indian Naan Breads 320G,https://www.tesco.com/groceries/en-GB/shop/fresh-food/all?department=Ready%20Meals&viewAll=department&page=,£1.20,£0.38/100g,,,/groceries/en-GB/products/256236588,https://digitalcontent.api.tesco.com/v2/media/ghs/add13d32-ac6c-4540-9bcd-24af7ac2ef8e/860bda99-4e3f-44d6-a55b-1625be412e6e.jpeg?h=225&w=225,
303287156,Wine Route Chilean Merlot 75Cl,https://www.tesco.com/groceries/en-GB/shop/fresh-food/all?department=Ready%20Meals&viewAll=department&page=,£7.00,£7.00/75cl,"Tesco Finest* Meal Deal for £12 Clubcard Price - Buy 1 Main, 1 Side, 1 Dessert & A Drink",,/groceries/en-GB/products/303287156,https://digitalcontent.api.tesco.com/v2/media/ghs/1defdd79-0420-4ffb-badb-57712cff3fbd/bba7b404-5ea7-459d-8c26-4b5ea3fc850f_90222290.jpeg?h=225&w=225,
265216881,Tesco 4 Vegetable Spring Rolls 240G,https://www.tesco.com/groceries/en-GB/shop/fresh-food/all?department=Ready%20Meals&viewAll=department&page=,£2.00,£8.34/kg,£1.75 Clubcard Price,,/groceries/en-GB/products/265216881,https://digitalcontent.api.tesco.com/v2/media/ghs/3507096c-9fd2-4d98-9461-3af703893617/fab9f4bd-fe48-4b7b-a999-cb587d5ae94e.jpeg?h=225&w=225,
310178275,Tesco Minced Lamb Hotpot 400G,https://www.tesco.com/groceries/en-GB/shop/fresh-food/all?department=Ready%20Meals&viewAll=department&page=,£3.00,£7.50/kg,Any 3 for £7.50 Clubcard Price - Selected Tesco Ready Meals 340g-400g,,/groceries/en-GB/products/310178275,https://digitalcontent.api.tesco.com/v2/media/ghs/b614b927-618b-4679-b248-686996cca1f8/1aaf6bf4-a2de-4718-93e4-83096a0a2fb6.jpeg?h=225&w=225,
310661336,Tesco Chicken Casserole & Dumplings 400G,https://www.tesco.com/groceries/en-GB/shop/fresh-food/all?department=Ready%20Meals&viewAll=department&page=,£3.00,£7.50/kg,Any 3 for £7.50 Clubcard Price - Selected Tesco Ready Meals 340g-400g,,/groceries/en-GB/products/310661336,https://digitalcontent.api.tesco.com/v2/media/ghs/cf868313-920b-4c26-8b77-e6a580f291ca/26340d07-6a93-44d2-b25b-6503d8591952.jpeg?h=225&w=225,
312083533,Tesco Chicken & Black Bean Meal For One 500G,https://www.tesco.com/groceries/en-GB/shop/fresh-food/all?department=Ready%20Meals&viewAll=department&page=,£3.75,£7.50/kg,£2.75 Clubcard Price,,/groceries/en-GB/products/312083533,https://digitalcontent.api.tesco.com/v2/media/ghs/f25c854a-6a79-4a82-bb36-0fd3f43b6f04/d30c78db-42c2-4346-a521-1cb3f38d59cb.jpeg?h=225&w=225,
313002329,Tesco Finest Meal Deal Potato Dauphinoise 400G,https://www.tesco.com/groceries/en-GB/shop/fresh-food/all?department=Ready%20Meals&viewAll=department&page=,£2.60,£6.50/kg,"Tesco Finest* Meal Deal for £12 Clubcard Price - Buy 1 Main, 1 Side, 1 Dessert & A Drink",,/groceries/en-GB/products/313002329,https://digitalcontent.api.tesco.com/v2/media/ghs/bb925a37-3f6d-4f70-a83d-847295703d47/56101492-3117-46b3-9d01-8c797bbf1052.jpeg?h=225&w=225,
279899257,Tesco Finest Beef Stroganoff With Rice 450G,https://www.tesco.com/groceries/en-GB/shop/fresh-food/all?department=Ready%20Meals&viewAll=department&page=,£4.00,£8.89/kg,Any 2 for £7 Clubcard Price - Selected Tesco Finest* Ready Meals 350g - 475g,,/groceries/en-GB/products/279899257,https://digitalcontent.api.tesco.com/v2/media/ghs/a24c9047-ab53-47ef-bf44-f968ba5d617c/28816269-1849-4981-bb83-58766674b999.jpeg?h=225&w=225,
310125387,Tesco Creamy Mustard Chicken With Potato & Onion Hash 400G,https://www.tesco.com/groceries/en-GB/shop/fresh-food/all?department=Ready%20Meals&viewAll=department&page=,£3.00,£7.50/kg,Any 3 for £7.50 Clubcard Price - Selected Tesco Ready Meals 340g-400g,,/groceries/en-GB/products/310125387,https://digitalcontent.api.tesco.com/v2/media/ghs/428314d0-5ce1-436c-9c85-bbfc0d4718ee/fe19ec40-c3de-43b8-81b8-89a7f86ef529.jpeg?h=225&w=225,
299443064,Tesco Broccoli Cheese 350G,https://www.tesco.com/groceries/en-GB/shop/fresh-food/all?department=Ready%20Meals&viewAll=department&page=,£1.50,£4.29/kg,,,/groceries/en-GB/products/299443064,https://digitalcontent.api.tesco.com/v2/media/ghs/8544a1ac-c5d8-4034-abb0-2e99f0a9f9bb/67da4769-c047-40e6-bf62-ecad29e3d775.jpeg?h=225&w=225,
275491768,Tesco Finest Lancashire Hot Pot 400G,https://www.tesco.com/groceries/en-GB/shop/fresh-food/all?department=Ready%20Meals&viewAll=department&page=,£4.00,£10.00/kg,Any 2 for £7 Clubcard Price - Selected Tesco Finest* Ready Meals 350g - 475g,,/groceries/en-GB/products/275491768,https://digitalcontent.api.tesco.com/v2/media/ghs/9f1c3b8b-aab3-4898-9d82-817704ba91fb/b36df1c8-455e-44cf-a2ff-e7a4bc9cc02d.jpeg?h=225&w=225,
299818290,Tesco Calorie Controlled Cod Mornay With Mash & Peas 380G,https://www.tesco.com/groceries/en-GB/shop/fresh-food/all?department=Ready%20Meals&viewAll=department&page=,£3.00,£7.90/kg,Any 3 for £7.50 Clubcard Price - Selected Tesco Ready Meals 340g-400g,,/groceries/en-GB/products/299818290,https://digitalcontent.api.tesco.com/v2/media/ghs/a49d66dd-ce88-41c2-ab3c-df5caff162d2/cdd09822-014c-44a7-b048-3607fca856bf.jpeg?h=225&w=225,
297662350,Tesco 4 Duck Spring Roll Rolls 200G,https://www.tesco.com/groceries/en-GB/shop/fresh-food/all?department=Ready%20Meals&viewAll=department&page=,£2.00,£10.00/kg,£1.75 Clubcard Price,,/groceries/en-GB/products/297662350,https://digitalcontent.api.tesco.com/v2/media/ghs/5151fe71-2624-475a-8713-d4a1cbd26624/c5fbf9e5-39cc-444a-85e4-0baa3e4e8e5f.jpeg?h=225&w=225,
253141802,Rustlers Hot Dog 146G,https://www.tesco.com/groceries/en-GB/shop/fresh-food/all?department=Ready%20Meals&viewAll=department&page=,,,,,/groceries/en-GB/products/253141802,https://digitalcontent.api.tesco.com/v2/media/ghs/b7a76cf8-24da-458f-b85a-9eca038d7535/e5c20cd8-5d1c-4b2a-8e65-606ffe6d0923.jpeg?h=225&w=225,This product's currently out of stock
291242061,Charlie Bigham's Lasagne 690G,https://www.tesco.com/groceries/en-GB/shop/fresh-food/all?department=Ready%20Meals&viewAll=department&page=,£8.95,£12.98/kg,£7.50 Clubcard Price,,/groceries/en-GB/products/291242061,https://digitalcontent.api.tesco.com/v2/media/ghs/4bc6e09a-c31a-4349-b9fe-f5b0cc18dc20/41a34757-8416-4d3d-9879-761c82135096.jpeg?h=225&w=225,
274419114,Rustlers Double Decker Cheese Burger 237G,https://www.tesco.com/groceries/en-GB/shop/fresh-food/all?department=Ready%20Meals&viewAll=department&page=,£2.75,£11.61/kg,,,/groceries/en-GB/products/274419114,https://digitalcontent.api.tesco.com/v2/media/ghs/a30b5b00-cf19-4481-811a-8377ea181a57/5cc23453-4814-48ed-abfd-142efe454e2c.jpeg?h=225&w=225,
256638815,Tesco 2 X Baked Potatoes With Cheese 450G,https://www.tesco.com/groceries/en-GB/shop/fresh-food/all?department=Ready%20Meals&viewAll=department&page=,£2.50,£5.56/kg,,,/groceries/en-GB/products/256638815,https://digitalcontent.api.tesco.com/v2/media/ghs/8dc2821f-a790-4ccb-805c-da6708d601e4/77be3337-75c3-4dae-9d95-0b09d7a118dc.jpeg?h=225&w=225,
310691450,Tesco Spinach & Ricotta Cannelloni 400G,https://www.tesco.com/groceries/en-GB/shop/fresh-food/all?department=Ready%20Meals&viewAll=department&page=,£3.00,£7.50/kg,Any 3 for £7.50 Clubcard Price - Selected Tesco Ready Meals 340g-400g,,/groceries/en-GB/products/310691450,https://digitalcontent.api.tesco.com/v2/media/ghs/745879e0-16e4-4668-bd8b-ab3c144fe00b/03b9d0b6-84e2-457c-89e1-f8062c4af07b.jpeg?h=225&w=225,
309772684,Tesco Finest King Prawn Linguine 400G,https://www.tesco.com/groceries/en-GB/shop/fresh-food/all?department=Ready%20Meals&viewAll=department&page=,£4.00,£10.00/kg,Any 2 for £7 Clubcard Price - Selected Tesco Finest* Ready Meals 350g - 475g,,/groceries/en-GB/products/309772684,https://digitalcontent.api.tesco.com/v2/media/ghs/8ba1c04e-79d7-45be-9e11-2ae7b758109a/1391abc7-fef4-470c-9be4-daa7af0680f1.jpeg?h=225&w=225,
288441083,Tesco Finest Chicken Jalfrezi And Rice 450G,https://www.tesco.com/groceries/en-GB/shop/fresh-food/all?department=Ready%20Meals&viewAll=department&page=,£4.00,£8.89/kg,Any 2 for £7 Clubcard Price - Selected Tesco Finest* Ready Meals 350g - 475g,,/groceries/en-GB/products/288441083,https://digitalcontent.api.tesco.com/v2/media/ghs/5535ff8f-94a4-49d4-b746-4e364ffe9ef6/66fc6f5f-0759-4aae-af7a-3a4f6a90d9e1.jpeg?h=225&w=225,
312100065,Tesco Finest Sweet & Sour Chicken & Egg Fried Rice 400G,https://www.tesco.com/groceries/en-GB/shop/fresh-food/all?department=Ready%20Meals&viewAll=department&page=,£4.00,£10.00/kg,Any 2 for £7 Clubcard Price - Selected Tesco Finest* Ready Meals 350g - 475g,,/groceries/en-GB/products/312100065,https://digitalcontent.api.tesco.com/v2/media/ghs/797c28c6-808a-47f7-a356-4da4d866ecce/4c22bdd8-b724-464d-94ff-751d3085d4f7.jpeg?h=225&w=225,
310665326,Tesco Vegetable Lasagne 400G,https://www.tesco.com/groceries/en-GB/shop/fresh-food/all?department=Ready%20Meals&viewAll=department&page=,£3.00,£7.50/kg,Any 3 for £7.50 Clubcard Price - Selected Tesco Ready Meals 340g-400g,,/groceries/en-GB/products/310665326,https://digitalcontent.api.tesco.com/v2/media/ghs/73dcde56-2422-4ddb-b4d6-9a71acc90ca7/10dc1b87-bf7b-4a59-9c96-c80abb326e57.jpeg?h=225&w=225,
310167616,Tesco Liver & Bacon 400G,https://www.tesco.com/groceries/en-GB/shop/fresh-food/all?department=Ready%20Meals&viewAll=department&page=,£3.00,£7.50/kg,Any 3 for £7.50 Clubcard Price - Selected Tesco Ready Meals 340g-400g,,/groceries/en-GB/products/310167616,https://digitalcontent.api.tesco.com/v2/media/ghs/7d606973-433f-4402-b8d1-df7a75b6049d/ea865224-21a2-4c1e-a341-0ad219a070b0.jpeg?h=225&w=225,
286999255,Annabel Karmel Mild Chicken Tikka And Rice 200G,https://www.tesco.com/groceries/en-GB/shop/fresh-food/all?department=Ready%20Meals&viewAll=department&page=,£2.60,£13.00/kg,,,/groceries/en-GB/products/286999255,https://digitalcontent.api.tesco.com/v2/media/ghs/3f2e10c2-0b29-4f6f-8640-7f5a234c8fb0/3a2ec6b9-1b7b-4990-8404-8e88af016c73.jpeg?h=225&w=225,
297661661,Tesco Finest Thai Inspired Green Chicken Curry 410G,https://www.tesco.com/groceries/en-GB/shop/fresh-food/all?department=Ready%20Meals&viewAll=department&page=,£4.00,£9.76/kg,Any 2 for £7 Clubcard Price - Selected Tesco Finest* Ready Meals 350g - 475g,,/groceries/en-GB/products/297661661,https://digitalcontent.api.tesco.com/v2/media/ghs/f5e1fc04-401c-4b07-af46-77b03228f30a/d01cc8ac-e206-4208-990d-2c953f16a30e.jpeg?h=225&w=225,
310187877,Tesco Tuna Pasta Bake 400G,https://www.tesco.com/groceries/en-GB/shop/fresh-food/all?department=Ready%20Meals&viewAll=department&page=,£3.00,£7.50/kg,Any 3 for £7.50 Clubcard Price - Selected Tesco Ready Meals 340g-400g,,/groceries/en-GB/products/310187877,https://digitalcontent.api.tesco.com/v2/media/ghs/b4deece9-a60e-4e0b-891f-60461b1cf74b/5cf6c312-644f-4c76-a52f-a311ab469673.jpeg?h=225&w=225,
288440965,Tesco Finest Chicken Korma With Pilau Rice 450G,https://www.tesco.com/groceries/en-GB/shop/fresh-food/all?department=Ready%20Meals&viewAll=department&page=,£4.00,£8.89/kg,Any 2 for £7 Clubcard Price - Selected Tesco Finest* Ready Meals 350g - 475g,,/groceries/en-GB/products/288440965,https://digitalcontent.api.tesco.com/v2/media/ghs/a72e1919-f6f6-4d8c-935e-f21f7be6d823/93e1cba6-6e20-4441-82c4-14beb75d0615_354016882.jpeg?h=225&w=225,
310115402,"Tesco Liver, Bacon & Mash 400G",https://www.tesco.com/groceries/en-GB/shop/fresh-food/all?department=Ready%20Meals&viewAll=department&page=,£3.00,£7.50/kg,Any 3 for £7.50 Clubcard Price - Selected Tesco Ready Meals 340g-400g,,/groceries/en-GB/products/310115402,https://digitalcontent.api.tesco.com/v2/media/ghs/ab407cd9-32a8-4956-9d1d-4b19213eaca8/13faa6b2-b755-4a1b-aa43-d7cdae94fe5a.jpeg?h=225&w=225,
268511526,Rustlers Cheese Burger Twin Pack 280G,https://www.tesco.com/groceries/en-GB/shop/fresh-food/all?department=Ready%20Meals&viewAll=department&page=,£2.50,£8.93/kg,,,/groceries/en-GB/products/268511526,https://digitalcontent.api.tesco.com/v2/media/ghs/ad57ad75-00e9-4796-8f3d-291821eb64bd/04f6865b-5b1c-4333-a40f-eb3dac40cbd6.jpeg?h=225&w=225,
310660887,Tesco Spaghetti & Meatballs 400G,https://www.tesco.com/groceries/en-GB/shop/fresh-food/all?department=Ready%20Meals&viewAll=department&page=,£3.00,£7.50/kg,Any 3 for £7.50 Clubcard Price - Selected Tesco Ready Meals 340g-400g,,/groceries/en-GB/products/310660887,https://digitalcontent.api.tesco.com/v2/media/ghs/66b11180-a355-4fd6-9dc1-99ce377ecfc1/c7eed29c-9609-4fb5-828c-b657689d27ff.jpeg?h=225&w=225,
299982652,Tesco Finest Creamy Mash Meal Deal 450G,https://www.tesco.com/groceries/en-GB/shop/fresh-food/all?department=Ready%20Meals&viewAll=department&page=,£2.60,£5.78/kg,"Tesco Finest* Meal Deal for £12 Clubcard Price - Buy 1 Main, 1 Side, 1 Dessert & A Drink",,/groceries/en-GB/products/299982652,https://digitalcontent.api.tesco.com/v2/media/ghs/0411cd79-5d66-41fa-8c31-e8fb192d073d/7c5d64eb-287d-4c44-b80b-692e410d29c9.jpeg?h=225&w=225,
302411530,Tesco 12 Indian Selection 320G,https://www.tesco.com/groceries/en-GB/shop/fresh-food/all?department=Ready%20Meals&viewAll=department&page=,£2.90,£9.07/kg,,,/groceries/en-GB/products/302411530,https://digitalcontent.api.tesco.com/v2/media/ghs/8034ca73-1648-46a9-b11a-eeeddf9a033b/784cff3e-a47e-42f7-a644-f3e48b161387.jpeg?h=225&w=225,
273968479,Tesco Finest Chicken In A White Wine Sauce With Leeks 400G,https://www.tesco.com/groceries/en-GB/shop/fresh-food/all?department=Ready%20Meals&viewAll=department&page=,£6.00,£15.00/kg,"Tesco Finest* Meal Deal for £12 Clubcard Price - Buy 1 Main, 1 Side, 1 Dessert & A Drink",,/groceries/en-GB/products/273968479,https://digitalcontent.api.tesco.com/v2/media/ghs/70864c43-863b-4099-9a99-74c7abe69502/0a923a78-d038-46d3-b25d-0c60470215e8.jpeg?h=225&w=225,
294083203,Tesco Red Cabbage & Apple 300G,https://www.tesco.com/groceries/en-GB/shop/fresh-food/all?department=Ready%20Meals&viewAll=department&page=,£2.00,£6.67/kg,,,/groceries/en-GB/products/294083203,https://digitalcontent.api.tesco.com/v2/media/ghs/33ca06e8-572f-4ce5-975d-b13ec4706b3c/270d6e79-5a72-4bdb-830a-99d54ce39663.jpeg?h=225&w=225,
310137998,Tesco Ham Hock In Mustard Sauce 400G,https://www.tesco.com/groceries/en-GB/shop/fresh-food/all?department=Ready%20Meals&viewAll=department&page=,£3.00,£7.50/kg,Any 3 for £7.50 Clubcard Price - Selected Tesco Ready Meals 340g-400g,,/groceries/en-GB/products/310137998,https://digitalcontent.api.tesco.com/v2/media/ghs/247e965d-5f2b-423a-b9df-02bc04e6f95b/86f65fd8-ade8-49f3-a458-5af7ea2ae73d.jpeg?h=225&w=225,
299818210,Tesco Calorie Controlled Chicken In Mushroom Sauce 370G,https://www.tesco.com/groceries/en-GB/shop/fresh-food/all?department=Ready%20Meals&viewAll=department&page=,£3.00,£8.11/kg,Any 3 for £7.50 Clubcard Price - Selected Tesco Ready Meals 340g-400g,,/groceries/en-GB/products/299818210,,
310118785,Tesco Chicken & Bacon Pasta Bake 750G,https://www.tesco.com/groceries/en-GB/shop/fresh-food/all?department=Ready%20Meals&viewAll=department&page=,£3.75,£5.00/kg,,,/groceries/en-GB/products/310118785,https://digitalcontent.api.tesco.com/v2/media/ghs/0b7208ce-7240-4bf3-ac65-4273c7250bbf/01004d56-b9ec-4c04-aad1-b49bc7c7d44a.jpeg?h=225&w=225,
293944650,Tesco Chicken Tikka Biryani 400G,https://www.tesco.com/groceries/en-GB/shop/fresh-food/all?department=Ready%20Meals&viewAll=department&page=,£3.00,£7.50/kg,Any 3 for £7.50 Clubcard Price - Selected Tesco Ready Meals 340g-400g,,/groceries/en-GB/products/293944650,https://digitalcontent.api.tesco.com/v2/media/ghs/dacf326d-3e63-4ef8-b6f0-b7e513f9e8aa/1cf58d5a-1705-421e-9fe5-a6ae3e970199.jpeg?h=225&w=225,
260713127,Tesco Crispy Roast Potatoes 450G,https://www.tesco.com/groceries/en-GB/shop/fresh-food/all?department=Ready%20Meals&viewAll=department&page=,£2.25,£5.00/kg,,,/groceries/en-GB/products/260713127,https://digitalcontent.api.tesco.com/v2/media/ghs/0758ffbc-9769-463f-9dac-7e4d0ae50575/2ef9e3ad-4ee0-453c-ad56-2e4b33306408.jpeg?h=225&w=225,
268678524,Little Dish 1Yr+ Spaghetti & Meatballs Toddler Meal 200G,https://www.tesco.com/groceries/en-GB/shop/fresh-food/all?department=Ready%20Meals&viewAll=department&page=,£2.60,£13.00/kg,£2.00 Clubcard Price,,/groceries/en-GB/products/268678524,https://digitalcontent.api.tesco.com/v2/media/ghs/953dfa1e-c230-4e42-9a98-e2bd8baa77da/3bf2ff9b-15b2-413e-9ea4-985b0ea4a0cc.jpeg?h=225&w=225,
309777644,Tesco Finest 2 Sticky Toffee Pudding 260G,https://www.tesco.com/groceries/en-GB/shop/fresh-food/all?department=Ready%20Meals&viewAll=department&page=,£3.00,£1.16/100g,"Tesco Finest* Meal Deal for £12 Clubcard Price - Buy 1 Main, 1 Side, 1 Dessert & A Drink",,/groceries/en-GB/products/309777644,https://digitalcontent.api.tesco.com/v2/media/ghs/59eb452d-d3b3-4ac9-a203-cc60cd6ef396/52537550-1c2c-4185-b771-519f589d8aae.jpeg?h=225&w=225,
312367590,Tesco Finest Beef Bourguignon Pies 500G,https://www.tesco.com/groceries/en-GB/shop/fresh-food/all?department=Ready%20Meals&viewAll=department&page=,£6.00,£12.00/kg,"Tesco Finest* Meal Deal for £12 Clubcard Price - Buy 1 Main, 1 Side, 1 Dessert & A Drink",,/groceries/en-GB/products/312367590,https://digitalcontent.api.tesco.com/v2/media/ghs/e4bd22ee-78c1-470e-975a-5c896333d8ac/12316a81-7a27-46bc-8d7e-461087c80c62.jpeg?h=225&w=225,
302305587,Tesco Finest Ranch Steaks Peppercorn Butter 303G,https://www.tesco.com/groceries/en-GB/shop/fresh-food/all?department=Ready%20Meals&viewAll=department&page=,£6.00,£19.81/kg,"Tesco Finest* Meal Deal for £12 Clubcard Price - Buy 1 Main, 1 Side, 1 Dessert & A Drink",,/groceries/en-GB/products/302305587,https://digitalcontent.api.tesco.com/v2/media/ghs/4080153c-b1de-4502-a164-5f87e046714d/ebf8cd7d-c8d4-41c9-a560-2f9d613b440c.jpeg?h=225&w=225,
303287231,Wine Route Sauvignon Blanc Chile 75Cl,https://www.tesco.com/groceries/en-GB/shop/fresh-food/all?department=Ready%20Meals&viewAll=department&page=,£7.00,£7.00/75cl,"Tesco Finest* Meal Deal for £12 Clubcard Price - Buy 1 Main, 1 Side, 1 Dessert & A Drink",,/groceries/en-GB/products/303287231,https://digitalcontent.api.tesco.com/v2/media/ghs/521c34f0-1795-4645-b975-a48936466ea4/f529a504-33b8-4ebd-b93c-af154876ffd9_370533765.jpeg?h=225&w=225,
297662690,Tesco 4 Prawn Toast 128G,https://www.tesco.com/groceries/en-GB/shop/fresh-food/all?department=Ready%20Meals&viewAll=department&page=,£2.00,£15.63/kg,£1.75 Clubcard Price,,/groceries/en-GB/products/297662690,https://digitalcontent.api.tesco.com/v2/media/ghs/e1c14a61-babd-41a4-b10f-bade3bce864f/a632a1a4-b874-49d1-9e4e-97d684d714d9.jpeg?h=225&w=225,
299912189,Tesco Bubble & Squeak Mash 350G,https://www.tesco.com/groceries/en-GB/shop/fresh-food/all?department=Ready%20Meals&viewAll=department&page=,£1.50,£4.29/kg,,,/groceries/en-GB/products/299912189,https://digitalcontent.api.tesco.com/v2/media/ghs/86125cea-949c-44c4-b685-77bd0bdcfdbd/f6911eb7-f848-4f60-b213-af2f4d33b8d0.jpeg?h=225&w=225,
310699735,Tesco Macaroni Cheese 750G,https://www.tesco.com/groceries/en-GB/shop/fresh-food/all?department=Ready%20Meals&viewAll=department&page=,£3.75,£5.00/kg,£2.75 Clubcard Price,,/groceries/en-GB/products/310699735,https://digitalcontent.api.tesco.com/v2/media/ghs/84670c6e-2dd1-4734-b651-a753df20dee6/ec1ef28e-c1e3-4ca9-b4cc-46db1f26731b.jpeg?h=225&w=225,
304387284,Tesco Finest Raspberry & Cream Cheesecake Slices 180G,https://www.tesco.com/groceries/en-GB/shop/fresh-food/all?department=Ready%20Meals&viewAll=department&page=,£3.15,£1.75/100g,"Tesco Finest* Meal Deal for £12 Clubcard Price - Buy 1 Main, 1 Side, 1 Dessert & A Drink",,/groceries/en-GB/products/304387284,https://digitalcontent.api.tesco.com/v2/media/ghs/8d3c273d-499a-4c44-8c27-d420d9ca78d3/2875ac1c-ce46-40c9-9126-fbdd68cee7a7.jpeg?h=225&w=225,
292798410,"Tesco Finest Peas, Leeks & Pancetta 250G",https://www.tesco.com/groceries/en-GB/shop/fresh-food/all?department=Ready%20Meals&viewAll=department&page=,£2.60,£10.40/kg,"Tesco Finest* Meal Deal for £12 Clubcard Price - Buy 1 Main, 1 Side, 1 Dessert & A Drink",,/groceries/en-GB/products/292798410,https://digitalcontent.api.tesco.com/v2/media/ghs/acde6d64-d0ce-4e8e-be68-a4ee30622fc1/68a3f965-ce72-4f5b-b7ce-61817b629266.jpeg?h=225&w=225,
291241874,Charlie Bigham's Fish Pie 655G,https://www.tesco.com/groceries/en-GB/shop/fresh-food/all?department=Ready%20Meals&viewAll=department&page=,£9.25,£14.13/kg,£7.50 Clubcard Price,,/groceries/en-GB/products/291241874,https://digitalcontent.api.tesco.com/v2/media/ghs/b414dcd8-3f88-4189-85a8-5f72784a9f67/7858ecc1-7ee1-4a61-bc0e-1bc86bcc0bcc.jpeg?h=225&w=225,
291244404,Charlie Bigham's Lasagne 355G,https://www.tesco.com/groceries/en-GB/shop/fresh-food/all?department=Ready%20Meals&viewAll=department&page=,£6.00,£16.91/kg,,,/groceries/en-GB/products/291244404,https://digitalcontent.api.tesco.com/v2/media/ghs/5c47dc35-80fb-4859-96ab-09d5b87a424e/90e2836f-da2f-4958-aa8b-67fbdfbaec60.jpeg?h=225&w=225,
265216846,Tesco Aromatic Shredded Duck & Pancakes 230G,https://www.tesco.com/groceries/en-GB/shop/fresh-food/all?department=Ready%20Meals&viewAll=department&page=,£4.00,£17.40/kg,,,/groceries/en-GB/products/265216846,https://digitalcontent.api.tesco.com/v2/media/ghs/7b3cf23e-cf9c-47a7-97c8-891107c8c0d8/794983a7-579b-4a59-807a-ae37166b4607.jpeg?h=225&w=225,
312997926,Little Dish Variety Kids Meal 3 X 200G,https://www.tesco.com/groceries/en-GB/shop/fresh-food/all?department=Ready%20Meals&viewAll=department&page=,£6.00,£10.00/kg,,New,/groceries/en-GB/products/312997926,https://digitalcontent.api.tesco.com/v2/media/ghs/970aa55b-fa9d-4aa8-9618-9c8ca38fd2d6/c2e183c5-52dd-4379-a3df-f4be6c5b6df1.jpeg?h=225&w=225,
293836542,Tesco Tex Mex Chicken Enchiladas 480G,https://www.tesco.com/groceries/en-GB/shop/fresh-food/all?department=Ready%20Meals&viewAll=department&page=,£4.20,£8.75/kg,,,/groceries/en-GB/products/293836542,https://digitalcontent.api.tesco.com/v2/media/ghs/c8817c7a-4390-4c0a-b179-7fd2375acaeb/430d3679-4709-40ff-a72f-cfaaee6fce72.jpeg?h=225&w=225,
310670285,Tesco Chicken Arrabbiata 400G,https://www.tesco.com/groceries/en-GB/shop/fresh-food/all?department=Ready%20Meals&viewAll=department&page=,£3.00,£7.50/kg,Any 3 for £7.50 Clubcard Price - Selected Tesco Ready Meals 340g-400g,,/groceries/en-GB/products/310670285,https://digitalcontent.api.tesco.com/v2/media/ghs/ae59ea1b-5a6e-4aeb-9e68-1eeb52796a4d/5e8e9e90-31dc-42b6-a367-5e470f2e7a34.jpeg?h=225&w=225,
312088891,Tesco Chicken Tikka Masala Meal For 1 500G,https://www.tesco.com/groceries/en-GB/shop/fresh-food/all?department=Ready%20Meals&viewAll=department&page=,£3.75,£7.50/kg,,New,/groceries/en-GB/products/312088891,https://digitalcontent.api.tesco.com/v2/media/ghs/8cd3fc19-da7f-4670-bb91-70619982866e/2ab4f2da-01b9-45be-8686-b5e07948df59.jpeg?h=225&w=225,
311428157,Tesco Finest Satay Chicken With Jasmine Rice 400G,https://www.tesco.com/groceries/en-GB/shop/fresh-food/all?department=Ready%20Meals&viewAll=department&page=,£4.00,£10.00/kg,Any 2 for £7 Clubcard Price - Selected Tesco Finest* Ready Meals 350g - 475g,,/groceries/en-GB/products/311428157,https://digitalcontent.api.tesco.com/v2/media/ghs/b02aa3cf-8090-447e-a07d-643b9b53f17a/ff550923-4a22-421a-baab-e5f48bab444f.jpeg?h=225&w=225,
309460650,Tesco Finest Chicken Tagine 500G,https://www.tesco.com/groceries/en-GB/shop/fresh-food/all?department=Ready%20Meals&viewAll=department&page=,£6.00,£12.00/kg,"Tesco Finest* Meal Deal for £12 Clubcard Price - Buy 1 Main, 1 Side, 1 Dessert & A Drink",,/groceries/en-GB/products/309460650,https://digitalcontent.api.tesco.com/v2/media/ghs/037bd04d-ce81-4860-a9f3-956b4607bb9c/83864c0f-ccfc-4fcb-b425-4018777b17cb.jpeg?h=225&w=225,
293789574,Tesco Finest King Prawn Chilli Noodles 400G,https://www.tesco.com/groceries/en-GB/shop/fresh-food/all?department=Ready%20Meals&viewAll=department&page=,£4.00,£10.00/kg,Any 2 for £7 Clubcard Price - Selected Tesco Finest* Ready Meals 350g - 475g,,/groceries/en-GB/products/293789574,https://digitalcontent.api.tesco.com/v2/media/ghs/184a71f3-9a12-40d8-b382-473942d5a978/84dfcaad-4198-4d7f-a28b-908882381ddd.jpeg?h=225&w=225,
280472375,Tesco 16 Piece Chinese Style Selection 322G,https://www.tesco.com/groceries/en-GB/shop/fresh-food/all?department=Ready%20Meals&viewAll=department&page=,£3.15,£9.79/kg,,,/groceries/en-GB/products/280472375,https://digitalcontent.api.tesco.com/v2/media/ghs/4c2ab773-9707-43c1-bbf4-84fb52c81590/dea92620-414e-47de-be9d-10ebd83dd082.jpeg?h=225&w=225,
297662314,Tesco Finest Pork Sausage Ragu With Pasta 400G,https://www.tesco.com/groceries/en-GB/shop/fresh-food/all?department=Ready%20Meals&viewAll=department&page=,£4.00,£10.00/kg,Any 2 for £7 Clubcard Price - Selected Tesco Finest* Ready Meals 350g - 475g,,/groceries/en-GB/products/297662314,https://digitalcontent.api.tesco.com/v2/media/ghs/b92b6638-dabd-42ad-9ad4-9fe8af9f5802/62da5eea-dec2-4f41-abea-7141bba77d2a.jpeg?h=225&w=225,
309457021,Tesco Finest Tomato & Mascarpone & Basil Risotto 450G,https://www.tesco.com/groceries/en-GB/shop/fresh-food/all?department=Ready%20Meals&viewAll=department&page=,£4.00,£8.89/kg,Any 2 for £7 Clubcard Price - Selected Tesco Finest* Ready Meals 350g - 475g,,/groceries/en-GB/products/309457021,https://digitalcontent.api.tesco.com/v2/media/ghs/d365e840-9a94-4851-b842-1b7204e0549e/048a8583-d614-4295-9d98-912a77571be9.jpeg?h=225&w=225,
305037945,Tesco Finest Cottage Pie 800G,https://www.tesco.com/groceries/en-GB/shop/fresh-food/all?department=Ready%20Meals&viewAll=department&page=,£6.00,£7.50/kg,"Tesco Finest* Meal Deal for £12 Clubcard Price - Buy 1 Main, 1 Side, 1 Dessert & A Drink",,/groceries/en-GB/products/305037945,https://digitalcontent.api.tesco.com/v2/media/ghs/11fbcffe-6245-4ae7-b15f-cdf243a38e7b/215bd9f2-aeeb-4299-ad4d-8a1684fad895.jpeg?h=225&w=225,
298231627,Hearty Food Company Mac 'N' Cheese 400G,https://www.tesco.com/groceries/en-GB/shop/fresh-food/all?department=Ready%20Meals&viewAll=department&page=,£2.49,£6.23/kg,Aldi Price Match,,/groceries/en-GB/products/298231627,https://digitalcontent.api.tesco.com/v2/media/ghs/c7dc2f23-22ad-4306-a98f-b4c681767a49/480516c8-2776-4fbf-bb9e-51bbf871f26d.jpeg?h=225&w=225,
261893078,Tesco Finest Three Cheese & Chive Cauliflower Cheese 350G,https://www.tesco.com/groceries/en-GB/shop/fresh-food/all?department=Ready%20Meals&viewAll=department&page=,£2.60,£7.43/kg,,,/groceries/en-GB/products/261893078,https://digitalcontent.api.tesco.com/v2/media/ghs/b959267c-c982-49a6-961d-e3e6e4b349f0/63cb10b0-a16e-4133-afac-5cb869cd8216.jpeg?h=225&w=225,
310091768,Tesco Chicken & Chorizo Pasta 400G,https://www.tesco.com/groceries/en-GB/shop/fresh-food/all?department=Ready%20Meals&viewAll=department&page=,£3.00,£7.50/kg,Any 3 for £7.50 Clubcard Price - Selected Tesco Ready Meals 340g-400g,,/groceries/en-GB/products/310091768,https://digitalcontent.api.tesco.com/v2/media/ghs/94a0d4d9-f728-496d-bd11-3b0ec6473695/a3bcc42f-dcd8-4adc-9d0e-20d5df024fbd.jpeg?h=225&w=225,
297660374,Tesco Finest Triple Cooked Chips 400G,https://www.tesco.com/groceries/en-GB/shop/fresh-food/all?department=Ready%20Meals&viewAll=department&page=,£2.60,£6.50/kg,,,/groceries/en-GB/products/297660374,https://digitalcontent.api.tesco.com/v2/media/ghs/992abe50-f1be-4229-a77f-23328e4f9978/ce432d3a-451d-41a8-a3c3-3c2a58d10b93.jpeg?h=225&w=225,
311685577,Tesco Finest Sausage Cassoulet 500G,https://www.tesco.com/groceries/en-GB/shop/fresh-food/all?department=Ready%20Meals&viewAll=department&page=,£6.00,£12.00/kg,"Tesco Finest* Meal Deal for £12 Clubcard Price - Buy 1 Main, 1 Side, 1 Dessert & A Drink",,/groceries/en-GB/products/311685577,https://digitalcontent.api.tesco.com/v2/media/ghs/72c7615f-d363-4fe6-b76b-693fdc94e064/c2aded17-8a54-4712-912c-41ee19a68e95.jpeg?h=225&w=225,
293944759,Tesco Indian Saag Aloo 300G,https://www.tesco.com/groceries/en-GB/shop/fresh-food/all?department=Ready%20Meals&viewAll=department&page=,£2.15,£7.17/kg,,,/groceries/en-GB/products/293944759,https://digitalcontent.api.tesco.com/v2/media/ghs/ca101dfb-2738-4156-bf1e-bb66b6eb018e/8cf9c060-ec2b-403e-b886-160674e2b73e.jpeg?h=225&w=225,
300496748,Tesco Calorie Controlled Spaghetti Bolognese 380G,https://www.tesco.com/groceries/en-GB/shop/fresh-food/all?department=Ready%20Meals&viewAll=department&page=,£3.00,£7.90/kg,Any 3 for £7.50 Clubcard Price - Selected Tesco Ready Meals 340g-400g,,/groceries/en-GB/products/300496748,https://digitalcontent.api.tesco.com/v2/media/ghs/6b3369fb-ed5d-4a81-938f-bd8e7fec6cfe/0769f53f-1826-4be3-8b07-7b78a1a8c108.jpeg?h=225&w=225,
265512795,Little Dish 1Yr+ Chicken & Vegetable Risotto Toddler Meal 200G,https://www.tesco.com/groceries/en-GB/shop/fresh-food/all?department=Ready%20Meals&viewAll=department&page=,£2.60,£13.00/kg,£2.00 Clubcard Price,,/groceries/en-GB/products/265512795,https://digitalcontent.api.tesco.com/v2/media/ghs/1f0dd1b5-bbbc-4aae-af8b-f6fdfd14bab6/8a972ea0-3f7f-4634-99fc-15b798723541.jpeg?h=225&w=225,
281734681,Tesco 2 Baked Potatoes With Cheese & Bacon 450G,https://www.tesco.com/groceries/en-GB/shop/fresh-food/all?department=Ready%20Meals&viewAll=department&page=,£2.50,£5.56/kg,£2.00 Clubcard Price,,/groceries/en-GB/products/281734681,https://digitalcontent.api.tesco.com/v2/media/ghs/c4622f45-e6f7-4a95-9989-52567b5e7054/546fdf72-f4cf-4b19-8c41-12b55cf5c9e2.jpeg?h=225&w=225,
260502360,Little Dish 1Yr+ Fish Pie 200G,https://www.tesco.com/groceries/en-GB/shop/fresh-food/all?department=Ready%20Meals&viewAll=department&page=,£2.60,£13.00/kg,£2.00 Clubcard Price,,/groceries/en-GB/products/260502360,https://digitalcontent.api.tesco.com/v2/media/ghs/38e65bba-ca85-4019-8662-bff41cdec3ce/4084ff5c-6fb2-40be-8c88-3eda386c59e9.jpeg?h=225&w=225,
250283609,Tesco 6 Potato Croquettes 220G,https://www.tesco.com/groceries/en-GB/shop/fresh-food/all?department=Ready%20Meals&viewAll=department&page=,£1.70,£7.73/kg,,,/groceries/en-GB/products/250283609,https://digitalcontent.api.tesco.com/v2/media/ghs/cd8a7c27-2032-4304-9a56-4c47233b1285/330c30d3-b25d-4870-8eea-d6fb81569332.jpeg?h=225&w=225,
310685803,Tesco Pepperoni Pasta Bake 750G,https://www.tesco.com/groceries/en-GB/shop/fresh-food/all?department=Ready%20Meals&viewAll=department&page=,£3.75,£5.00/kg,,,/groceries/en-GB/products/310685803,https://digitalcontent.api.tesco.com/v2/media/ghs/cc8cb146-8681-47dc-999f-96d200b09b5d/a98c5cba-3771-49bb-a162-d19555f7f603.jpeg?h=225&w=225,
259517113,Little Dish 1Yr+ Chicken Pie 200G,https://www.tesco.com/groceries/en-GB/shop/fresh-food/all?department=Ready%20Meals&viewAll=department&page=,£2.60,£13.00/kg,£2.00 Clubcard Price,,/groceries/en-GB/products/259517113,https://digitalcontent.api.tesco.com/v2/media/ghs/5e2a85ef-1487-4336-a2fc-4ac91706d755/48b814ad-1a98-4146-a9ef-aa309ddd15a5.jpeg?h=225&w=225,
300121692,Tesco Finest Haddock Risotto 395G,https://www.tesco.com/groceries/en-GB/shop/fresh-food/all?department=Ready%20Meals&viewAll=department&page=,£4.00,£10.13/kg,Any 2 for £7 Clubcard Price - Selected Tesco Finest* Ready Meals 350g - 475g,,/groceries/en-GB/products/300121692,https://digitalcontent.api.tesco.com/v2/media/ghs/026606e8-433a-4889-9a0d-057dbf028c22/de1acc2d-81a1-48ab-8698-c284a8cd53c8.jpeg?h=225&w=225,
265500659,Rustlers Southern Fried Chicken 158G,https://www.tesco.com/groceries/en-GB/shop/fresh-food/all?department=Ready%20Meals&viewAll=department&page=,£2.15,£13.61/kg,,,/groceries/en-GB/products/265500659,https://digitalcontent.api.tesco.com/v2/media/ghs/0c74d30c-0249-46a2-a31d-32695c5ecf90/ed597fcc-a969-4f6e-a74a-be0af76a4ea2.jpeg?h=225&w=225,
292357281,Wine Route Spain Garnacha Rose 75Cl,https://www.tesco.com/groceries/en-GB/shop/fresh-food/all?department=Ready%20Meals&viewAll=department&page=,£7.00,£7.00/75cl,"Tesco Finest* Meal Deal for £12 Clubcard Price - Buy 1 Main, 1 Side, 1 Dessert & A Drink",,/groceries/en-GB/products/292357281,https://digitalcontent.api.tesco.com/v2/media/ghs/e7aa17c8-0f26-4e9f-ab11-ee8c5b8c4e86/ef3dd0c1-2efc-457b-81b5-4c8688bfbc3c_749339369.jpeg?h=225&w=225,
310142732,Tesco Spicy Beef Chilli & Rice 400G,https://www.tesco.com/groceries/en-GB/shop/fresh-food/all?department=Ready%20Meals&viewAll=department&page=,£3.00,£7.50/kg,Any 3 for £7.50 Clubcard Price - Selected Tesco Ready Meals 340g-400g,,/groceries/en-GB/products/310142732,https://digitalcontent.api.tesco.com/v2/media/ghs/9711f809-6a16-4a82-a430-947724501d84/41b23819-1c6b-4845-9983-dad046e1f859.jpeg?h=225&w=225,
310092827,Tesco King Prawn Tikka Masala & Pilau Rice 400G,https://www.tesco.com/groceries/en-GB/shop/fresh-food/all?department=Ready%20Meals&viewAll=department&page=,£3.00,£7.50/kg,Any 3 for £7.50 Clubcard Price - Selected Tesco Ready Meals 340g-400g,,/groceries/en-GB/products/310092827,https://digitalcontent.api.tesco.com/v2/media/ghs/da90b08f-ab71-4ecc-84be-cf023884ae5f/bbd69092-11ad-41d8-9f7e-b45a73faaa80.jpeg?h=225&w=225,
299651543,Tesco Calorie Controlled Sweet & Sour Chicken 380G,https://www.tesco.com/groceries/en-GB/shop/fresh-food/all?department=Ready%20Meals&viewAll=department&page=,£3.00,£7.90/kg,Any 3 for £7.50 Clubcard Price - Selected Tesco Ready Meals 340g-400g,,/groceries/en-GB/products/299651543,https://digitalcontent.api.tesco.com/v2/media/ghs/1432eda2-c760-4b7b-a32e-95b3e8e5b8af/f99544bf-04a9-4665-a296-7a0765e6795b.jpeg?h=225&w=225,
304375724,Tesco Finest Chocolate & Orange Cheesecake Slices 180G,https://www.tesco.com/groceries/en-GB/shop/fresh-food/all?department=Ready%20Meals&viewAll=department&page=,£3.15,£1.75/100g,"Tesco Finest* Meal Deal for £12 Clubcard Price - Buy 1 Main, 1 Side, 1 Dessert & A Drink",,/groceries/en-GB/products/304375724,https://digitalcontent.api.tesco.com/v2/media/ghs/9f7671a8-c4bd-419b-b171-6a791c5990d1/27ec2343-317a-4709-8110-1e3b3e1b089f.jpeg?h=225&w=225,
310693617,Tesco Cottage Pie 750G,https://www.tesco.com/groceries/en-GB/shop/fresh-food/all?department=Ready%20Meals&viewAll=department&page=,£3.75,£5.00/kg,,,/groceries/en-GB/products/310693617,https://digitalcontent.api.tesco.com/v2/media/ghs/de7a7ff0-d476-4c1f-a762-fbb67e87ce8a/7afb47e3-e7c7-4bee-bb86-db1751d79100.jpeg?h=225&w=225,
310156128,Tesco Lamb Rogan Josh With Pilau Rice 400G,https://www.tesco.com/groceries/en-GB/shop/fresh-food/all?department=Ready%20Meals&viewAll=department&page=,£3.00,£7.50/kg,Any 3 for £7.50 Clubcard Price - Selected Tesco Ready Meals 340g-400g,,/groceries/en-GB/products/310156128,https://digitalcontent.api.tesco.com/v2/media/ghs/747a1e14-b212-495f-8102-3d95a9c1bee3/fe058ff0-bdb9-40d9-b092-3a16b001656f.jpeg?h=225&w=225,
308828327,Tesco Finest 2 Tart Au Citron 150G,https://www.tesco.com/groceries/en-GB/shop/fresh-food/all?department=Ready%20Meals&viewAll=department&page=,£3.00,£2.00/100g,"Tesco Finest* Meal Deal for £12 Clubcard Price - Buy 1 Main, 1 Side, 1 Dessert & A Drink",,/groceries/en-GB/products/308828327,https://digitalcontent.api.tesco.com/v2/media/ghs/d03f7243-48e1-4940-a91e-adf9e5454cc0/ac576673-7853-40eb-a5ad-7b0d846c85a5.jpeg?h=225&w=225,
307155888,Tesco Finest Apple Flapjack Crumble 250G,https://www.tesco.com/groceries/en-GB/shop/fresh-food/all?department=Ready%20Meals&viewAll=department&page=,£3.00,£1.20/100g,"Tesco Finest* Meal Deal for £12 Clubcard Price - Buy 1 Main, 1 Side, 1 Dessert & A Drink",,/groceries/en-GB/products/307155888,https://digitalcontent.api.tesco.com/v2/media/ghs/7340dbec-f604-437c-a483-4db456359144/bbb64509-c715-4d94-85fd-3a1dbcbfc79a.jpeg?h=225&w=225,
297673140,Tesco Sweet Potato Mash 400G,https://www.tesco.com/groceries/en-GB/shop/fresh-food/all?department=Ready%20Meals&viewAll=department&page=,£1.50,£3.75/kg,,,/groceries/en-GB/products/297673140,https://digitalcontent.api.tesco.com/v2/media/ghs/f7393bd7-b80a-44d8-aab7-998803a0d3a4/d3250f70-dcdc-41d6-8eca-b27ae9f7f748.jpeg?h=225&w=225,
291242200,Charlie Bigham's Chicken Tikka Masala 805G,https://www.tesco.com/groceries/en-GB/shop/fresh-food/all?department=Ready%20Meals&viewAll=department&page=,£9.50,£11.81/kg,,,/groceries/en-GB/products/291242200,https://digitalcontent.api.tesco.com/v2/media/ghs/04023054-1a94-4934-bc3b-6dce9f67991d/90cbd51f-31a8-4e55-96e8-00b8fa7967a6.jpeg?h=225&w=225,
291244485,Charlie Bigham's Macaroni Cheese 340G,https://www.tesco.com/groceries/en-GB/shop/fresh-food/all?department=Ready%20Meals&viewAll=department&page=,£6.00,£17.65/kg,,,/groceries/en-GB/products/291244485,https://digitalcontent.api.tesco.com/v2/media/ghs/f143ea16-d0c0-4f08-9085-c6c8e6c222b1/f59ed53f-4ab8-4d3f-a528-320e305c4dca.jpeg?h=225&w=225,
305832096,Tesco Chicken Korma & Chicken Tikka Masala Meal For 2 1.3Kg,https://www.tesco.com/groceries/en-GB/shop/fresh-food/all?department=Ready%20Meals&viewAll=department&page=,£7.90,£6.08/kg,,,/groceries/en-GB/products/305832096,https://digitalcontent.api.tesco.com/v2/media/ghs/4ab829da-904a-4136-aa1f-fd4fcbf47f5c/ccc0ec3c-bf80-4271-a30c-93bd9298bacb.jpeg?h=225&w=225,
302143294,Charlie Bigham's Cottage Pie 325G,https://www.tesco.com/groceries/en-GB/shop/fresh-food/all?department=Ready%20Meals&viewAll=department&page=,£6.00,£18.47/kg,,,/groceries/en-GB/products/302143294,https://digitalcontent.api.tesco.com/v2/media/ghs/430ddf15-aa26-4af6-b180-daa7182a502d/4e22599f-aee9-431a-b7da-23ecdd3d2595.jpeg?h=225&w=225,
305967005,Tesco Crispy Sweet & Sour Chicken 275G,https://www.tesco.com/groceries/en-GB/shop/fresh-food/all?department=Ready%20Meals&viewAll=department&page=,£3.50,£0.01/kg,,,/groceries/en-GB/products/305967005,https://digitalcontent.api.tesco.com/v2/media/ghs/46ec3bf0-478b-4dc1-91c3-1622bf7f4fe4/f4da4fa8-09b7-44a2-bb12-3bbaf6eafa61.jpeg?h=225&w=225,
310652451,Tesco Chicken Tikka Masala 400G,https://www.tesco.com/groceries/en-GB/shop/fresh-food/all?department=Ready%20Meals&viewAll=department&page=,£4.00,£10.00/kg,,,/groceries/en-GB/products/310652451,https://digitalcontent.api.tesco.com/v2/media/ghs/30246433-0536-41aa-bb7e-6333f06cc92a/c8cff203-a3cc-4412-82fb-b6bd9b3821f6.jpeg?h=225&w=225,
302143547,Charlie Bigham's Chicken Tikka Masala 403G,https://www.tesco.com/groceries/en-GB/shop/fresh-food/all?department=Ready%20Meals&viewAll=department&page=,£6.00,£14.89/kg,,,/groceries/en-GB/products/302143547,https://digitalcontent.api.tesco.com/v2/media/ghs/2547f0d6-97f7-4623-9f2b-fd967f815a9a/f10fc076-f22e-412e-ae0d-648edf3c9453.jpeg?h=225&w=225,
312087310,Tesco Finest Mushroom Pappardelle 400G,https://www.tesco.com/groceries/en-GB/shop/fresh-food/all?department=Ready%20Meals&viewAll=department&page=,£4.00,£10.00/kg,Any 2 for £7 Clubcard Price - Selected Tesco Finest* Ready Meals 350g - 475g,,/groceries/en-GB/products/312087310,https://digitalcontent.api.tesco.com/v2/media/ghs/4aa2ab23-b1ac-4606-ba2a-38a402774a7b/3d9fd878-ffcc-4481-bf5b-281339c07456.jpeg?h=225&w=225,
308832805,Hearty Food Company Cottage Pie 450G,https://www.tesco.com/groceries/en-GB/shop/fresh-food/all?department=Ready%20Meals&viewAll=department&page=,£2.49,£5.54/kg,Aldi Price Match,,/groceries/en-GB/products/308832805,https://digitalcontent.api.tesco.com/v2/media/ghs/0339f21b-59a2-4267-a2e3-d94f670f77ef/74196f42-19e8-43e3-b1ac-91cf2cbcbfc2.jpeg?h=225&w=225,
293944696,Tesco A Taste Of India Chicken Pakora 150G,https://www.tesco.com/groceries/en-GB/shop/fresh-food/all?department=Ready%20Meals&viewAll=department&page=,£2.75,£18.34/kg,,,/groceries/en-GB/products/293944696,https://digitalcontent.api.tesco.com/v2/media/ghs/c5edf640-1400-4a7e-a5eb-da205b5dffd6/5e19ef0e-2341-43b3-9643-49daf1a6e5dd.jpeg?h=225&w=225,
262801515,Tesco Indian Bombay Potato 300G,https://www.tesco.com/groceries/en-GB/shop/fresh-food/all?department=Ready%20Meals&viewAll=department&page=,£2.15,£7.17/kg,,,/groceries/en-GB/products/262801515,https://digitalcontent.api.tesco.com/v2/media/ghs/b9c64361-b1a3-416e-a514-c16096a7f14f/c2abbfdc-4dd4-4dd7-888e-d6c3da98a91f.jpeg?h=225&w=225,
310681796,Tesco Chicken & Black Bean With Egg Fried Rice 400G,https://www.tesco.com/groceries/en-GB/shop/fresh-food/all?department=Ready%20Meals&viewAll=department&page=,£3.00,£7.50/kg,Any 3 for £7.50 Clubcard Price - Selected Tesco Ready Meals 340g-400g,,/groceries/en-GB/products/310681796,https://digitalcontent.api.tesco.com/v2/media/ghs/91e904c1-0be7-4d80-a6b5-ce103c15f5d4/fe26b96d-dca1-4305-bef9-ea863b7ddbd3.jpeg?h=225&w=225,
311802486,Tesco Calorie Controlled Beef Lasagne 380G,https://www.tesco.com/groceries/en-GB/shop/fresh-food/all?department=Ready%20Meals&viewAll=department&page=,£3.00,£7.90/kg,Any 3 for £7.50 Clubcard Price - Selected Tesco Ready Meals 340g-400g,,/groceries/en-GB/products/311802486,https://digitalcontent.api.tesco.com/v2/media/ghs/63b6d82b-5282-40e1-a863-330fcefad646/409fc04b-16d7-425e-96f6-6adb3a4782f8.jpeg?h=225&w=225,
286999157,Annabel Karmel Delicious Beef Cottage Pie 200G,https://www.tesco.com/groceries/en-GB/shop/fresh-food/all?department=Ready%20Meals&viewAll=department&page=,£2.60,£13.00/kg,,,/groceries/en-GB/products/286999157,https://digitalcontent.api.tesco.com/v2/media/ghs/fd9021e9-34f3-4087-a0a5-876525975aec/6d59b805-14c1-4aed-ab73-cfb52164397d.jpeg?h=225&w=225,
286980622,Annabel Karmel Lovely Beef Lasagne 200G,https://www.tesco.com/groceries/en-GB/shop/fresh-food/all?department=Ready%20Meals&viewAll=department&page=,£2.60,£13.00/kg,,,/groceries/en-GB/products/286980622,https://digitalcontent.api.tesco.com/v2/media/ghs/b3326fe6-cc8b-4e20-aa6f-3d6bbea9e8e5/763e17f0-6064-4aa8-8250-fecf06e92a1e.jpeg?h=225&w=225,
312082321,Tesco Finest Chicken Pad Thai 380G,https://www.tesco.com/groceries/en-GB/shop/fresh-food/all?department=Ready%20Meals&viewAll=department&page=,£4.00,£10.53/kg,Any 2 for £7 Clubcard Price - Selected Tesco Finest* Ready Meals 350g - 475g,,/groceries/en-GB/products/312082321,https://digitalcontent.api.tesco.com/v2/media/ghs/b657e690-24ef-4228-be12-d011a074da55/252a63ca-4beb-4e03-a4a7-e6aa56cc5a78.jpeg?h=225&w=225,
312236342,Tesco Calorie Controlled Spaghetti Carbonara 380G,https://www.tesco.com/groceries/en-GB/shop/fresh-food/all?department=Ready%20Meals&viewAll=department&page=,£3.00,£7.90/kg,Any 3 for £7.50 Clubcard Price - Selected Tesco Ready Meals 340g-400g,,/groceries/en-GB/products/312236342,https://digitalcontent.api.tesco.com/v2/media/ghs/61b2ad9e-bc3a-44f2-83f4-fa8146f0f86c/4106f152-e971-4d61-b36d-311cfb822492.jpeg?h=225&w=225,
312108863,Tesco Calorie Controlled Chicken Roast Dinner 380G,https://www.tesco.com/groceries/en-GB/shop/fresh-food/all?department=Ready%20Meals&viewAll=department&page=,£3.00,£7.90/kg,Any 3 for £7.50 Clubcard Price - Selected Tesco Ready Meals 340g-400g,,/groceries/en-GB/products/312108863,https://digitalcontent.api.tesco.com/v2/media/ghs/eddb6105-fc39-44aa-b6de-54f676404aa7/fc5055cb-1f39-42c6-be30-dff29168a964.jpeg?h=225&w=225,
305829498,Tesco Pilau Rice 250G,https://www.tesco.com/groceries/en-GB/shop/fresh-food/all?department=Ready%20Meals&viewAll=department&page=,£1.50,£6.00/kg,,,/groceries/en-GB/products/305829498,https://digitalcontent.api.tesco.com/v2/media/ghs/884aa9f7-10dc-4ba8-a385-6b54a0804f5c/4d8e497e-157b-46f8-a30a-58f6bf2ec36b.jpeg?h=225&w=225,
288441146,Tesco Finest King Prw Tikka Masala & Rice 450G,https://www.tesco.com/groceries/en-GB/shop/fresh-food/all?department=Ready%20Meals&viewAll=department&page=,£4.00,£8.89/kg,Any 2 for £7 Clubcard Price - Selected Tesco Finest* Ready Meals 350g - 475g,,/groceries/en-GB/products/288441146,https://digitalcontent.api.tesco.com/v2/media/ghs/fe1a1739-25a7-4ba1-b8a8-3206baccc5ff/938878c5-023f-478d-8282-3f88af10e04e.jpeg?h=225&w=225,
256111494,Tesco Peas Broccoli & Green Beans 250G,https://www.tesco.com/groceries/en-GB/shop/fresh-food/all?department=Ready%20Meals&viewAll=department&page=,£2.00,£8.00/kg,,,/groceries/en-GB/products/256111494,https://digitalcontent.api.tesco.com/v2/media/ghs/8e885c22-aa0b-4ee7-88a8-bec6bff6befa/5f8839f5-b3ea-4af0-9c79-d5487d2dae6f.jpeg?h=225&w=225,
307732849,City Kitchen Chicken Katsu Curry 380G,https://www.tesco.com/groceries/en-GB/shop/fresh-food/all?department=Ready%20Meals&viewAll=department&page=,£3.50,£8.75/kg,£3.00 Clubcard Price,,/groceries/en-GB/products/307732849,https://digitalcontent.api.tesco.com/v2/media/ghs/ae954953-5846-49c5-bf6f-6bec3f04e71e/11dc2bd9-8cce-4cf2-b15b-26b878704a66.jpeg?h=225&w=225,
294497353,Mccain Fries Salt & Black Pepper 300G,https://www.tesco.com/groceries/en-GB/shop/fresh-food/all?department=Ready%20Meals&viewAll=department&page=,£2.25,£7.50/kg,,,/groceries/en-GB/products/294497353,https://digitalcontent.api.tesco.com/v2/media/ghs/8101b680-2ea2-40da-8ecd-3b339ddddb1e/0099d73f-3ce3-40e0-b206-07b28ddbbfcf.jpeg?h=225&w=225,
312586825,Tesco Finest Beef Dripping Roast Potatoes 800G,https://www.tesco.com/groceries/en-GB/shop/fresh-food/all?department=Ready%20Meals&viewAll=department&page=,£3.00,£3.75/kg,Any 3 for 2 Clubcard Price - Cheapest Product Free - Selected Vegetables 80g - 800g,,/groceries/en-GB/products/312586825,https://digitalcontent.api.tesco.com/v2/media/ghs/efd3fd4b-58f9-4984-9bff-2a7095eeeebe/78289ee1-81e9-4a1a-9c7e-535e6a194b6c.jpeg?h=225&w=225,
309778073,Tesco Mushroom Stroganoff & Rice 400G,https://www.tesco.com/groceries/en-GB/shop/fresh-food/all?department=Ready%20Meals&viewAll=department&page=,£3.00,£7.50/kg,Any 3 for £7.50 Clubcard Price - Selected Tesco Ready Meals 340g-400g,,/groceries/en-GB/products/309778073,https://digitalcontent.api.tesco.com/v2/media/ghs/4542a07e-1f82-493a-a70a-dc6216761269/17977f76-421f-418d-b8fb-9416aad13eb1.jpeg?h=225&w=225,
300708626,Mash Direct Beer Battered Chips 400G,https://www.tesco.com/groceries/en-GB/shop/fresh-food/all?department=Ready%20Meals&viewAll=department&page=,£2.15,£5.38/kg,£1.50 Clubcard Price,,/groceries/en-GB/products/300708626,https://digitalcontent.api.tesco.com/v2/media/ghs/f99d6d5b-d2bc-4bf7-8baf-75e8b2d52f07/68493773-ef6b-4b78-a3f5-b61a335e6624.jpeg?h=225&w=225,
312224932,Tesco Calorie Controlled Tomato & Basil Chicken 380G,https://www.tesco.com/groceries/en-GB/shop/fresh-food/all?department=Ready%20Meals&viewAll=department&page=,£3.00,£7.90/kg,Any 3 for £7.50 Clubcard Price - Selected Tesco Ready Meals 340g-400g,,/groceries/en-GB/products/312224932,https://digitalcontent.api.tesco.com/v2/media/ghs/800aedd6-42d2-476f-86aa-76e213d7e870/e5882310-f57f-4ac0-84e9-4da63b7ecc52.jpeg?h=225&w=225,
309209569,Bol Spanish Smoky Butter Bean Stew Power Pot 450G,https://www.tesco.com/groceries/en-GB/shop/fresh-food/all?department=Ready%20Meals&viewAll=department&page=,£2.70,£6.00/kg,£2.20 Clubcard Price,,/groceries/en-GB/products/309209569,https://digitalcontent.api.tesco.com/v2/media/ghs/528ba50b-7590-4235-a3f3-9151f1d1421c/43db39b3-7032-4391-bf9f-81c870ff7e0a.jpeg?h=225&w=225,
312104366,Tesco Calorie Controlled Mushroom Risotto 380G,https://www.tesco.com/groceries/en-GB/shop/fresh-food/all?department=Ready%20Meals&viewAll=department&page=,£3.00,£7.90/kg,Any 3 for £7.50 Clubcard Price - Selected Tesco Ready Meals 340g-400g,,/groceries/en-GB/products/312104366,https://digitalcontent.api.tesco.com/v2/media/ghs/b15b7f7b-bc10-4746-9271-73abd4d01d44/242bb08e-7079-4b91-a1e0-3022aa1cb305.jpeg?h=225&w=225,
309206774,Bol Creamy Coconut Turmeric Daal Power Pot 450G,https://www.tesco.com/groceries/en-GB/shop/fresh-food/all?department=Ready%20Meals&viewAll=department&page=,£2.70,£6.00/kg,£2.20 Clubcard Price,,/groceries/en-GB/products/309206774,https://digitalcontent.api.tesco.com/v2/media/ghs/38b299a4-8581-46f6-b414-51342e70a3fd/c9cfd6f2-86fd-44fc-af00-4521709a3f9b.jpeg?h=225&w=225,
312216677,Tesco Calorie Controlled Chicken Tikka Masala & Pilau Rice 380G,https://www.tesco.com/groceries/en-GB/shop/fresh-food/all?department=Ready%20Meals&viewAll=department&page=,£3.00,£0.79/100g,Any 3 for £7.50 Clubcard Price - Selected Tesco Ready Meals 340g-400g,,/groceries/en-GB/products/312216677,https://digitalcontent.api.tesco.com/v2/media/ghs/406e033f-6350-4486-8306-a9754a2a5b2a/f607ea04-073d-4dff-b010-e06653723e07.jpeg?h=225&w=225,
310688040,Tesco Fish Pie 750G,https://www.tesco.com/groceries/en-GB/shop/fresh-food/all?department=Ready%20Meals&viewAll=department&page=,£3.75,£5.00/kg,,,/groceries/en-GB/products/310688040,https://digitalcontent.api.tesco.com/v2/media/ghs/a3412c63-3d71-4e7e-9538-77444eb25aad/317b03d9-7913-48a5-abc1-83271a4ec982.jpeg?h=225&w=225,
293789712,Tesco Finest Lamb Tagine & Couscous 450G,https://www.tesco.com/groceries/en-GB/shop/fresh-food/all?department=Ready%20Meals&viewAll=department&page=,£4.00,£8.89/kg,Any 2 for £7 Clubcard Price - Selected Tesco Finest* Ready Meals 350g - 475g,,/groceries/en-GB/products/293789712,https://digitalcontent.api.tesco.com/v2/media/ghs/46adec2d-3d56-4cff-bd6a-543b6e40b45f/0fe59e56-4f33-4d1b-b2ef-6d619f6c463a.jpeg?h=225&w=225,
305955709,Fries To Go Crispy Fries 90G,https://www.tesco.com/groceries/en-GB/shop/fresh-food/all?department=Ready%20Meals&viewAll=department&page=,£1.00,£11.12/kg,,,/groceries/en-GB/products/305955709,https://digitalcontent.api.tesco.com/v2/media/ghs/a9d2a767-b793-4185-a5a8-00d0dfcb06bc/9680cbd1-8925-46ba-8111-05754d7c52d1.jpeg?h=225&w=225,
301217255,Tesco Carrot Sweetcorn & Peas Layered Vegetable 355G,https://www.tesco.com/groceries/en-GB/shop/fresh-food/all?department=Ready%20Meals&viewAll=department&page=,£2.10,£5.92/kg,Any 3 for 2 Clubcard Price - Cheapest Product Free - Selected Vegetables 80g - 800g,,/groceries/en-GB/products/301217255,https://digitalcontent.api.tesco.com/v2/media/ghs/d2a732af-7431-425b-ba1b-7eea620c19d0/d06dc1f0-ec7b-4c82-8e8f-2dd665007009.jpeg?h=225&w=225,
299919648,Diet Coke Pack 6X250ml,https://www.tesco.com/groceries/en-GB/shop/fresh-food/all?department=Ready%20Meals&viewAll=department&page=,£3.50,£0.23/100ml,"Tesco Finest* Meal Deal for £12 Clubcard Price - Buy 1 Main, 1 Side, 1 Dessert & A Drink",,/groceries/en-GB/products/299919648,https://digitalcontent.api.tesco.com/v2/media/ghs/42002ac9-3557-4a12-905a-640f6f7826d7/612d884c-1f2b-4b84-a5ea-4d3698719273_537831990.jpeg?h=225&w=225,
312998741,Cinnamon Kitchen Saag Aloo 300G,https://www.tesco.com/groceries/en-GB/shop/fresh-food/all?department=Ready%20Meals&viewAll=department&page=,£3.00,£10.00/kg,£2.00 Clubcard Price,,/groceries/en-GB/products/312998741,https://digitalcontent.api.tesco.com/v2/media/ghs/e85d4789-c1ad-4eda-985f-8607c7fa0dd0/734e6a8b-c05b-47c5-a382-2782125b3d4e.jpeg?h=225&w=225,
305838896,Tesco Chicken Tikka Masala & Chicken Jalfrezi Meal For 2 1.3Kg,https://www.tesco.com/groceries/en-GB/shop/fresh-food/all?department=Ready%20Meals&viewAll=department&page=,£7.90,£6.08/kg,,,/groceries/en-GB/products/305838896,https://digitalcontent.api.tesco.com/v2/media/ghs/712aba7a-3537-426d-83ee-d489689a8ad2/4f76b420-73cd-42ce-b240-91b6c317a8bd.jpeg?h=225&w=225,
291242781,Charlie Bigham's Meatball Al Forno 650G,https://www.tesco.com/groceries/en-GB/shop/fresh-food/all?department=Ready%20Meals&viewAll=department&page=,£8.95,£13.77/kg,£7.50 Clubcard Price,,/groceries/en-GB/products/291242781,https://digitalcontent.api.tesco.com/v2/media/ghs/2430695f-40db-4494-9cc0-d77aeeeb1ea2/45638c89-99d6-4556-b62f-e63d009988e8.jpeg?h=225&w=225,
291243388,Charlie Bigham's Cottage Pie 650G,https://www.tesco.com/groceries/en-GB/shop/fresh-food/all?department=Ready%20Meals&viewAll=department&page=,£8.95,£13.77/kg,£7.50 Clubcard Price,,/groceries/en-GB/products/291243388,https://digitalcontent.api.tesco.com/v2/media/ghs/004cd6e7-3645-491d-8c2f-078b844d9159/dadccee5-4020-4c59-97e9-15881bdf444c.jpeg?h=225&w=225,
312351821,The Gym Kitchen Chicken Tikka 400G,https://www.tesco.com/groceries/en-GB/shop/fresh-food/all?department=Ready%20Meals&viewAll=department&page=,£3.75,£9.38/kg,,,/groceries/en-GB/products/312351821,https://digitalcontent.api.tesco.com/v2/media/ghs/2dd7c40a-a464-4c1b-91ff-89f72abc963e/82af2ff7-b3a1-4d0c-89c7-9103d00b94a0.jpeg?h=225&w=225,
285635918,Tesco Carbonara Pasta Bake 1.5Kg,https://www.tesco.com/groceries/en-GB/shop/fresh-food/all?department=Ready%20Meals&viewAll=department&page=,£6.45,£4.30/kg,,,/groceries/en-GB/products/285635918,https://digitalcontent.api.tesco.com/v2/media/ghs/4f9bd3fc-d303-468c-85f2-f1d70040ebf6/df156a4d-cb41-4704-a565-eb715eae813f.jpeg?h=225&w=225,
297955423,Charlie Bigham's Meatballs Al Forno 325G,https://www.tesco.com/groceries/en-GB/shop/fresh-food/all?department=Ready%20Meals&viewAll=department&page=,£6.00,£18.47/kg,,,/groceries/en-GB/products/297955423,https://digitalcontent.api.tesco.com/v2/media/ghs/a6e2ee7c-0695-4695-ada3-551cb052775f/3f9ac645-7d67-4b0d-842c-8fa47707faca.jpeg?h=225&w=225,
308491469,Tesco Tex Mex Bbq Pulled Pork 410G,https://www.tesco.com/groceries/en-GB/shop/fresh-food/all?department=Ready%20Meals&viewAll=department&page=,£4.00,£9.76/kg,,,/groceries/en-GB/products/308491469,https://digitalcontent.api.tesco.com/v2/media/ghs/b195438a-74f4-447f-aff6-31c6d6b46695/68eddafb-827f-4dd8-a968-d64f02687179_666063326.jpeg?h=225&w=225,
312091644,Tesco Meal For 1 Chicken Jalfrezi 500G,https://www.tesco.com/groceries/en-GB/shop/fresh-food/all?department=Ready%20Meals&viewAll=department&page=,£3.75,£7.50/kg,,,/groceries/en-GB/products/312091644,https://digitalcontent.api.tesco.com/v2/media/ghs/eada94c6-9247-4db5-934e-518b8e9b1ed3/fbf6c700-82c3-4f82-b12f-2c971ae8e9b7.jpeg?h=225&w=225,
310687628,Tesco Sweet And Sour Chicken 400G,https://www.tesco.com/groceries/en-GB/shop/fresh-food/all?department=Ready%20Meals&viewAll=department&page=,£4.00,£10.00/kg,,,/groceries/en-GB/products/310687628,https://digitalcontent.api.tesco.com/v2/media/ghs/b3094c13-e0ac-4bcd-be9a-c2280c1fd8b9/e3599e7b-25f8-48bb-b7e4-e2b6ee5d2f84.jpeg?h=225&w=225,
305949436,Kirstys Lentil Cottage Pie 400G,https://www.tesco.com/groceries/en-GB/shop/fresh-food/all?department=Ready%20Meals&viewAll=department&page=,£3.50,£8.75/kg,,,/groceries/en-GB/products/305949436,https://digitalcontent.api.tesco.com/v2/media/ghs/47fa7550-1f1e-4ed0-b323-b9b0dac67755/4ff17809-7acb-4480-8a30-35b63d0682aa.jpeg?h=225&w=225,
293944771,Tesco Indian Tarka Dhal 300G,https://www.tesco.com/groceries/en-GB/shop/fresh-food/all?department=Ready%20Meals&viewAll=department&page=,£2.15,£7.17/kg,,,/groceries/en-GB/products/293944771,https://digitalcontent.api.tesco.com/v2/media/ghs/5295ef1b-5761-449b-82e1-b94d52fec7ec/2179e8a1-01dd-4198-a223-bda54fd50a7d.jpeg?h=225&w=225,
268328146,Bottle Green 2 X 750Ml,https://www.tesco.com/groceries/en-GB/shop/fresh-food/all?department=Ready%20Meals&viewAll=department&page=,£4.95,£0.33/100ml,"Tesco Finest* Meal Deal for £12 Clubcard Price - Buy 1 Main, 1 Side, 1 Dessert & A Drink",,/groceries/en-GB/products/268328146,https://digitalcontent.api.tesco.com/v2/media/ghs/000700b7-2db4-4e05-bddd-dec0ff32cc89/8a6c7fb9-7130-4824-a120-c5f841c65532_273144432.jpeg?h=225&w=225,
309477360,Tesco Finest Pork Meatballs In A Tomatoes & Chorizo Sauce 500G,https://www.tesco.com/groceries/en-GB/shop/fresh-food/all?department=Ready%20Meals&viewAll=department&page=,£6.00,£12.00/kg,"Tesco Finest* Meal Deal for £12 Clubcard Price - Buy 1 Main, 1 Side, 1 Dessert & A Drink",,/groceries/en-GB/products/309477360,https://digitalcontent.api.tesco.com/v2/media/ghs/938cf20d-8e1b-4147-b5b4-a5e9af831923/f1cba437-7d63-4fc7-89a2-bd8d59587ead.jpeg?h=225&w=225,
311949139,"Tesco Finest Beef, Chorizo Chilli & Rice 400G",https://www.tesco.com/groceries/en-GB/shop/fresh-food/all?department=Ready%20Meals&viewAll=department&page=,£4.00,£10.00/kg,Any 2 for £7 Clubcard Price - Selected Tesco Finest* Ready Meals 350g - 475g,,/groceries/en-GB/products/311949139,https://digitalcontent.api.tesco.com/v2/media/ghs/9d38f3d6-72f0-43af-b65f-1fd545d2dead/3f7dedba-77b5-4426-a602-6094e9fbb41b_275230507.jpeg?h=225&w=225,
310124437,Tesco Three Cheese Pasta Bake 750G,https://www.tesco.com/groceries/en-GB/shop/fresh-food/all?department=Ready%20Meals&viewAll=department&page=,£3.75,£5.00/kg,,,/groceries/en-GB/products/310124437,https://digitalcontent.api.tesco.com/v2/media/ghs/0724fc7a-ffbb-4c4d-80d0-786866d57bd9/c785ad4a-de5d-411b-99fc-fe24d6e7f2f7.jpeg?h=225&w=225,
307735299,City Kitchen Hoisin Duck Noodles 380G,https://www.tesco.com/groceries/en-GB/shop/fresh-food/all?department=Ready%20Meals&viewAll=department&page=,£3.50,£9.22/kg,,,/groceries/en-GB/products/307735299,https://digitalcontent.api.tesco.com/v2/media/ghs/58eceef3-59ed-4256-b236-27534eff981d/1a476293-27ec-46dc-939b-8f370875b67f.jpeg?h=225&w=225,
286999376,Annabel Karmel Tomato & Mascarpone With Vegetables 200G,https://www.tesco.com/groceries/en-GB/shop/fresh-food/all?department=Ready%20Meals&viewAll=department&page=,£2.60,£13.00/kg,,,/groceries/en-GB/products/286999376,https://digitalcontent.api.tesco.com/v2/media/ghs/b5604fe4-3440-4e38-b69d-08b808a959b1/2de9ec96-f090-4322-b7a0-092b8e2a0fae.jpeg?h=225&w=225,
310676768,Tesco Vegetable Tikka Masala & Pilau Rice 400G,https://www.tesco.com/groceries/en-GB/shop/fresh-food/all?department=Ready%20Meals&viewAll=department&page=,£3.00,£7.50/kg,Any 3 for £7.50 Clubcard Price - Selected Tesco Ready Meals 340g-400g,,/groceries/en-GB/products/310676768,https://digitalcontent.api.tesco.com/v2/media/ghs/a173717d-cffc-4de9-878d-178513bede04/b4210b73-15ef-4e27-8b9a-4f7c50213a27.jpeg?h=225&w=225,
310688201,Tesco Chicken Vindaloo & Pilau Rice 400G,https://www.tesco.com/groceries/en-GB/shop/fresh-food/all?department=Ready%20Meals&viewAll=department&page=,£3.00,£7.50/kg,Any 3 for £7.50 Clubcard Price - Selected Tesco Ready Meals 340g-400g,,/groceries/en-GB/products/310688201,https://digitalcontent.api.tesco.com/v2/media/ghs/8141d319-1bba-475d-9c1c-54cc355ba90f/2feca7fb-fab2-4c5e-9668-bd367c8962c7.jpeg?h=225&w=225,
308486143,The City Kitchen Chicken & Chorizo Paella 380G,https://www.tesco.com/groceries/en-GB/shop/fresh-food/all?department=Ready%20Meals&viewAll=department&page=,£3.50,£9.22/kg,£3.00 Clubcard Price,,/groceries/en-GB/products/308486143,https://digitalcontent.api.tesco.com/v2/media/ghs/cceceb0b-d7fd-45dd-8d59-6b217e081331/9b7a8024-ff34-475c-b716-01e505b315d2.jpeg?h=225&w=225,
306660487,The Pizza Company Seasoned Potato Wedges 300G,https://www.tesco.com/groceries/en-GB/shop/fresh-food/all?department=Ready%20Meals&viewAll=department&page=,£3.00,£1.00/100g,"The Pizza Company Meal Deal for £6 Clubcard Price - Buy 1 Pizza, 1 Side & 1 Dips Stacker",,/groceries/en-GB/products/306660487,https://digitalcontent.api.tesco.com/v2/media/ghs/14f94ce5-f7d8-4503-a704-94d29c824eca/a2344a83-1133-4df3-8d05-aaf5c299fef9.jpeg?h=225&w=225,
308117989,The City Kitchen Honey Sriracha Chicken 380G,https://www.tesco.com/groceries/en-GB/shop/fresh-food/all?department=Ready%20Meals&viewAll=department&page=,£3.50,£9.22/kg,£3.00 Clubcard Price,,/groceries/en-GB/products/308117989,https://digitalcontent.api.tesco.com/v2/media/ghs/967825b4-994d-4b40-a776-dfc17f61b1a4/ea59af60-fad7-42e2-b881-5fdea946fabb.jpeg?h=225&w=225,
308869399,Hearty Food Co. Sweet & Sour Chicken & Rice 450G,https://www.tesco.com/groceries/en-GB/shop/fresh-food/all?department=Ready%20Meals&viewAll=department&page=,£2.29,£5.09/kg,Aldi Price Match,,/groceries/en-GB/products/308869399,https://digitalcontent.api.tesco.com/v2/media/ghs/6a0694ab-9768-4902-877b-976a1de46afc/15f1bde7-e19f-4734-8a04-1cff890b6757.jpeg?h=225&w=225,
308478677,Tesco Tex Mex Sticky Bbq Rib Rack 460G,https://www.tesco.com/groceries/en-GB/shop/fresh-food/all?department=Ready%20Meals&viewAll=department&page=,£4.20,£9.14/kg,,,/groceries/en-GB/products/308478677,https://digitalcontent.api.tesco.com/v2/media/ghs/1eae14a1-f79a-4e23-ae51-aeb4dce2d071/e5d2cd47-cb7e-46b3-971c-17c03850f023_157503315.jpeg?h=225&w=225,
309186151,Bol Piri Piri Sweet Potato & Coconut Power Pot 450G,https://www.tesco.com/groceries/en-GB/shop/fresh-food/all?department=Ready%20Meals&viewAll=department&page=,£2.70,£6.00/kg,£2.20 Clubcard Price,,/groceries/en-GB/products/309186151,https://digitalcontent.api.tesco.com/v2/media/ghs/c53aec9d-358e-4fcb-99d4-3a7fd9b97b81/e59c1b02-50da-4b2e-a166-cbe89792104f.jpeg?h=225&w=225,
265214819,Tesco Egg Fried Rice 250G,https://www.tesco.com/groceries/en-GB/shop/fresh-food/all?department=Ready%20Meals&viewAll=department&page=,£1.50,£6.00/kg,,,/groceries/en-GB/products/265214819,https://digitalcontent.api.tesco.com/v2/media/ghs/32199d19-9412-4ed3-9e31-c4c6ea1e99f5/cbfecd83-c6f6-478a-9c2e-ec8f77a5af73.jpeg?h=225&w=225,
310677773,Tesco Bbq Chicken With Jasmine Rice 400G,https://www.tesco.com/groceries/en-GB/shop/fresh-food/all?department=Ready%20Meals&viewAll=department&page=,£3.00,£7.50/kg,Any 3 for £7.50 Clubcard Price - Selected Tesco Ready Meals 340g-400g,,/groceries/en-GB/products/310677773,https://digitalcontent.api.tesco.com/v2/media/ghs/b37858a9-41e1-42a9-8354-f818c57487d0/3c9b9f03-c86d-454c-8723-8396dc5f3642.jpeg?h=225&w=225,
312213064,Tesco Calorie Controlled Chilli & Rice 380G,https://www.tesco.com/groceries/en-GB/shop/fresh-food/all?department=Ready%20Meals&viewAll=department&page=,£3.00,£7.90/kg,Any 3 for £7.50 Clubcard Price - Selected Tesco Ready Meals 340g-400g,,/groceries/en-GB/products/312213064,https://digitalcontent.api.tesco.com/v2/media/ghs/ecf112c6-7861-4ce1-b493-d8e1f2e066ed/7a3ab867-5028-44fa-ba30-460093537bd1.jpeg?h=225&w=225,
310126251,Tesco Coconut Chicken Curry & Jasmine Rice 400G,https://www.tesco.com/groceries/en-GB/shop/fresh-food/all?department=Ready%20Meals&viewAll=department&page=,£3.00,£7.50/kg,Any 3 for £7.50 Clubcard Price - Selected Tesco Ready Meals 340g-400g,,/groceries/en-GB/products/310126251,https://digitalcontent.api.tesco.com/v2/media/ghs/0cfd20c5-6dad-463e-83b6-7c554a5c5dbf/f755fb30-b666-43f1-8aff-aa3cef16cc87.jpeg?h=225&w=225,
312351625,Tesco Finest Caramelised Onion & Cheddar Flatbread 235G,https://www.tesco.com/groceries/en-GB/shop/fresh-food/all?department=Ready%20Meals&viewAll=department&page=,£2.60,£11.07/kg,"Tesco Finest* Meal Deal for £12 Clubcard Price - Buy 1 Main, 1 Side, 1 Dessert & A Drink",,/groceries/en-GB/products/312351625,https://digitalcontent.api.tesco.com/v2/media/ghs/0c815ae4-6725-4ad1-8860-ee0c02a9a5a0/b812ab6b-811e-49bb-aea6-7c28245d8f51.jpeg?h=225&w=225,
309786512,Charlie Bighams Butter Chicken Curry & Pilau Rice 812G,https://www.tesco.com/groceries/en-GB/shop/fresh-food/all?department=Ready%20Meals&viewAll=department&page=,£9.50,£11.70/kg,,,/groceries/en-GB/products/309786512,https://digitalcontent.api.tesco.com/v2/media/ghs/7470bbd6-8c97-4d1e-854c-dbeedda854f1/c8117a1e-2d74-4168-92c9-327629b82787.jpeg?h=225&w=225,
291243320,Charlie Bigham's Moussaka For Two 655G,https://www.tesco.com/groceries/en-GB/shop/fresh-food/all?department=Ready%20Meals&viewAll=department&page=,£8.95,£13.67/kg,£7.50 Clubcard Price,,/groceries/en-GB/products/291243320,https://digitalcontent.api.tesco.com/v2/media/ghs/04cc4f82-b768-49b7-9c02-4f97808c293c/da0c0fb8-daa2-4ea9-a5f2-5a2a7ee573fe.jpeg?h=225&w=225,
291242867,Charlie Bigham's Steak & Ale Pies 600G,https://www.tesco.com/groceries/en-GB/shop/fresh-food/all?department=Ready%20Meals&viewAll=department&page=,£8.90,£14.84/kg,,,/groceries/en-GB/products/291242867,https://digitalcontent.api.tesco.com/v2/media/ghs/8a69edf9-7756-4699-b610-19108234bf45/addcef03-7c4b-4c86-9a4c-09cee13c3b8a.jpeg?h=225&w=225,
305830858,Tesco Chicken & Blackbean & Sweet & Sour Chicken Meal Box 1.14Kg,https://www.tesco.com/groceries/en-GB/shop/fresh-food/all?department=Ready%20Meals&viewAll=department&page=,£7.90,£6.93/kg,£6.00 Clubcard Price,,/groceries/en-GB/products/305830858,https://digitalcontent.api.tesco.com/v2/media/ghs/7e10ca46-4b3a-4a5c-a10a-cac7245b7953/011c30ee-b62a-4bdc-ba57-d895c79e6dfe.jpeg?h=225&w=225,
307756413,Charlie Bigham's Shepherd's Pie 325G,https://www.tesco.com/groceries/en-GB/shop/fresh-food/all?department=Ready%20Meals&viewAll=department&page=,£6.00,£18.47/kg,,,/groceries/en-GB/products/307756413,https://digitalcontent.api.tesco.com/v2/media/ghs/b3b05840-6b79-4094-b0ba-219202178356/9d7bc908-8698-4bc8-99f6-f321b7afad9e.jpeg?h=225&w=225,
307740201,Tesco 2 Beef Burritos 430G,https://www.tesco.com/groceries/en-GB/shop/fresh-food/all?department=Ready%20Meals&viewAll=department&page=,£4.20,£9.77/kg,,,/groceries/en-GB/products/307740201,https://digitalcontent.api.tesco.com/v2/media/ghs/63271f12-8a6e-4934-9dcd-4f5d0250c13e/28f9fee1-a31e-46d4-a8fc-dec96ac48b0b.jpeg?h=225&w=225,
310164055,Tesco Five Bean Chilli & Potato Bake 750G,https://www.tesco.com/groceries/en-GB/shop/fresh-food/all?department=Ready%20Meals&viewAll=department&page=,£3.75,£5.00/kg,,,/groceries/en-GB/products/310164055,https://digitalcontent.api.tesco.com/v2/media/ghs/20e0acb5-b079-4e09-851c-617d2347b5e1/c7ad327b-64ab-4124-ac46-51995d8da985.jpeg?h=225&w=225,
304390901,Linda Mccartney Vegetable Hoisin Duck Meal Kit 350G,https://www.tesco.com/groceries/en-GB/shop/fresh-food/all?department=Ready%20Meals&viewAll=department&page=,£5.00,£14.29/kg,,,/groceries/en-GB/products/304390901,https://digitalcontent.api.tesco.com/v2/media/ghs/99075f02-acf6-48e0-9d64-cb685ab7508f/f829b47c-f03d-4be3-9503-ed95b92686b4.jpeg?h=225&w=225,
300726126,Tesco Finest Lasagne 1.4Kg,https://www.tesco.com/groceries/en-GB/shop/fresh-food/all?department=Ready%20Meals&viewAll=department&page=,£8.90,£6.36/kg,,,/groceries/en-GB/products/300726126,https://digitalcontent.api.tesco.com/v2/media/ghs/56feacb1-fe1b-4d55-be3d-71d899c8e445/5058aa27-b1e2-4d19-a582-a1eb25c85ff0.jpeg?h=225&w=225,
310139495,Tesco Chicken Madras 400G,https://www.tesco.com/groceries/en-GB/shop/fresh-food/all?department=Ready%20Meals&viewAll=department&page=,£4.00,£10.00/kg,,,/groceries/en-GB/products/310139495,https://digitalcontent.api.tesco.com/v2/media/ghs/7d58c188-3424-4779-916a-070acba7aad9/cb953b1d-c9ae-40b2-a19e-55ff9f4309d6.jpeg?h=225&w=225,
308087483,Kirsty's Lentil Lasagne 400G,https://www.tesco.com/groceries/en-GB/shop/fresh-food/all?department=Ready%20Meals&viewAll=department&page=,£3.50,£8.75/kg,,,/groceries/en-GB/products/308087483,https://digitalcontent.api.tesco.com/v2/media/ghs/92c893aa-fe57-4cf0-89ee-b486d3fc2ec5/74019279-25cd-4846-86a2-63b634790fc5.jpeg?h=225&w=225,
312225171,The Gym Kitchen Thai Green Chicken Curry 400G,https://www.tesco.com/groceries/en-GB/shop/fresh-food/all?department=Ready%20Meals&viewAll=department&page=,£3.75,£9.38/kg,,,/groceries/en-GB/products/312225171,https://digitalcontent.api.tesco.com/v2/media/ghs/26d4c697-03ed-46f2-8adb-0b2d9943469a/42df5bfd-9835-474b-8d07-8eb4b50a426b.jpeg?h=225&w=225,
312722072,Wasabi Chicken Katsu Yakisoba 450G,https://www.tesco.com/groceries/en-GB/shop/fresh-food/all?department=Ready%20Meals&viewAll=department&page=,£4.25,£9.45/kg,,,/groceries/en-GB/products/312722072,https://digitalcontent.api.tesco.com/v2/media/ghs/9378cdf8-6c26-45c0-a7b9-f4fcfa406446/82084f9e-4bb7-4927-966e-d36ce0c7059c.jpeg?h=225&w=225,
313003426,Wasabi Sweet Chilli Chicken Yakisoba Noodles 450G,https://www.tesco.com/groceries/en-GB/shop/fresh-food/all?department=Ready%20Meals&viewAll=department&page=,£4.25,£9.45/kg,,,/groceries/en-GB/products/313003426,https://digitalcontent.api.tesco.com/v2/media/ghs/6688b84b-6100-4907-982c-66522d8755ea/d61e7b21-617e-4ea4-beb6-d00e15aa0d8a.jpeg?h=225&w=225,
307357989,Heat & Enjoy Sweet & Sour Chicken Balls 315G,https://www.tesco.com/groceries/en-GB/shop/fresh-food/all?department=Ready%20Meals&viewAll=department&page=,£4.00,£12.70/kg,Heat & Enjoy Meal Deal for £6 Clubcard Price - Buy 1 Main And 2 Extras,,/groceries/en-GB/products/307357989,https://digitalcontent.api.tesco.com/v2/media/ghs/0953d67f-7558-4703-a1c3-1509e961ce82/f72b5416-6ad9-457a-bd8e-e036437b529c.jpeg?h=225&w=225,
305833878,Tesco Meal For 2 Green & Red Thai Chicken Curry 1.11Kg,https://www.tesco.com/groceries/en-GB/shop/fresh-food/all?department=Ready%20Meals&viewAll=department&page=,£7.90,£7.12/kg,£6.00 Clubcard Price,,/groceries/en-GB/products/305833878,https://digitalcontent.api.tesco.com/v2/media/ghs/d6bdf117-a41b-4bcc-bc9d-561772a54f7d/2e7941b6-e919-4b72-a1ac-8d6494fcfb32.jpeg?h=225&w=225,
309172674,Bol Posh Noodles Korean Chilli Ramen 345G,https://www.tesco.com/groceries/en-GB/shop/fresh-food/all?department=Ready%20Meals&viewAll=department&page=,£3.25,£9.43/kg,£2.75 Clubcard Price,,/groceries/en-GB/products/309172674,https://digitalcontent.api.tesco.com/v2/media/ghs/0a3c68d9-d12c-4e5e-8e97-b18769b1f582/f0917500-3da5-42ba-b5d5-e52755168f7e.jpeg?h=225&w=225,
308832431,Pizza Express Lasagna Classica 640G,https://www.tesco.com/groceries/en-GB/shop/fresh-food/all?department=Ready%20Meals&viewAll=department&page=,£6.00,£0.94/100g,Pizza Express Meal Deal for £12 Clubcard Price - Buy 2 Mains & 2 Sides Or Desserts,,/groceries/en-GB/products/308832431,https://digitalcontent.api.tesco.com/v2/media/ghs/90758426-a906-49a3-91e5-7484d652f42b/529c88a1-e741-44d5-bf12-567d49146803.jpeg?h=225&w=225,
294237380,Bol Thai Coconut Curry 345G,https://www.tesco.com/groceries/en-GB/shop/fresh-food/all?department=Ready%20Meals&viewAll=department&page=,£3.25,£9.43/kg,£2.75 Clubcard Price,,/groceries/en-GB/products/294237380,https://digitalcontent.api.tesco.com/v2/media/ghs/8305303e-c18a-47e1-ba14-92c5e7a47538/85aef8bb-b677-4838-87db-473d6d627aab.jpeg?h=225&w=225,
309789463,Tesco Finest 2 Peshwari Naans,https://www.tesco.com/groceries/en-GB/shop/fresh-food/all?department=Ready%20Meals&viewAll=department&page=,£2.10,£1.05/each,,,/groceries/en-GB/products/309789463,https://digitalcontent.api.tesco.com/v2/media/ghs/5f463006-7cb5-492f-b73c-7fd29665c860/605b60e8-6c53-4a29-b617-02978a8cd5fc.jpeg?h=225&w=225,
307156582,Tesco Plant Chef Mushroom Fettuccine Pasta 400G,https://www.tesco.com/groceries/en-GB/shop/fresh-food/all?department=Ready%20Meals&viewAll=department&page=,£3.00,£7.50/kg,,,/groceries/en-GB/products/307156582,https://digitalcontent.api.tesco.com/v2/media/ghs/f2f03111-34c9-4e6c-a9e8-b6c2ceebaafc/06e98be1-c513-4be9-84f4-d6070deaf941.jpeg?h=225&w=225,
312358514,The Gym Kitchen Piri Piri Chicken 400G,https://www.tesco.com/groceries/en-GB/shop/fresh-food/all?department=Ready%20Meals&viewAll=department&page=,£3.75,£9.38/kg,,,/groceries/en-GB/products/312358514,https://digitalcontent.api.tesco.com/v2/media/ghs/c4d34494-aed7-4442-a7b4-b5e9b3cf8432/1156d4e3-2d02-44e4-8a88-af7965e3b5bb.jpeg?h=225&w=225,
312084152,Tesco Sweet & Sour Chicken Meal For One 500G,https://www.tesco.com/groceries/en-GB/shop/fresh-food/all?department=Ready%20Meals&viewAll=department&page=,£3.75,£7.50/kg,£2.75 Clubcard Price,,/groceries/en-GB/products/312084152,https://digitalcontent.api.tesco.com/v2/media/ghs/362e97cd-cabd-4cc8-abb3-ce6dd0f341d1/8df73c55-14f6-4b3a-b985-1600535983cc.jpeg?h=225&w=225,
293943576,Tesco Potato Chips 450G,https://www.tesco.com/groceries/en-GB/shop/fresh-food/all?department=Ready%20Meals&viewAll=department&page=,£2.25,£5.00/kg,,,/groceries/en-GB/products/293943576,https://digitalcontent.api.tesco.com/v2/media/ghs/bcb752ab-cdd6-4303-aacb-0c4d0d352754/9e26cf37-7356-4772-a652-feaac00563c9.jpeg?h=225&w=225,
308471990,The City Kitchen Chicken Penang Curry 380G,https://www.tesco.com/groceries/en-GB/shop/fresh-food/all?department=Ready%20Meals&viewAll=department&page=,£3.50,£9.22/kg,£3.00 Clubcard Price,,/groceries/en-GB/products/308471990,https://digitalcontent.api.tesco.com/v2/media/ghs/6e6e138c-6243-4d5c-adef-30266a9462d7/bcd1b16d-e1f5-45b7-9696-98ab4afb46c2.jpeg?h=225&w=225,
301297199,Finest Portobello Mushroom Stroganoff 400G,https://www.tesco.com/groceries/en-GB/shop/fresh-food/all?department=Ready%20Meals&viewAll=department&page=,£6.00,£15.00/kg,"Tesco Finest* Meal Deal for £12 Clubcard Price - Buy 1 Main, 1 Side, 1 Dessert & A Drink",,/groceries/en-GB/products/301297199,https://digitalcontent.api.tesco.com/v2/media/ghs/071ab951-055a-4c71-b713-a3531b5710a8/31d60dcd-af8b-4a09-8422-8ba2d4b3a37b.jpeg?h=225&w=225,
288458115,Tesco Peas & Carrots 300G,https://www.tesco.com/groceries/en-GB/shop/fresh-food/all?department=Ready%20Meals&viewAll=department&page=,£2.00,£6.67/kg,,,/groceries/en-GB/products/288458115,https://digitalcontent.api.tesco.com/v2/media/ghs/c0310e21-dcdf-4deb-827e-753ca491c3c8/b2f28917-3532-48ec-8a66-951e3de87759.jpeg?h=225&w=225,
310150808,Tesco Sausage & Mash Pie 750G,https://www.tesco.com/groceries/en-GB/shop/fresh-food/all?department=Ready%20Meals&viewAll=department&page=,£3.75,£5.00/kg,£2.75 Clubcard Price,,/groceries/en-GB/products/310150808,https://digitalcontent.api.tesco.com/v2/media/ghs/4b76c60f-499c-4193-9398-db3f77d29a47/a65cc1e1-f4c1-4fb5-96e8-9e26449d5dac.jpeg?h=225&w=225,
308482942,Tesco Tex Mex Smoky Bbq Rib Rack 460G,https://www.tesco.com/groceries/en-GB/shop/fresh-food/all?department=Ready%20Meals&viewAll=department&page=,£4.20,£9.14/kg,,,/groceries/en-GB/products/308482942,https://digitalcontent.api.tesco.com/v2/media/ghs/471d7dc3-adb4-4ffc-bdd7-853b433ba738/1f98b316-7d9c-407e-a4fe-e62482294a8d_1794385220.jpeg?h=225&w=225,
308466979,Tesco Beautifully Balanced Harissa Chicken & Roasted Potatoes 380G,https://www.tesco.com/groceries/en-GB/shop/fresh-food/all?department=Ready%20Meals&viewAll=department&page=,£3.70,£9.74/kg,,,/groceries/en-GB/products/308466979,https://digitalcontent.api.tesco.com/v2/media/ghs/f2576289-7780-4df3-b06e-8f8ac6a62703/d0ede572-f1a2-48c1-bcae-00480d7bd962.jpeg?h=225&w=225,
310658491,Tesco Finest The Ultimate Lasagne 700G,https://www.tesco.com/groceries/en-GB/shop/fresh-food/all?department=Ready%20Meals&viewAll=department&page=,£7.75,£11.08/kg,£6.75 Clubcard Price,,/groceries/en-GB/products/310658491,https://digitalcontent.api.tesco.com/v2/media/ghs/833097f6-a5ea-491b-8efd-e28e571e63fa/fcb24083-5ebf-4f5f-8eae-d219421ffcc7.jpeg?h=225&w=225,
294128699,Tesco Honey Roasting Parsnips 300G,https://www.tesco.com/groceries/en-GB/shop/fresh-food/all?department=Ready%20Meals&viewAll=department&page=,£2.00,£6.67/kg,,,/groceries/en-GB/products/294128699,https://digitalcontent.api.tesco.com/v2/media/ghs/e61f3c56-b2e2-4ac1-b9de-419232320b13/3a00961f-7dda-4bb0-a559-58e97495cbc3.jpeg?h=225&w=225,
310658519,Tesco Pesto Pasta 400G,https://www.tesco.com/groceries/en-GB/shop/fresh-food/all?department=Ready%20Meals&viewAll=department&page=,£3.00,£7.50/kg,Any 3 for £7.50 Clubcard Price - Selected Tesco Ready Meals 340g-400g,,/groceries/en-GB/products/310658519,https://digitalcontent.api.tesco.com/v2/media/ghs/8f2da12d-9620-42eb-bb2c-fa90de7cea2f/1a77c211-cf7e-473d-b939-deccd59d0538.jpeg?h=225&w=225,
310108175,Tesco Finest Rarebit Chips 350G,https://www.tesco.com/groceries/en-GB/shop/fresh-food/all?department=Ready%20Meals&viewAll=department&page=,£2.60,£7.43/kg,"Tesco Finest* Meal Deal for £12 Clubcard Price - Buy 1 Main, 1 Side, 1 Dessert & A Drink",,/groceries/en-GB/products/310108175,https://digitalcontent.api.tesco.com/v2/media/ghs/5e5468e9-e49c-4c3c-81bc-aa9e161d0810/9f1b599b-bebb-4ecc-92cd-5115e14b1d3c.jpeg?h=225&w=225,
291243267,Charlie Bigham's Thai Red Chicken Curry 835G,https://www.tesco.com/groceries/en-GB/shop/fresh-food/all?department=Ready%20Meals&viewAll=department&page=,£9.50,£11.38/kg,,,/groceries/en-GB/products/291243267,https://digitalcontent.api.tesco.com/v2/media/ghs/1567b61c-2adc-4f16-9a47-8db9442fb007/c5a1de66-7b23-4ca3-b724-82cde86dad93.jpeg?h=225&w=225,
291242723,Charlie Bigham's Macaroni Cheese 670G,https://www.tesco.com/groceries/en-GB/shop/fresh-food/all?department=Ready%20Meals&viewAll=department&page=,£8.95,£13.36/kg,£7.50 Clubcard Price,,/groceries/en-GB/products/291242723,https://digitalcontent.api.tesco.com/v2/media/ghs/af479a24-5ffc-4fbe-9196-4f0b572de928/de8e21d8-6904-4e84-9d64-999f0a30eefb.jpeg?h=225&w=225,
310144056,Charlie Bighams Smoked Haddock Gratin 650G,https://www.tesco.com/groceries/en-GB/shop/fresh-food/all?department=Ready%20Meals&viewAll=department&page=,£8.95,£13.77/kg,£7.50 Clubcard Price,,/groceries/en-GB/products/310144056,https://digitalcontent.api.tesco.com/v2/media/ghs/449bf651-7ea4-4f19-8cae-132397cedaed/aeaedce8-844e-4768-bcf7-3828d8873163.jpeg?h=225&w=225,
291243440,Charlie Bigham's Chicken & Mushroom Risotto 700G,https://www.tesco.com/groceries/en-GB/shop/fresh-food/all?department=Ready%20Meals&viewAll=department&page=,£8.95,£1.28/100g,£7.50 Clubcard Price,,/groceries/en-GB/products/291243440,https://digitalcontent.api.tesco.com/v2/media/ghs/0e3e518f-509b-4c08-a6d6-b36d6fa6e3d6/0473eb70-ab62-4474-8fdd-efa742824eee.jpeg?h=225&w=225,
265213757,Tesco Crispy Aromatic Half Duck 510G,https://www.tesco.com/groceries/en-GB/shop/fresh-food/all?department=Ready%20Meals&viewAll=department&page=,£7.00,£13.73/kg,,,/groceries/en-GB/products/265213757,https://digitalcontent.api.tesco.com/v2/media/ghs/21e50b61-d95f-4afb-8353-8e8ae495513c/fa5f5009-ba50-4481-b863-e79dedfb8a46.jpeg?h=225&w=225,
310674298,Tesco Finest The Ultimate Fish Pie 700G,https://www.tesco.com/groceries/en-GB/shop/fresh-food/all?department=Ready%20Meals&viewAll=department&page=,£7.75,£11.08/kg,£6.75 Clubcard Price,,/groceries/en-GB/products/310674298,https://digitalcontent.api.tesco.com/v2/media/ghs/d6dffe9a-738c-43ae-bf83-f2414d92315a/70adc873-528f-4065-8973-8b69ad64b2ee_943250348.jpeg?h=225&w=225,
305942829,Kirstys Cottage Pie With Sweet Potato Mash 400G,https://www.tesco.com/groceries/en-GB/shop/fresh-food/all?department=Ready%20Meals&viewAll=department&page=,£3.50,£8.75/kg,,,/groceries/en-GB/products/305942829,https://digitalcontent.api.tesco.com/v2/media/ghs/68ae7333-7717-422a-a3cd-fbcb4372e657/42d1d5ab-907d-4813-8d59-f52516abd9ef.jpeg?h=225&w=225,
312844365,Wasabi Vegetable Gyoza & Yakisoba Noodles 450G,https://www.tesco.com/groceries/en-GB/shop/fresh-food/all?department=Ready%20Meals&viewAll=department&page=,£4.25,£9.45/kg,,,/groceries/en-GB/products/312844365,https://digitalcontent.api.tesco.com/v2/media/ghs/5a310900-994c-449e-b21d-c745a3efb15f/73bb82dc-f051-4e24-bd00-463d66bfc0cb.jpeg?h=225&w=225,
312090196,"Tesco Finest Chicken , Chorizo & Prawn Paella 800G",https://www.tesco.com/groceries/en-GB/shop/fresh-food/all?department=Ready%20Meals&viewAll=department&page=,£6.00,£7.50/kg,,,/groceries/en-GB/products/312090196,https://digitalcontent.api.tesco.com/v2/media/ghs/84881330-c531-401e-a4e1-0b1e54c070ea/c5e32153-2847-471b-9caf-b14e7981cc28_537907419.jpeg?h=225&w=225,
312831432,Wasabi Sweet Chilli Chicken With Rice 450G,https://www.tesco.com/groceries/en-GB/shop/fresh-food/all?department=Ready%20Meals&viewAll=department&page=,£4.25,£9.45/kg,,,/groceries/en-GB/products/312831432,https://digitalcontent.api.tesco.com/v2/media/ghs/e45dfb8c-70f9-41bc-93db-6e496d3082c1/6fe687d0-4f38-4172-9a31-1879a6f56094.jpeg?h=225&w=225,
312226170,Quorn Tikka Masala With Rice 400G,https://www.tesco.com/groceries/en-GB/shop/fresh-food/all?department=Ready%20Meals&viewAll=department&page=,£3.50,£8.75/kg,,,/groceries/en-GB/products/312226170,https://digitalcontent.api.tesco.com/v2/media/ghs/ae989960-e58e-4119-b666-00f25c69189d/13aac218-1435-444c-b7c1-78c92c286ae6.jpeg?h=225&w=225,
311682557,Quorn Lasagne 380G,https://www.tesco.com/groceries/en-GB/shop/fresh-food/all?department=Ready%20Meals&viewAll=department&page=,£3.50,£9.22/kg,,,/groceries/en-GB/products/311682557,https://digitalcontent.api.tesco.com/v2/media/ghs/774702f4-ff98-4be2-9619-103f341b7829/36faa351-db23-4308-918d-3a4978c0b1a6.jpeg?h=225&w=225,
307336951,Heat & Enjoy Egg Fried Rice 400G,https://www.tesco.com/groceries/en-GB/shop/fresh-food/all?department=Ready%20Meals&viewAll=department&page=,£2.50,£6.25/kg,Heat & Enjoy Meal Deal for £6 Clubcard Price - Buy 1 Main And 2 Extras,,/groceries/en-GB/products/307336951,https://digitalcontent.api.tesco.com/v2/media/ghs/57fb01d0-4345-4e8e-8c2d-4b301c584160/1369366c-0584-4781-848e-52eaaa3afdb1.jpeg?h=225&w=225,
312573397,Quorn Thai Style Green Curry With Rice 400G,https://www.tesco.com/groceries/en-GB/shop/fresh-food/all?department=Ready%20Meals&viewAll=department&page=,£3.50,£8.75/kg,£3.00 Clubcard Price,,/groceries/en-GB/products/312573397,https://digitalcontent.api.tesco.com/v2/media/ghs/f77ace1c-b239-4228-8722-67130ed47edf/6d82546b-5001-4bf7-afd8-ddc5bb42c06e.jpeg?h=225&w=225,
312088142,Quorn Chilli With Rice 400G,https://www.tesco.com/groceries/en-GB/shop/fresh-food/all?department=Ready%20Meals&viewAll=department&page=,£3.50,£8.75/kg,£3.00 Clubcard Price,,/groceries/en-GB/products/312088142,https://digitalcontent.api.tesco.com/v2/media/ghs/db69af5a-d35f-4d35-b831-dbaf68f9ac90/5e9e2682-e904-4ed8-a30f-2c2e7faf9cad.jpeg?h=225&w=225,
311686991,Kirsty's Gluten Free Sweet & Sour Chicken & Rice 450G,https://www.tesco.com/groceries/en-GB/shop/fresh-food/all?department=Ready%20Meals&viewAll=department&page=,£3.50,£7.78/kg,,,/groceries/en-GB/products/311686991,https://digitalcontent.api.tesco.com/v2/media/ghs/6bc78d77-e936-4140-a63a-d3a1ffd7f472/0f6e376f-133f-4f59-9be7-808a03c947d5.jpeg?h=225&w=225,
312230187,Quorn Sweet & Sour With Rice 400G,https://www.tesco.com/groceries/en-GB/shop/fresh-food/all?department=Ready%20Meals&viewAll=department&page=,£3.50,£8.75/kg,£3.00 Clubcard Price,,/groceries/en-GB/products/312230187,https://digitalcontent.api.tesco.com/v2/media/ghs/a29fbdba-20de-4c89-b21b-9c2d04c929c4/6a77d71b-ba3f-416d-86d1-06e16093ebb2.jpeg?h=225&w=225,
309202339,Bol Posh Noodles Thai Aromatic Charcoal Noodles 345G,https://www.tesco.com/groceries/en-GB/shop/fresh-food/all?department=Ready%20Meals&viewAll=department&page=,£3.25,£9.43/kg,£2.75 Clubcard Price,,/groceries/en-GB/products/309202339,https://digitalcontent.api.tesco.com/v2/media/ghs/860e85c7-58ea-4248-955d-0d3af2846568/e7c02eb5-0f5e-4931-b3a6-8c61f3748a9a.jpeg?h=225&w=225,
308462049,Tesco Peking Mini Ribs 300G,https://www.tesco.com/groceries/en-GB/shop/fresh-food/all?department=Ready%20Meals&viewAll=department&page=,£3.00,£10.00/kg,,,/groceries/en-GB/products/308462049,https://digitalcontent.api.tesco.com/v2/media/ghs/24583094-4373-435b-99a1-106c8baef4b6/b420f267-692d-4b5e-a516-368591a4417e_1623849536.jpeg?h=225&w=225,
312222485,Tesco Calorie Controlled Vegetable Arrabbiata 380G,https://www.tesco.com/groceries/en-GB/shop/fresh-food/all?department=Ready%20Meals&viewAll=department&page=,£3.00,£7.90/kg,Any 3 for £7.50 Clubcard Price - Selected Tesco Ready Meals 340g-400g,,/groceries/en-GB/products/312222485,https://digitalcontent.api.tesco.com/v2/media/ghs/81480803-d54f-4047-98de-d7cc3d137396/3a90320c-d468-4894-8239-12f6a8266520.jpeg?h=225&w=225,
267030100,Risotto Gallo Risotto Pronto 4 Cheese 175G,https://www.tesco.com/groceries/en-GB/shop/fresh-food/all?department=Ready%20Meals&viewAll=department&page=,£2.65,£1.52/100g,,,/groceries/en-GB/products/267030100,https://digitalcontent.api.tesco.com/v2/media/ghs/fece5297-89f7-448d-a4ee-568120677534/snapshotimagehandler_1700457429.jpeg?h=225&w=225,
307159112,Heat & Enjoy Mozzarella Dippers 200G,https://www.tesco.com/groceries/en-GB/shop/fresh-food/all?department=Ready%20Meals&viewAll=department&page=,£2.50,£12.50/kg,Heat & Enjoy Meal Deal for £6 Clubcard Price - Buy 1 Main And 2 Extras,,/groceries/en-GB/products/307159112,https://digitalcontent.api.tesco.com/v2/media/ghs/4e9e6f55-2f44-423c-b522-bdabd7d71a3c/f96dfdea-93e5-4913-b60e-7241f4eaceda.jpeg?h=225&w=225,
307339239,Bol Japanese Katsu Curry Vegetable Pot 345G,https://www.tesco.com/groceries/en-GB/shop/fresh-food/all?department=Ready%20Meals&viewAll=department&page=,£3.25,£9.43/kg,£2.75 Clubcard Price,,/groceries/en-GB/products/307339239,https://digitalcontent.api.tesco.com/v2/media/ghs/9a5736cf-309f-4101-bebf-f6948e504bff/dde9f8cc-6285-457e-9820-6c1e97fdd603.jpeg?h=225&w=225,
298231564,Hearty Food Company Lasagne 400G,https://www.tesco.com/groceries/en-GB/shop/fresh-food/all?department=Ready%20Meals&viewAll=department&page=,£2.49,£6.23/kg,Aldi Price Match,,/groceries/en-GB/products/298231564,https://digitalcontent.api.tesco.com/v2/media/ghs/ce909b38-dff3-495f-8ffb-f758699ec5ec/4b9e5d3a-0681-46b3-8949-9f946cea8ea8.jpeg?h=225&w=225,
312221428,Tesco Calorie Controlled Prawn Linguine 360G,https://www.tesco.com/groceries/en-GB/shop/fresh-food/all?department=Ready%20Meals&viewAll=department&page=,£3.00,£8.34/kg,Any 3 for £7.50 Clubcard Price - Selected Tesco Ready Meals 340g-400g,,/groceries/en-GB/products/312221428,https://digitalcontent.api.tesco.com/v2/media/ghs/032795de-0e43-46bb-9bc4-811f45d93c0c/40adfdaa-d412-4cb5-923d-838f7fd572bc.jpeg?h=225&w=225,
309750779,Tesco Thai Yellow Chicken Curry With Js/Rice 400G,https://www.tesco.com/groceries/en-GB/shop/fresh-food/all?department=Ready%20Meals&viewAll=department&page=,£3.00,£7.50/kg,Any 3 for £7.50 Clubcard Price - Selected Tesco Ready Meals 340g-400g,,/groceries/en-GB/products/309750779,https://digitalcontent.api.tesco.com/v2/media/ghs/de985a01-7e6f-4c2a-a724-dd4e99b60093/67f6e85f-619f-4699-bd75-06ae8c3b3527.jpeg?h=225&w=225,
308847794,Hearty Food Co. Chicken T.Masala& Pilau Rice 450G,https://www.tesco.com/groceries/en-GB/shop/fresh-food/all?department=Ready%20Meals&viewAll=department&page=,£2.29,£5.09/kg,Aldi Price Match,,/groceries/en-GB/products/308847794,https://digitalcontent.api.tesco.com/v2/media/ghs/02785aba-2991-432d-8ea3-21ce35ffd641/d4be224e-da97-4553-ae5c-453c6ac3410d.jpeg?h=225&w=225,
308827991,Wicked Kitchen Meat Free Hoisin & Rice 380G,https://www.tesco.com/groceries/en-GB/shop/fresh-food/all?department=Ready%20Meals&viewAll=department&page=,£3.50,£9.22/kg,,,/groceries/en-GB/products/308827991,https://digitalcontent.api.tesco.com/v2/media/ghs/3b863241-ff7f-4c14-bee1-239a7ff97df6/5bc7ca7a-f3d5-4ac7-bbda-5a24515cf748.jpeg?h=225&w=225,
309779325,Tesco Finest Saag Paneer 300G,https://www.tesco.com/groceries/en-GB/shop/fresh-food/all?department=Ready%20Meals&viewAll=department&page=,£2.60,£8.67/kg,,,/groceries/en-GB/products/309779325,https://digitalcontent.api.tesco.com/v2/media/ghs/0d0d846b-37e7-4307-853d-4dc24d28045b/18d076f8-8a26-4746-8545-036c5c217951.jpeg?h=225&w=225,
295125211,Tesco Free From Katsu Chicken Curry Rice 400G,https://www.tesco.com/groceries/en-GB/shop/fresh-food/all?department=Ready%20Meals&viewAll=department&page=,£3.00,£7.50/kg,,,/groceries/en-GB/products/295125211,https://digitalcontent.api.tesco.com/v2/media/ghs/6c02ea37-7f5e-4131-ac2c-2bc527031468/ce88db2f-752e-486a-8ae7-59cb69303d39.jpeg?h=225&w=225,
298910550,Wicked Kitchen Nana's Mushroom Bolognese 400G,https://www.tesco.com/groceries/en-GB/shop/fresh-food/all?department=Ready%20Meals&viewAll=department&page=,£3.50,£8.75/kg,,,/groceries/en-GB/products/298910550,https://digitalcontent.api.tesco.com/v2/media/ghs/6d5727e8-b938-44e9-8539-cfc673b9bc29/76eddf05-9ff6-4a33-8bac-ea404142b145.jpeg?h=225&w=225,
291252770,Charlie Bigham's Spanish Chicken 775G,https://www.tesco.com/groceries/en-GB/shop/fresh-food/all?department=Ready%20Meals&viewAll=department&page=,£9.50,£12.26/kg,,,/groceries/en-GB/products/291252770,https://digitalcontent.api.tesco.com/v2/media/ghs/83958f81-493d-4f2f-a9f9-ac5d51ea6dec/7024b215-eab7-4356-943f-472e53b77da6.jpeg?h=225&w=225,
310187609,Charlie Bigham's Chicken Satay Curry & Fragrance Rice 805G,https://www.tesco.com/groceries/en-GB/shop/fresh-food/all?department=Ready%20Meals&viewAll=department&page=,£9.50,£11.81/kg,,,/groceries/en-GB/products/310187609,https://digitalcontent.api.tesco.com/v2/media/ghs/11656236-d34e-447b-b4b8-db6521c53308/6f566a53-c7a1-47db-aefd-6b19a05faca6.jpeg?h=225&w=225,
310181662,Tesco Finest The Ultimate Cottage Pie 800G,https://www.tesco.com/groceries/en-GB/shop/fresh-food/all?department=Ready%20Meals&viewAll=department&page=,£7.75,£9.69/kg,£6.75 Clubcard Price,,/groceries/en-GB/products/310181662,https://digitalcontent.api.tesco.com/v2/media/ghs/27d3ce3b-b92f-46bd-a4fb-ffdeb48d9fb9/2dd3eb4f-ec09-40a4-b207-e717e3932caa.jpeg?h=225&w=225,
305829757,Tesco Chicken Jalfrezi & Chicken Korma Meal For 2 1.3Kg,https://www.tesco.com/groceries/en-GB/shop/fresh-food/all?department=Ready%20Meals&viewAll=department&page=,£7.90,£6.08/kg,,,/groceries/en-GB/products/305829757,https://digitalcontent.api.tesco.com/v2/media/ghs/75e5ec8b-72ee-440a-afab-3fcf58bf2598/4bd7262c-2f67-4a08-8c8d-93a52fd97947.jpeg?h=225&w=225,
265192066,Tesco Finest Lamb Shanks With Roasted Vegetable 1.15Kg,https://www.tesco.com/groceries/en-GB/shop/fresh-food/all?department=Ready%20Meals&viewAll=department&page=,£12.60,£10.96/kg,,,/groceries/en-GB/products/265192066,https://digitalcontent.api.tesco.com/v2/media/ghs/022ac014-274b-47b7-8729-5a97773ce1c9/0485506c-1724-419c-8f1b-6fc8a2d0492d.jpeg?h=225&w=225,
285635665,Tesco Chicken & Tomato Pasta Bake 1.5Kg,https://www.tesco.com/groceries/en-GB/shop/fresh-food/all?department=Ready%20Meals&viewAll=department&page=,£6.45,£4.30/kg,,,/groceries/en-GB/products/285635665,https://digitalcontent.api.tesco.com/v2/media/ghs/bbab8956-9d60-4cf6-958e-231ead1ea930/3b4f1915-08ce-483c-ae89-e5a69ae223b3.jpeg?h=225&w=225,
308492285,Tesco Tex Mex Sticky Bbq Mini Ribs 300G,https://www.tesco.com/groceries/en-GB/shop/fresh-food/all?department=Ready%20Meals&viewAll=department&page=,£3.60,£12.00/kg,,,/groceries/en-GB/products/308492285,https://digitalcontent.api.tesco.com/v2/media/ghs/2dae5ee6-0ed4-46ea-827f-3db6305dfdf0/0e7961a9-3872-443a-8a1d-8adeeca081a7_680789553.jpeg?h=225&w=225,
312570890,This Isn't Chicken Thai Green Curry 380G,https://www.tesco.com/groceries/en-GB/shop/fresh-food/all?department=Ready%20Meals&viewAll=department&page=,£3.95,£10.40/kg,,New,/groceries/en-GB/products/312570890,https://digitalcontent.api.tesco.com/v2/media/ghs/901c4003-4d1e-42c4-9194-0128905b24d9/bc60bd4c-b11a-46c0-b876-635c12809f76.jpeg?h=225&w=225,
312567324,Wasabi Korean Bbq Beef With Rice 450G,https://www.tesco.com/groceries/en-GB/shop/fresh-food/all?department=Ready%20Meals&viewAll=department&page=,£4.25,£9.45/kg,,,/groceries/en-GB/products/312567324,https://digitalcontent.api.tesco.com/v2/media/ghs/13df4c2a-4b53-454b-964e-da561bdf9a6f/77257bfc-7b07-4c03-bd84-e3514954fa6e.jpeg?h=225&w=225,
309168609,Kirsty's Gluten Free Chicken Tikka Masala & Spiced Rice 450G,https://www.tesco.com/groceries/en-GB/shop/fresh-food/all?department=Ready%20Meals&viewAll=department&page=,£3.50,£7.78/kg,,,/groceries/en-GB/products/309168609,https://digitalcontent.api.tesco.com/v2/media/ghs/81584ca4-caf9-4320-a3cd-5e3414cf40b5/53d66ddb-56e1-498a-9f06-729f51d0779a.jpeg?h=225&w=225,
308869641,Tesco Special Fried Rice 350G,https://www.tesco.com/groceries/en-GB/shop/fresh-food/all?department=Ready%20Meals&viewAll=department&page=,£3.00,£8.58/kg,,,/groceries/en-GB/products/308869641,https://digitalcontent.api.tesco.com/v2/media/ghs/372fe8a2-e692-40d9-b1d8-c0c2b3136b83/2a4d67b7-3717-4fe4-8f13-ff9a21284446.jpeg?h=225&w=225,
307363682,Heat & Enjoy Boneless Mini Chicken Fillets 400G,https://www.tesco.com/groceries/en-GB/shop/fresh-food/all?department=Ready%20Meals&viewAll=department&page=,£4.00,£10.00/kg,Heat & Enjoy Meal Deal for £6 Clubcard Price - Buy 1 Main And 2 Extras,,/groceries/en-GB/products/307363682,https://digitalcontent.api.tesco.com/v2/media/ghs/52728698-1f92-4417-a0a9-1bd945ff327a/d274fe2a-aac7-4bd9-9b17-6fd0b5285283.jpeg?h=225&w=225,
308484479,T.P/Chef No Beef Black Bean Sauce With Rice 380G,https://www.tesco.com/groceries/en-GB/shop/fresh-food/all?department=Ready%20Meals&viewAll=department&page=,£3.00,£7.90/kg,,,/groceries/en-GB/products/308484479,https://digitalcontent.api.tesco.com/v2/media/ghs/3ae05582-6739-4736-b1f5-271868441009/7e435c89-65f8-4c5b-8ad9-9ac85c4bfb35.jpeg?h=225&w=225,
312855467,Wasabi Pumpkin Katsu Curry With Rice 450G,https://www.tesco.com/groceries/en-GB/shop/fresh-food/all?department=Ready%20Meals&viewAll=department&page=,£4.25,£9.45/kg,,,/groceries/en-GB/products/312855467,https://digitalcontent.api.tesco.com/v2/media/ghs/fc59b0da-abce-4f56-b047-ea40d7216e7e/09e9b6c9-1c80-45e2-a803-c0983bd11494.jpeg?h=225&w=225,
311201460,Takul Halal Kitchen Chicken Tikka Samosas 160G,https://www.tesco.com/groceries/en-GB/shop/fresh-food/all?department=Ready%20Meals&viewAll=department&page=,£2.50,£15.63/kg,,,/groceries/en-GB/products/311201460,https://digitalcontent.api.tesco.com/v2/media/ghs/c4e8fce2-6609-42da-83fc-e64b11ed7c0d/fc175ded-d7ce-4e2c-875c-50dda9933b0a.jpeg?h=225&w=225,
307337909,Heat & Enjoy Salt & Pepper Crispy Wings 350G,https://www.tesco.com/groceries/en-GB/shop/fresh-food/all?department=Ready%20Meals&viewAll=department&page=,£2.50,£7.15/kg,Heat & Enjoy Meal Deal for £6 Clubcard Price - Buy 1 Main And 2 Extras,,/groceries/en-GB/products/307337909,https://digitalcontent.api.tesco.com/v2/media/ghs/3697da2e-5f65-4d8d-b22f-f4af79d75683/a103258d-ccbd-48b3-a65c-6ee8319f581d.jpeg?h=225&w=225,
312845911,Wasabi Japanese Fried Chicken 165G,https://www.tesco.com/groceries/en-GB/shop/fresh-food/all?department=Ready%20Meals&viewAll=department&page=,£2.75,£16.67/kg,,,/groceries/en-GB/products/312845911,https://digitalcontent.api.tesco.com/v2/media/ghs/db354a4a-e04a-443e-8fcb-999d4020a4e5/c49ba2c7-6c41-4bcb-9ec8-cafd80e28cc1.jpeg?h=225&w=225,
294497382,Mccain Fries Shake Shake Paprika 300G,https://www.tesco.com/groceries/en-GB/shop/fresh-food/all?department=Ready%20Meals&viewAll=department&page=,£2.25,£7.50/kg,,,/groceries/en-GB/products/294497382,https://digitalcontent.api.tesco.com/v2/media/ghs/d183beec-070f-4f7a-be27-9500985f188a/b9768d86-3ac5-4e19-968c-c0eebe7be437.jpeg?h=225&w=225,
312856875,Wasabi Chicken Gyoza 105G,https://www.tesco.com/groceries/en-GB/shop/fresh-food/all?department=Ready%20Meals&viewAll=department&page=,£2.75,£26.20/kg,,,/groceries/en-GB/products/312856875,https://digitalcontent.api.tesco.com/v2/media/ghs/ba9c0a9c-560f-44e9-8b0e-9168d25d91c6/57c5e6e3-39fa-474c-8ace-e082b9738308.jpeg?h=225&w=225,
312834498,Wasabi Spicy Korean Chicken Wings 230G,https://www.tesco.com/groceries/en-GB/shop/fresh-food/all?department=Ready%20Meals&viewAll=department&page=,£2.75,£11.96/kg,,,/groceries/en-GB/products/312834498,https://digitalcontent.api.tesco.com/v2/media/ghs/0b30f303-dd9e-4b81-b973-467deb0bfd14/aa8f9834-7dc4-46d4-9cb3-a66e11093944.jpeg?h=225&w=225,
310140437,Tesco Sweet Potato Thai Red Curry & Js/Rice 400G,https://www.tesco.com/groceries/en-GB/shop/fresh-food/all?department=Ready%20Meals&viewAll=department&page=,£3.00,£7.50/kg,Any 3 for £7.50 Clubcard Price - Selected Tesco Ready Meals 340g-400g,,/groceries/en-GB/products/310140437,https://digitalcontent.api.tesco.com/v2/media/ghs/09574f78-bc49-4337-9b5a-f6eb24fb9859/24e1ffed-f3c4-4d9a-862e-bb0e7162809c.jpeg?h=225&w=225,
309487060,Tesco Finest Cauliflower Pakora 315G,https://www.tesco.com/groceries/en-GB/shop/fresh-food/all?department=Ready%20Meals&viewAll=department&page=,£2.60,£8.26/kg,,,/groceries/en-GB/products/309487060,https://digitalcontent.api.tesco.com/v2/media/ghs/8b750901-01ec-4b90-9ca9-dca9b0f34220/acdaeaf2-ff9d-4233-b6d7-1866295f236d.jpeg?h=225&w=225,
307350991,Heat & Enjoy Chips 450G,https://www.tesco.com/groceries/en-GB/shop/fresh-food/all?department=Ready%20Meals&viewAll=department&page=,£2.50,£5.56/kg,Heat & Enjoy Meal Deal for £6 Clubcard Price - Buy 1 Main And 2 Extras,,/groceries/en-GB/products/307350991,https://digitalcontent.api.tesco.com/v2/media/ghs/b4b62451-ba6c-4b7f-b049-626cf56ea89b/8f206233-39ec-4962-a379-ebea3e2b4f9b.jpeg?h=225&w=225,
304389817,Mccain Home Chips 400G,https://www.tesco.com/groceries/en-GB/shop/fresh-food/all?department=Ready%20Meals&viewAll=department&page=,£2.25,£5.63/kg,,,/groceries/en-GB/products/304389817,https://digitalcontent.api.tesco.com/v2/media/ghs/218a9597-f307-40af-833f-b8c2df05c58a/1a4c3c44-9009-4b7b-91f3-d2b9d45cd273.jpeg?h=225&w=225,
307356541,Heat & Enjoy Onion Rings 300G,https://www.tesco.com/groceries/en-GB/shop/fresh-food/all?department=Ready%20Meals&viewAll=department&page=,£2.50,£8.34/kg,Heat & Enjoy Meal Deal for £6 Clubcard Price - Buy 1 Main And 2 Extras,,/groceries/en-GB/products/307356541,https://digitalcontent.api.tesco.com/v2/media/ghs/83395692-1ec6-4e26-a7f6-74c2487f6e45/198688e2-01b7-488c-af76-bd38c2205842.jpeg?h=225&w=225,
307143516,Heat & Enjoy Indian Style Selection 320G,https://www.tesco.com/groceries/en-GB/shop/fresh-food/all?department=Ready%20Meals&viewAll=department&page=,£2.50,£7.82/kg,Heat & Enjoy Meal Deal for £6 Clubcard Price - Buy 1 Main And 2 Extras,,/groceries/en-GB/products/307143516,https://digitalcontent.api.tesco.com/v2/media/ghs/7fd4f5f2-859a-46b1-aaee-affb8c6dcb40/d2bc09ae-d305-4207-a9ca-42d33079d152.jpeg?h=225&w=225,
308839683,Tesco Beautifully Balanced Thai Inspired Cod Curry 380G,https://www.tesco.com/groceries/en-GB/shop/fresh-food/all?department=Ready%20Meals&viewAll=department&page=,£3.70,£9.74/kg,,,/groceries/en-GB/products/308839683,https://digitalcontent.api.tesco.com/v2/media/ghs/e82861f1-0537-43db-8424-0885964c8d5c/d721deb3-05bd-42c8-bb80-75661fe2656f.jpeg?h=225&w=225,
312084031,Pizze Express Pasta Con Funghi 650G,https://www.tesco.com/groceries/en-GB/shop/fresh-food/all?department=Ready%20Meals&viewAll=department&page=,£6.00,£0.92/100g,Pizza Express Meal Deal for £12 Clubcard Price - Buy 2 Mains & 2 Sides Or Desserts,,/groceries/en-GB/products/312084031,https://digitalcontent.api.tesco.com/v2/media/ghs/50ada7da-39d5-4a3c-b45f-84871f7036ec/93daf04b-6358-499d-bdde-7c63815cac01.jpeg?h=225&w=225,
307362216,Heat & Enjoy Chicken Korma 425G,https://www.tesco.com/groceries/en-GB/shop/fresh-food/all?department=Ready%20Meals&viewAll=department&page=,£4.00,£9.42/kg,Heat & Enjoy Meal Deal for £6 Clubcard Price - Buy 1 Main And 2 Extras,,/groceries/en-GB/products/307362216,https://digitalcontent.api.tesco.com/v2/media/ghs/7723a38d-b4f6-444c-9e93-8ca24566cba4/6f378330-5112-4b08-b10e-e06feb1606c3.jpeg?h=225&w=225,
307346651,Heat & Enjoy Chipshop Chicken Curry 425G,https://www.tesco.com/groceries/en-GB/shop/fresh-food/all?department=Ready%20Meals&viewAll=department&page=,£4.00,£9.42/kg,Heat & Enjoy Meal Deal for £6 Clubcard Price - Buy 1 Main And 2 Extras,,/groceries/en-GB/products/307346651,https://digitalcontent.api.tesco.com/v2/media/ghs/d275912d-d425-4b3b-a0e2-7cc74907a00f/52bb6be1-fc30-4169-9cbe-22a3c36feb6f.jpeg?h=225&w=225,
307364709,Heat & Enjoy Bombay Potatoes 300G,https://www.tesco.com/groceries/en-GB/shop/fresh-food/all?department=Ready%20Meals&viewAll=department&page=,£2.50,£8.34/kg,Heat & Enjoy Meal Deal for £6 Clubcard Price - Buy 1 Main And 2 Extras,,/groceries/en-GB/products/307364709,https://digitalcontent.api.tesco.com/v2/media/ghs/b462b812-1226-493a-9efc-9266f47fd51d/a2f8b504-38f4-451c-808a-ffc42ef23d64.jpeg?h=225&w=225,
312362779,The Black Farmer Spicy Jerk Chicken With Rice 400G,https://www.tesco.com/groceries/en-GB/shop/fresh-food/all?department=Ready%20Meals&viewAll=department&page=,£3.75,£9.38/kg,,,/groceries/en-GB/products/312362779,https://digitalcontent.api.tesco.com/v2/media/ghs/f0d71997-8e41-49a2-855d-47cdd1948675/9ca234c6-9484-4450-b492-69e535b227b8.jpeg?h=225&w=225,
312352970,The Black Farmer Spicy Mutton Curry With Rice 400G,https://www.tesco.com/groceries/en-GB/shop/fresh-food/all?department=Ready%20Meals&viewAll=department&page=,£3.75,£9.38/kg,,,/groceries/en-GB/products/312352970,https://digitalcontent.api.tesco.com/v2/media/ghs/6ef29b9e-1f5a-4821-80f7-b76bbe86aa58/8edfb2cf-5842-4473-a13a-52294b71dc66.jpeg?h=225&w=225,
308466288,Tesco Beautifully Balanced Smokey Paprika Chicken & Jerk Rice 380G,https://www.tesco.com/groceries/en-GB/shop/fresh-food/all?department=Ready%20Meals&viewAll=department&page=,£3.70,£9.74/kg,,,/groceries/en-GB/products/308466288,https://digitalcontent.api.tesco.com/v2/media/ghs/174002c4-3598-43e8-b04d-948249535223/5f060bf3-712c-49d6-8b11-7bd4eea6da56.jpeg?h=225&w=225,
312988782,Cinnamon Kitchen Chilli Lamb Rogan Josh 400G,https://www.tesco.com/groceries/en-GB/shop/fresh-food/all?department=Ready%20Meals&viewAll=department&page=,£7.50,£18.75/kg,£5.00 Clubcard Price,,/groceries/en-GB/products/312988782,https://digitalcontent.api.tesco.com/v2/media/ghs/2272fb5a-1f73-4d21-ac3f-85ae90faf60e/ff465625-c9b9-4934-af6c-5f54dd001166.jpeg?h=225&w=225,
282719782,Risotto Gallo Pronto Milanese 175G,https://www.tesco.com/groceries/en-GB/shop/fresh-food/all?department=Ready%20Meals&viewAll=department&page=,£2.65,£15.15/kg,,,/groceries/en-GB/products/282719782,https://digitalcontent.api.tesco.com/v2/media/ghs/c01dcad9-7879-4292-9975-a58455848e92/08dc37ef-3cc9-4718-b382-d02249f448b2_862334619.jpeg?h=225&w=225,
310159684,Heat & Enjoy Peri Peri Chicken Wings 350G,https://www.tesco.com/groceries/en-GB/shop/fresh-food/all?department=Ready%20Meals&viewAll=department&page=,£2.50,£7.15/kg,Heat & Enjoy Meal Deal for £6 Clubcard Price - Buy 1 Main And 2 Extras,,/groceries/en-GB/products/310159684,https://digitalcontent.api.tesco.com/v2/media/ghs/fb942748-1564-4978-bbb9-a02d91caa220/1375fc89-312c-48ad-8eda-680f0a515f74.jpeg?h=225&w=225,
307354612,Heat & Enjoy Quarter Pounder & Cheese 453G,https://www.tesco.com/groceries/en-GB/shop/fresh-food/all?department=Ready%20Meals&viewAll=department&page=,£4.00,£8.83/kg,Heat & Enjoy Meal Deal for £6 Clubcard Price - Buy 1 Main And 2 Extras,,/groceries/en-GB/products/307354612,https://digitalcontent.api.tesco.com/v2/media/ghs/147de448-7c4f-4fb8-8bf9-36ad071151b2/d521b6cd-ed61-4632-957e-743abd0b2e82.jpeg?h=225&w=225,
307352551,Heat & Enjoy Chicken Jalfrezi 425G,https://www.tesco.com/groceries/en-GB/shop/fresh-food/all?department=Ready%20Meals&viewAll=department&page=,£4.00,£9.42/kg,Heat & Enjoy Meal Deal for £6 Clubcard Price - Buy 1 Main And 2 Extras,,/groceries/en-GB/products/307352551,https://digitalcontent.api.tesco.com/v2/media/ghs/022d82b5-3d91-4082-9b3f-a45dc06b4b07/29551666-ee73-46f0-bc54-c63342c1f4b6.jpeg?h=225&w=225,
307347742,Heat & Enjoy Oriental Style Selection 200G,https://www.tesco.com/groceries/en-GB/shop/fresh-food/all?department=Ready%20Meals&viewAll=department&page=,£2.50,£12.50/kg,Heat & Enjoy Meal Deal for £6 Clubcard Price - Buy 1 Main And 2 Extras,,/groceries/en-GB/products/307347742,https://digitalcontent.api.tesco.com/v2/media/ghs/251afd1c-32e8-4ac2-a25f-12672f125856/5b75e825-eea0-400e-bf51-6279fa3e0855.jpeg?h=225&w=225,
312992004,Cinnamon Kitchen Chicken & Chips 800G,https://www.tesco.com/groceries/en-GB/shop/fresh-food/all?department=Ready%20Meals&viewAll=department&page=,£12.00,£15.00/kg,£9.00 Clubcard Price,,/groceries/en-GB/products/312992004,https://digitalcontent.api.tesco.com/v2/media/ghs/2272358a-f1fe-4eca-948a-cfb6677a4074/6c90d28a-e8bd-463d-87b9-db7f3c65caae.jpeg?h=225&w=225,
312989101,Cinnamon Kitchen Tandoori Chicken 800G,https://www.tesco.com/groceries/en-GB/shop/fresh-food/all?department=Ready%20Meals&viewAll=department&page=,£12.00,£15.00/kg,£9.00 Clubcard Price,,/groceries/en-GB/products/312989101,https://digitalcontent.api.tesco.com/v2/media/ghs/33227884-37e7-4d31-a580-4ae15f9ee92b/4154211e-243a-4b9f-821d-e349e76c6dc5.jpeg?h=225&w=225,
309768027,Tesco Finest Chicken Tikka Masala 300G,https://www.tesco.com/groceries/en-GB/shop/fresh-food/all?department=Ready%20Meals&viewAll=department&page=,£3.50,£11.67/kg,,,/groceries/en-GB/products/309768027,https://digitalcontent.api.tesco.com/v2/media/ghs/35590203-255f-4d9e-a8ba-5927257ab520/ae5bd5c4-2783-46e3-9b8d-4e0446cd2791_1675831633.jpeg?h=225&w=225,
307149752,Foodologie 5 A Day Chilli Verde Plant Pot 400G,https://www.tesco.com/groceries/en-GB/shop/fresh-food/all?department=Ready%20Meals&viewAll=department&page=,£2.50,£6.25/kg,,,/groceries/en-GB/products/307149752,https://digitalcontent.api.tesco.com/v2/media/ghs/78c77f46-bed7-4c90-b2bf-9016c75662c2/df7ce9c9-8299-458d-89c7-f6329347bc9e.jpeg?h=225&w=225,
307365449,Foodologie 5 A Day Burrito Bowl Plant Pot 400G,https://www.tesco.com/groceries/en-GB/shop/fresh-food/all?department=Ready%20Meals&viewAll=department&page=,£2.50,£6.25/kg,,,/groceries/en-GB/products/307365449,https://digitalcontent.api.tesco.com/v2/media/ghs/06c5eb6e-9bb4-40d0-ad03-e551146f4b1c/cd9295f4-10bc-413f-a8d6-f33019117ca3.jpeg?h=225&w=225,
307358441,Foodologie 5 A Day Turmeric & Lentil Daal 400G,https://www.tesco.com/groceries/en-GB/shop/fresh-food/all?department=Ready%20Meals&viewAll=department&page=,£2.50,£6.25/kg,,,/groceries/en-GB/products/307358441,https://digitalcontent.api.tesco.com/v2/media/ghs/e8ea723b-2b5a-43b5-be45-c046201c24c0/f543307c-99c2-4d83-a1af-98c0a0cc365f.jpeg?h=225&w=225,
304417139,Tesco Finest Sweet Potato & Red Cabbage Christmas Log Serves 4,https://www.tesco.com/groceries/en-GB/shop/fresh-food/all?department=Ready%20Meals&viewAll=department&page=,£11.00,£1.30/100g,,,/groceries/en-GB/products/304417139,https://digitalcontent.api.tesco.com/v2/media/ghs/dc744927-2f49-4fbc-a861-9fb8dee997a1/a8ab1693-e59a-4451-8f26-d2456a39b8fd.jpeg?h=225&w=225,
309474259,Tesco Finest Spiced Butternut Squash & Feta Filo Bake Serves 4,https://www.tesco.com/groceries/en-GB/shop/fresh-food/all?department=Ready%20Meals&viewAll=department&page=,£11.00,£1.38/100g,,,/groceries/en-GB/products/309474259,https://digitalcontent.api.tesco.com/v2/media/ghs/dda99b8d-b07c-4913-8a0a-2169796b4ce4/de73ba1c-ee98-4db1-87ae-39fb618735b2.jpeg?h=225&w=225,
304369156,"Tesco Finest Carrot, Potato & Butternut Squash Gratin Serves 4",https://www.tesco.com/groceries/en-GB/shop/fresh-food/all?department=Ready%20Meals&viewAll=department&page=,£6.50,£0.81/100g,,,/groceries/en-GB/products/304369156,https://digitalcontent.api.tesco.com/v2/media/ghs/bf95db95-0366-4ff5-921d-581179990d5f/cc1283dc-e0db-4815-a2fc-ebf92f26a7d2.jpeg?h=225&w=225,
311443017,Tesco Punjabi Inspired Black Lentils 250G,https://www.tesco.com/groceries/en-GB/shop/fresh-food/all?department=Ready%20Meals&viewAll=department&page=,£1.50,£6.00/kg,,,/groceries/en-GB/products/311443017,https://digitalcontent.api.tesco.com/v2/media/ghs-mktg/b0b04216-fa73-466d-a9d7-c9fcfa1ce9b3/no-image.jpeg,
311270745,Tesco Middle Eastern Inspired Harissa Freekeh 250G,https://www.tesco.com/groceries/en-GB/shop/fresh-food/all?department=Ready%20Meals&viewAll=department&page=,£1.10,£0.44/100g,,,/groceries/en-GB/products/311270745,https://digitalcontent.api.tesco.com/v2/media/ghs-mktg/b0b04216-fa73-466d-a9d7-c9fcfa1ce9b3/no-image.jpeg,
287967107,Yorkshire Provender Roast Chicken & Vegetable Soup 600G,https://www.tesco.com/groceries/en-GB/shop/fresh-food/all?department=Chilled%20Soup%2C%20Sandwiches%20%26%20Salad%20Pots&viewAll=department&page=,£3.00,£0.50/100g,,,/groceries/en-GB/products/287967107,https://digitalcontent.api.tesco.com/v2/media/ghs/7a8cc4dd-d8ba-46c9-88aa-f904744ff697/084405ed-4b12-41bd-a046-1902722f7fef.jpeg?h=225&w=225,
274749311,Tesco Finest Sweet Potato Coconut & Chilli Soup 600G,https://www.tesco.com/groceries/en-GB/shop/fresh-food/all?department=Chilled%20Soup%2C%20Sandwiches%20%26%20Salad%20Pots&viewAll=department&page=,£2.75,£0.46/100g,Any 2 for £4 Clubcard Price - Selected Tesco Finest* Fresh Soup 600g ,,/groceries/en-GB/products/274749311,https://digitalcontent.api.tesco.com/v2/media/ghs/94ba7d9a-9aa0-4f4b-886b-bc0a235d3dde/eb218b6f-9c07-4199-ab05-632ab28aed78.jpeg?h=225&w=225,
262707986,Tesco Finest Vine Sun Dried Tomato & Lentil Soup 600G,https://www.tesco.com/groceries/en-GB/shop/fresh-food/all?department=Chilled%20Soup%2C%20Sandwiches%20%26%20Salad%20Pots&viewAll=department&page=,£2.75,£0.46/100g,Any 2 for £4 Clubcard Price - Selected Tesco Finest* Fresh Soup 600g ,,/groceries/en-GB/products/262707986,https://digitalcontent.api.tesco.com/v2/media/ghs/0395567f-9b68-4a07-be70-bad4dd8bdb82/dfd50a75-b0d4-41f3-93ce-62aeebcbb33a.jpeg?h=225&w=225,
253751308,Tesco Finest Pea & Wiltshire Cured Ham Soup 600G,https://www.tesco.com/groceries/en-GB/shop/fresh-food/all?department=Chilled%20Soup%2C%20Sandwiches%20%26%20Salad%20Pots&viewAll=department&page=,£2.75,£0.46/100g,Any 2 for £4 Clubcard Price - Selected Tesco Finest* Fresh Soup 600g ,,/groceries/en-GB/products/253751308,https://digitalcontent.api.tesco.com/v2/media/ghs/ce7929cd-297d-40fc-aa22-d9394b72d51c/bf7cbe48-b007-431c-9a83-badc5778163d.jpeg?h=225&w=225,
259335662,Tesco Finest Moroccan Inspired Chicken Soup 600G,https://www.tesco.com/groceries/en-GB/shop/fresh-food/all?department=Chilled%20Soup%2C%20Sandwiches%20%26%20Salad%20Pots&viewAll=department&page=,£2.75,£0.46/100g,Any 2 for £4 Clubcard Price - Selected Tesco Finest* Fresh Soup 600g ,,/groceries/en-GB/products/259335662,https://digitalcontent.api.tesco.com/v2/media/ghs/baf76ab4-8400-4ff2-b853-267adbac8eab/b1d16594-0b20-41c9-81e8-6244617144f1.jpeg?h=225&w=225,
303717893,Tesco Finest Chicken & Mushroom Soup 600G,https://www.tesco.com/groceries/en-GB/shop/fresh-food/all?department=Chilled%20Soup%2C%20Sandwiches%20%26%20Salad%20Pots&viewAll=department&page=,£2.75,£0.46/100g,Any 2 for £4 Clubcard Price - Selected Tesco Finest* Fresh Soup 600g ,,/groceries/en-GB/products/303717893,https://digitalcontent.api.tesco.com/v2/media/ghs/5f656b35-d6a6-4a02-8c7f-9c0f877a750e/b392a68c-69d4-448c-82d2-7095e44a272d.jpeg?h=225&w=225,
263663706,Cully & Sully Chicken & Vegetable Soup 400G,https://www.tesco.com/groceries/en-GB/shop/fresh-food/all?department=Chilled%20Soup%2C%20Sandwiches%20%26%20Salad%20Pots&viewAll=department&page=,£2.00,£0.50/100g,,,/groceries/en-GB/products/263663706,https://digitalcontent.api.tesco.com/v2/media/ghs/b3feba00-c9a4-428c-8818-8360fb47ecd4/f5574a9d-621a-4a6d-8b8b-cf94a4abd844.jpeg?h=225&w=225,
252074290,Tesco Tomato & Basil Soup 600G,https://www.tesco.com/groceries/en-GB/shop/fresh-food/all?department=Chilled%20Soup%2C%20Sandwiches%20%26%20Salad%20Pots&viewAll=department&page=,£1.65,£0.28/100g,,,/groceries/en-GB/products/252074290,https://digitalcontent.api.tesco.com/v2/media/ghs/185fae32-31ef-4b6a-8e10-6341c9d55a0f/41deaece-d2e8-481b-971b-f4ee9450739c.jpeg?h=225&w=225,
252074226,Tesco Carrot Coriander Soup 600G,https://www.tesco.com/groceries/en-GB/shop/fresh-food/all?department=Chilled%20Soup%2C%20Sandwiches%20%26%20Salad%20Pots&viewAll=department&page=,£1.65,£0.28/100g,,,/groceries/en-GB/products/252074226,https://digitalcontent.api.tesco.com/v2/media/ghs/d0ff95b7-3a6e-46fd-b267-f56c61e28411/5208b686-661f-4657-8a6c-62676d319447.jpeg?h=225&w=225,
254954991,Tesco Cheese & Tomato Pasta 300G,https://www.tesco.com/groceries/en-GB/shop/fresh-food/all?department=Chilled%20Soup%2C%20Sandwiches%20%26%20Salad%20Pots&viewAll=department&page=,£1.70,£0.57/100g,"£3.40 Meal Deal Clubcard Price £3.90 Meal Deal Regular Price - Selected Drink, Snack, Wrap, Sandwich, Roll, Pasty Or Salad",,/groceries/en-GB/products/254954991,https://digitalcontent.api.tesco.com/v2/media/ghs/9d3e7a64-ca65-409c-8c7a-7b48f601da6a/ae58d7d7-19d6-4c41-93c2-8dc4c074c3f5.jpeg?h=225&w=225,
312350427,Tesco Finest Malaysian Inspired Coconut Noodle Laska 600G,https://www.tesco.com/groceries/en-GB/shop/fresh-food/all?department=Chilled%20Soup%2C%20Sandwiches%20%26%20Salad%20Pots&viewAll=department&page=,£2.75,£0.46/100g,Any 2 for £4 Clubcard Price - Selected Tesco Finest* Fresh Soup 600g ,,/groceries/en-GB/products/312350427,https://digitalcontent.api.tesco.com/v2/media/ghs/915b665b-f6b9-430c-b792-f49571d01528/fd5d3537-17e4-4e14-b6d7-3a5f06e46bfd.jpeg?h=225&w=225,
252074318,Tesco Leek & Potato Soup 600G,https://www.tesco.com/groceries/en-GB/shop/fresh-food/all?department=Chilled%20Soup%2C%20Sandwiches%20%26%20Salad%20Pots&viewAll=department&page=,£1.65,£0.28/100g,,,/groceries/en-GB/products/252074318,https://digitalcontent.api.tesco.com/v2/media/ghs/be09a7f1-3551-4353-8c51-f32d95c1a700/13018e4f-79ca-4719-94e8-c40cfcd49860.jpeg?h=225&w=225,
297972720,Tesco Turkey & Trimmings Sandwich,https://www.tesco.com/groceries/en-GB/shop/fresh-food/all?department=Chilled%20Soup%2C%20Sandwiches%20%26%20Salad%20Pots&viewAll=department&page=,£3.00,£3.00/each,"£3.40 Meal Deal Clubcard Price £3.90 Meal Deal Regular Price - Selected Drink, Snack, Wrap, Sandwich, Roll, Pasty Or Salad",,/groceries/en-GB/products/297972720,https://digitalcontent.api.tesco.com/v2/media/ghs/8b8753b6-1783-4dd0-9a5d-dcb65fe8b49f/d0ee0dc5-9dd3-42d6-80ec-01cc55987f18.jpeg?h=225&w=225,
274747584,Tesco Butternut Squash Soup 600G,https://www.tesco.com/groceries/en-GB/shop/fresh-food/all?department=Chilled%20Soup%2C%20Sandwiches%20%26%20Salad%20Pots&viewAll=department&page=,£1.65,£0.28/100g,,,/groceries/en-GB/products/274747584,https://digitalcontent.api.tesco.com/v2/media/ghs/cbb1c8f4-4a10-4d6e-aaa7-815349f93502/759af2a0-8331-468e-9a43-3632cf127683.jpeg?h=225&w=225,
252074353,Tesco Chunky Minestrone Soup 600G,https://www.tesco.com/groceries/en-GB/shop/fresh-food/all?department=Chilled%20Soup%2C%20Sandwiches%20%26%20Salad%20Pots&viewAll=department&page=,£1.65,£0.28/100g,,,/groceries/en-GB/products/252074353,https://digitalcontent.api.tesco.com/v2/media/ghs/591c9bcd-3fce-4906-a221-1b1283486fbc/e5a35ed4-b59f-4f6f-9d3f-34aa28a26d58.jpeg?h=225&w=225,
290848285,Tesco Chicken & Vegetable Soup 600G,https://www.tesco.com/groceries/en-GB/shop/fresh-food/all?department=Chilled%20Soup%2C%20Sandwiches%20%26%20Salad%20Pots&viewAll=department&page=,£1.65,£0.28/100g,,,/groceries/en-GB/products/290848285,https://digitalcontent.api.tesco.com/v2/media/ghs/ea2d79f9-0b7c-443a-a537-ea19d179229c/0e1b8842-c260-4cc6-86eb-0ebd5ffdfcab.jpeg?h=225&w=225,
307751142,New Covent Garden Soup Co Vegetable Soup 560G,https://www.tesco.com/groceries/en-GB/shop/fresh-food/all?department=Chilled%20Soup%2C%20Sandwiches%20%26%20Salad%20Pots&viewAll=department&page=,£2.00,£0.36/100g,£1.25 Clubcard Price,,/groceries/en-GB/products/307751142,https://digitalcontent.api.tesco.com/v2/media/ghs/64656c2a-d0bc-40d2-bd95-0da2fa7643d3/c2ca011b-73a8-459a-8439-60d1ba13579b.jpeg?h=225&w=225,
293623680,Tesco Tomato & Basil Soup With Double Cream 600G,https://www.tesco.com/groceries/en-GB/shop/fresh-food/all?department=Chilled%20Soup%2C%20Sandwiches%20%26%20Salad%20Pots&viewAll=department&page=,£1.65,£0.28/100g,,,/groceries/en-GB/products/293623680,https://digitalcontent.api.tesco.com/v2/media/ghs/c725855c-ee15-4a8e-b40f-2b13522d5ed1/d095774f-d399-43f1-8ed7-a470e4390e70.jpeg?h=225&w=225,
312368370,Tesco Carrot & Coriander Soup 600G,https://www.tesco.com/groceries/en-GB/shop/fresh-food/all?department=Chilled%20Soup%2C%20Sandwiches%20%26%20Salad%20Pots&viewAll=department&page=,£1.50,£2.50/kg,Any 3 for 2 Clubcard Price - Cheapest Product Free - Selected Vegetables 80g - 800g,,/groceries/en-GB/products/312368370,https://digitalcontent.api.tesco.com/v2/media/ghs/3b865049-2837-4129-8131-d10888bb3988/ca984a17-74a3-4808-8b6e-011caac1043e.jpeg?h=225&w=225,
256727278,Tesco Chicken & Sweetcorn Soup 600G,https://www.tesco.com/groceries/en-GB/shop/fresh-food/all?department=Chilled%20Soup%2C%20Sandwiches%20%26%20Salad%20Pots&viewAll=department&page=,£1.65,£0.28/100g,,,/groceries/en-GB/products/256727278,https://digitalcontent.api.tesco.com/v2/media/ghs/f15314ce-6664-4a4b-b6e7-27414b425a90/69a3b396-20e6-4ce8-935c-5b3934e5c0d0.jpeg?h=225&w=225,
307759329,New Covent Garden Tomato & Basil Soup 560G,https://www.tesco.com/groceries/en-GB/shop/fresh-food/all?department=Chilled%20Soup%2C%20Sandwiches%20%26%20Salad%20Pots&viewAll=department&page=,£2.00,£0.36/100g,£1.25 Clubcard Price,,/groceries/en-GB/products/307759329,https://digitalcontent.api.tesco.com/v2/media/ghs/b0bbc647-2179-47d1-8d7b-7d2fb78b0d5e/67377f21-0306-4472-9949-f8b7afee6063.jpeg?h=225&w=225,
265287542,Tesco 3 Chilli Bean Soup 600G,https://www.tesco.com/groceries/en-GB/shop/fresh-food/all?department=Chilled%20Soup%2C%20Sandwiches%20%26%20Salad%20Pots&viewAll=department&page=,£1.65,£0.28/100g,,,/groceries/en-GB/products/265287542,https://digitalcontent.api.tesco.com/v2/media/ghs/9628c431-2030-4f9f-a3a4-31dac999d742/b1aec468-18d4-40d1-924a-3a75cadc0ec0.jpeg?h=225&w=225,
307736495,New Covent Garden Lentil & Smoked Bacon Soup 560G,https://www.tesco.com/groceries/en-GB/shop/fresh-food/all?department=Chilled%20Soup%2C%20Sandwiches%20%26%20Salad%20Pots&viewAll=department&page=,£2.00,£0.36/100g,£1.25 Clubcard Price,,/groceries/en-GB/products/307736495,https://digitalcontent.api.tesco.com/v2/media/ghs/b737ce08-24a0-47ee-b773-8b7ec333d215/27a6bf1c-cf69-4d6f-b97e-59a222cea975.jpeg?h=225&w=225,
307750009,New Covent Garden Soup Co Mushroom Soup 560G,https://www.tesco.com/groceries/en-GB/shop/fresh-food/all?department=Chilled%20Soup%2C%20Sandwiches%20%26%20Salad%20Pots&viewAll=department&page=,£2.00,£0.36/100g,£1.25 Clubcard Price,,/groceries/en-GB/products/307750009,https://digitalcontent.api.tesco.com/v2/media/ghs/e5d72a0f-9845-4ee9-a877-2286eea22b17/b28ec81e-fecc-4071-b154-324fd62a8c75.jpeg?h=225&w=225,
256942268,Oasis Summer Fruits 500Ml,https://www.tesco.com/groceries/en-GB/shop/fresh-food/all?department=Chilled%20Soup%2C%20Sandwiches%20%26%20Salad%20Pots&viewAll=department&page=,£1.55,£0.31/100ml,"£3.40 Meal Deal Clubcard Price £3.90 Meal Deal Regular Price - Selected Drink, Snack, Wrap, Sandwich, Roll, Pasty Or Salad",,/groceries/en-GB/products/256942268,https://digitalcontent.api.tesco.com/v2/media/ghs/760c247e-5fbe-4b5b-b16d-e06fb70022c9/17ce2089-9a80-49d0-8c86-3f75e55e342a_1722806722.jpeg?h=225&w=225,
307733629,New Covent Garden Spiced Butternut Soup 560G,https://www.tesco.com/groceries/en-GB/shop/fresh-food/all?department=Chilled%20Soup%2C%20Sandwiches%20%26%20Salad%20Pots&viewAll=department&page=,£2.00,£0.36/100g,£1.25 Clubcard Price,,/groceries/en-GB/products/307733629,https://digitalcontent.api.tesco.com/v2/media/ghs/0fd6dbce-5fb3-4764-b2c5-3f7dbd69b365/e5fc1271-c623-477e-9148-0d146bd08d8c.jpeg?h=225&w=225,
307756338,New Covent Garden Soup Co Potato & Leek Soup 560G,https://www.tesco.com/groceries/en-GB/shop/fresh-food/all?department=Chilled%20Soup%2C%20Sandwiches%20%26%20Salad%20Pots&viewAll=department&page=,£2.00,£0.36/100g,£1.25 Clubcard Price,,/groceries/en-GB/products/307756338,https://digitalcontent.api.tesco.com/v2/media/ghs/467a9886-a0f1-485c-ab69-1f960e75c2a9/5f6e282d-2571-40ff-8717-5b04f0ded4a2.jpeg?h=225&w=225,
287632423,Tesco Chicken & Bacon Caesar Salad 265G,https://www.tesco.com/groceries/en-GB/shop/fresh-food/all?department=Chilled%20Soup%2C%20Sandwiches%20%26%20Salad%20Pots&viewAll=department&page=,,,,,/groceries/en-GB/products/287632423,https://digitalcontent.api.tesco.com/v2/media/ghs/7b0c9281-f3f6-41ce-b0d0-513ffce737cf/2afe0f1d-786e-4520-8d7a-b608ec7f92c8_80708364.jpeg?h=225&w=225,This product's currently out of stock
251496258,Pepsi Max Slam Bottle,https://www.tesco.com/groceries/en-GB/shop/fresh-food/all?department=Chilled%20Soup%2C%20Sandwiches%20%26%20Salad%20Pots&viewAll=department&page=,£1.45,£0.29/100ml,"£3.40 Meal Deal Clubcard Price £3.90 Meal Deal Regular Price - Selected Drink, Snack, Wrap, Sandwich, Roll, Pasty Or Salad",,/groceries/en-GB/products/251496258,https://digitalcontent.api.tesco.com/v2/media/ghs/d3eb1f43-405d-42a4-9eff-d386ec39ee67/c0fe4709-9a45-4d97-bd53-fb46a10ff672.jpeg?h=225&w=225,
307739699,New Covent Garden Soup Co Classic Chicken Soup 560G,https://www.tesco.com/groceries/en-GB/shop/fresh-food/all?department=Chilled%20Soup%2C%20Sandwiches%20%26%20Salad%20Pots&viewAll=department&page=,£2.00,£0.36/100g,£1.25 Clubcard Price,,/groceries/en-GB/products/307739699,https://digitalcontent.api.tesco.com/v2/media/ghs/7eafb1f3-9b53-4b3e-a2ac-acf7e39397e1/9946d3f5-9f25-47d7-aa8f-acf321e6cc46_1628262307.jpeg?h=225&w=225,
258458339,Diet Coke 500Ml,https://www.tesco.com/groceries/en-GB/shop/fresh-food/all?department=Chilled%20Soup%2C%20Sandwiches%20%26%20Salad%20Pots&viewAll=department&page=,£1.59,£0.32/100ml,"£3.40 Meal Deal Clubcard Price £3.90 Meal Deal Regular Price - Selected Drink, Snack, Wrap, Sandwich, Roll, Pasty Or Salad",,/groceries/en-GB/products/258458339,https://digitalcontent.api.tesco.com/v2/media/ghs/e88d822b-180f-49c3-b4a5-1695e71ad263/f83a659b-8b3f-44b7-a509-ffb114b246f2_300777326.jpeg?h=225&w=225,
258458190,Coca Cola Regular 500Ml,https://www.tesco.com/groceries/en-GB/shop/fresh-food/all?department=Chilled%20Soup%2C%20Sandwiches%20%26%20Salad%20Pots&viewAll=department&page=,£1.75,£0.35/100ml,"£3.40 Meal Deal Clubcard Price £3.90 Meal Deal Regular Price - Selected Drink, Snack, Wrap, Sandwich, Roll, Pasty Or Salad",,/groceries/en-GB/products/258458190,https://digitalcontent.api.tesco.com/v2/media/ghs/a2d98e4f-6ec3-4815-8deb-846baa1c8765/7d4a20f9-54a6-4129-9edd-37727f354cf4.jpeg?h=225&w=225,
253582556,Tesco Cheese & Onion Sandwich,https://www.tesco.com/groceries/en-GB/shop/fresh-food/all?department=Chilled%20Soup%2C%20Sandwiches%20%26%20Salad%20Pots&viewAll=department&page=,£1.40,£1.40/each,"£3.40 Meal Deal Clubcard Price £3.90 Meal Deal Regular Price - Selected Drink, Snack, Wrap, Sandwich, Roll, Pasty Or Salad",,/groceries/en-GB/products/253582556,https://digitalcontent.api.tesco.com/v2/media/ghs/71f307ce-8407-48a2-a5c5-10b5ebbcad90/5bba099c-d0d8-48d7-b33c-0edd5386cc7c.jpeg?h=225&w=225,
304781047,Taste Original Chicken Satay Snack 40G,https://www.tesco.com/groceries/en-GB/shop/fresh-food/all?department=Chilled%20Soup%2C%20Sandwiches%20%26%20Salad%20Pots&viewAll=department&page=,£1.15,£2.88/100g,"£3.40 Meal Deal Clubcard Price £3.90 Meal Deal Regular Price - Selected Drink, Snack, Wrap, Sandwich, Roll, Pasty Or Salad",,/groceries/en-GB/products/304781047,https://digitalcontent.api.tesco.com/v2/media/ghs/a91dd4f1-8c77-4c5a-b162-9d2d9df1cb89/33b3a6ca-97b1-497b-a68d-df15ed0392f5_1025576829.jpeg?h=225&w=225,
305970300,Tideford Organic Lentil & Spinach Dhal Soup 600G,https://www.tesco.com/groceries/en-GB/shop/fresh-food/all?department=Chilled%20Soup%2C%20Sandwiches%20%26%20Salad%20Pots&viewAll=department&page=,£3.25,£0.54/100g,,,/groceries/en-GB/products/305970300,https://digitalcontent.api.tesco.com/v2/media/ghs/43934592-14ff-40d9-ae1d-09096964ff64/f7cff643-df22-41cf-8a4a-9626b974eba2.jpeg?h=225&w=225,
285157764,Yorkshire Chicken & Butter Nut Soup With Lentil 600G,https://www.tesco.com/groceries/en-GB/shop/fresh-food/all?department=Chilled%20Soup%2C%20Sandwiches%20%26%20Salad%20Pots&viewAll=department&page=,£3.00,£0.50/100g,,,/groceries/en-GB/products/285157764,https://digitalcontent.api.tesco.com/v2/media/ghs/4cb8568b-6768-4586-8308-5ab623eccb42/7c9c3332-ffe3-4b91-8713-922081337f01.jpeg?h=225&w=225,
254694710,Tesco Tuna & Sweetcorn Pasta 300G,https://www.tesco.com/groceries/en-GB/shop/fresh-food/all?department=Chilled%20Soup%2C%20Sandwiches%20%26%20Salad%20Pots&viewAll=department&page=,£2.75,£0.92/100g,"£3.40 Meal Deal Clubcard Price £3.90 Meal Deal Regular Price - Selected Drink, Snack, Wrap, Sandwich, Roll, Pasty Or Salad",,/groceries/en-GB/products/254694710,https://digitalcontent.api.tesco.com/v2/media/ghs/ead2d134-a3ba-4789-b884-7e6b5d07afb2/44ec33db-fa4b-4f76-8f07-139001913053.jpeg?h=225&w=225,
254477674,Tesco Chicken Caesar Wrap,https://www.tesco.com/groceries/en-GB/shop/fresh-food/all?department=Chilled%20Soup%2C%20Sandwiches%20%26%20Salad%20Pots&viewAll=department&page=,£2.75,£2.75/each,"£3.40 Meal Deal Clubcard Price £3.90 Meal Deal Regular Price - Selected Drink, Snack, Wrap, Sandwich, Roll, Pasty Or Salad",,/groceries/en-GB/products/254477674,https://digitalcontent.api.tesco.com/v2/media/ghs/6923d0c3-34df-4a08-bf89-c74d2f190b39/266285d9-8f9c-46b8-9d6f-83046ce38eb1.jpeg?h=225&w=225,
263663739,Cully&Sully Tomato&Basil Soup 400G,https://www.tesco.com/groceries/en-GB/shop/fresh-food/all?department=Chilled%20Soup%2C%20Sandwiches%20%26%20Salad%20Pots&viewAll=department&page=,£2.00,£0.50/100g,,,/groceries/en-GB/products/263663739,https://digitalcontent.api.tesco.com/v2/media/ghs/80b1315d-9cbc-4abb-8983-0de040890808/2835a7f3-1302-4217-9603-472bbf427477.jpeg?h=225&w=225,
287732489,Tesco Chicken Tomato & Basil Pasta Salad 300G,https://www.tesco.com/groceries/en-GB/shop/fresh-food/all?department=Chilled%20Soup%2C%20Sandwiches%20%26%20Salad%20Pots&viewAll=department&page=,£2.75,£0.92/100g,"£3.40 Meal Deal Clubcard Price £3.90 Meal Deal Regular Price - Selected Drink, Snack, Wrap, Sandwich, Roll, Pasty Or Salad",,/groceries/en-GB/products/287732489,https://digitalcontent.api.tesco.com/v2/media/ghs/960ff40d-a4c4-44ff-bbf1-195485ad3d7b/705316a8-2260-48ce-8942-c0f794859c5d.jpeg?h=225&w=225,
267593049,Tesco Southern Fried Chicken Wrap (C),https://www.tesco.com/groceries/en-GB/shop/fresh-food/all?department=Chilled%20Soup%2C%20Sandwiches%20%26%20Salad%20Pots&viewAll=department&page=,£2.75,£2.75/each,"£3.40 Meal Deal Clubcard Price £3.90 Meal Deal Regular Price - Selected Drink, Snack, Wrap, Sandwich, Roll, Pasty Or Salad",,/groceries/en-GB/products/267593049,https://digitalcontent.api.tesco.com/v2/media/ghs/a93c4146-1c06-4c5e-86e1-741e2a3a2075/827659ca-2363-421e-b156-fbecd5387ad9.jpeg?h=225&w=225,
267593061,Tesco Chicken Caesar Wrap (C),https://www.tesco.com/groceries/en-GB/shop/fresh-food/all?department=Chilled%20Soup%2C%20Sandwiches%20%26%20Salad%20Pots&viewAll=department&page=,£2.75,£2.75/each,"£3.40 Meal Deal Clubcard Price £3.90 Meal Deal Regular Price - Selected Drink, Snack, Wrap, Sandwich, Roll, Pasty Or Salad",,/groceries/en-GB/products/267593061,https://digitalcontent.api.tesco.com/v2/media/ghs/b2d4de99-5cd3-4f60-b9ff-df64a666bc6c/371f1738-c4be-4c3d-bf9a-be7e78e9f677.jpeg?h=225&w=225,
264510919,Tesco Southern Fried Chicken Pasta 300G,https://www.tesco.com/groceries/en-GB/shop/fresh-food/all?department=Chilled%20Soup%2C%20Sandwiches%20%26%20Salad%20Pots&viewAll=department&page=,£2.75,£0.92/100g,"£3.40 Meal Deal Clubcard Price £3.90 Meal Deal Regular Price - Selected Drink, Snack, Wrap, Sandwich, Roll, Pasty Or Salad",,/groceries/en-GB/products/264510919,https://digitalcontent.api.tesco.com/v2/media/ghs/a07b93a9-5bcd-4aa3-979c-bb94ea48a88d/0d376109-7fdc-47d7-99b7-46caf3303a12.jpeg?h=225&w=225,
278049407,Cully&Sully Smoked Haddock&Salmon Chowder 400G,https://www.tesco.com/groceries/en-GB/shop/fresh-food/all?department=Chilled%20Soup%2C%20Sandwiches%20%26%20Salad%20Pots&viewAll=department&page=,£2.00,£0.50/100g,,,/groceries/en-GB/products/278049407,https://digitalcontent.api.tesco.com/v2/media/ghs/4a76292e-6b7f-469d-9854-0f66487172b8/623b490d-dfa5-4ecb-af05-8410aebd3b2c.jpeg?h=225&w=225,
293623644,Tesco Vegetable Soup 600G,https://www.tesco.com/groceries/en-GB/shop/fresh-food/all?department=Chilled%20Soup%2C%20Sandwiches%20%26%20Salad%20Pots&viewAll=department&page=,£1.65,£0.28/100g,,,/groceries/en-GB/products/293623644,https://digitalcontent.api.tesco.com/v2/media/ghs/e9876353-048d-4ff2-8b64-1ff6fbf2262b/23f1a873-a03d-4ab1-8e46-548d689e9e9a.jpeg?h=225&w=225,
312086766,Yeo Valley Organic Leek Potato Cheddar Soup 400G,https://www.tesco.com/groceries/en-GB/shop/fresh-food/all?department=Chilled%20Soup%2C%20Sandwiches%20%26%20Salad%20Pots&viewAll=department&page=,£2.00,£0.50/100g,,,/groceries/en-GB/products/312086766,https://digitalcontent.api.tesco.com/v2/media/ghs/44774576-343c-48f2-84cf-855fd132de94/0ff3e769-83c6-484a-b951-ad699fcdc28e.jpeg?h=225&w=225,
312563023,Yeo Valley Organic Carrot Parsnip Thyme Soup 400G,https://www.tesco.com/groceries/en-GB/shop/fresh-food/all?department=Chilled%20Soup%2C%20Sandwiches%20%26%20Salad%20Pots&viewAll=department&page=,£2.00,£0.50/100g,,New,/groceries/en-GB/products/312563023,https://digitalcontent.api.tesco.com/v2/media/ghs/e3bed36f-b9f3-439a-af7c-bdabf0cc7d6b/bf46f727-8c97-4e5c-80b2-63c7f6be45df.jpeg?h=225&w=225,
262078306,Tesco Spicy Chicken Pasta 275G,https://www.tesco.com/groceries/en-GB/shop/fresh-food/all?department=Chilled%20Soup%2C%20Sandwiches%20%26%20Salad%20Pots&viewAll=department&page=,£1.70,£0.62/100g,"£3.40 Meal Deal Clubcard Price £3.90 Meal Deal Regular Price - Selected Drink, Snack, Wrap, Sandwich, Roll, Pasty Or Salad",,/groceries/en-GB/products/262078306,,
260422235,Tesco Sausage Bacon & & Egg Triple,https://www.tesco.com/groceries/en-GB/shop/fresh-food/all?department=Chilled%20Soup%2C%20Sandwiches%20%26%20Salad%20Pots&viewAll=department&page=,£2.80,£2.80/each,"£3.40 Meal Deal Clubcard Price £3.90 Meal Deal Regular Price - Selected Drink, Snack, Wrap, Sandwich, Roll, Pasty Or Salad",,/groceries/en-GB/products/260422235,https://digitalcontent.api.tesco.com/v2/media/ghs/3e1b910a-b02f-412d-8e1b-a6a7efa4fce7/d46be34f-91c5-45db-a54d-253714361e37.jpeg?h=225&w=225,
296703038,Tesco The Chicken Club Sandwich,https://www.tesco.com/groceries/en-GB/shop/fresh-food/all?department=Chilled%20Soup%2C%20Sandwiches%20%26%20Salad%20Pots&viewAll=department&page=,,,,,/groceries/en-GB/products/296703038,https://digitalcontent.api.tesco.com/v2/media/ghs/a66da7f0-dd89-4b9c-81c0-1873924e4d54/54912819-f589-4d5e-a561-6875ef67530d.jpeg?h=225&w=225,This product's currently out of stock
252074422,Tesco Broccoli & Stilton Soup 600G,https://www.tesco.com/groceries/en-GB/shop/fresh-food/all?department=Chilled%20Soup%2C%20Sandwiches%20%26%20Salad%20Pots&viewAll=department&page=,£1.65,£0.28/100g,,,/groceries/en-GB/products/252074422,https://digitalcontent.api.tesco.com/v2/media/ghs/dd7173d7-6678-4c5a-a71a-344f8cbf7187/0132a92a-ab2d-4952-9d4c-0cc5c9f19003.jpeg?h=225&w=225,
254279131,Tesco Prawn Mayonnaise Sandwich,https://www.tesco.com/groceries/en-GB/shop/fresh-food/all?department=Chilled%20Soup%2C%20Sandwiches%20%26%20Salad%20Pots&viewAll=department&page=,£2.30,£2.30/each,"£3.40 Meal Deal Clubcard Price £3.90 Meal Deal Regular Price - Selected Drink, Snack, Wrap, Sandwich, Roll, Pasty Or Salad",,/groceries/en-GB/products/254279131,https://digitalcontent.api.tesco.com/v2/media/ghs/59a355e6-c7d1-4252-8b01-8d7388a42f03/8ca773d9-033b-47a0-850d-15476c80fde3.jpeg?h=225&w=225,
254279217,Tesco Smoked Ham & Cheddar Sandwich,https://www.tesco.com/groceries/en-GB/shop/fresh-food/all?department=Chilled%20Soup%2C%20Sandwiches%20%26%20Salad%20Pots&viewAll=department&page=,£2.30,£2.30/each,"£3.40 Meal Deal Clubcard Price £3.90 Meal Deal Regular Price - Selected Drink, Snack, Wrap, Sandwich, Roll, Pasty Or Salad",,/groceries/en-GB/products/254279217,https://digitalcontent.api.tesco.com/v2/media/ghs/38404e87-5b85-4708-892e-daa06d84e010/566e6bb6-71c9-4958-998f-3ef6ea87b54d_979477722.jpeg?h=225&w=225,
256942988,Oasis Citrus Punch 500Ml (N),https://www.tesco.com/groceries/en-GB/shop/fresh-food/all?department=Chilled%20Soup%2C%20Sandwiches%20%26%20Salad%20Pots&viewAll=department&page=,£1.55,£0.31/100ml,"£3.40 Meal Deal Clubcard Price £3.90 Meal Deal Regular Price - Selected Drink, Snack, Wrap, Sandwich, Roll, Pasty Or Salad",,/groceries/en-GB/products/256942988,https://digitalcontent.api.tesco.com/v2/media/ghs/d5db612b-46fe-4a74-a778-15908734d367/487287c2-4371-4057-9448-3972207798b1_1525494245.jpeg?h=225&w=225,
256867175,Dr Pepper 500Ml,https://www.tesco.com/groceries/en-GB/shop/fresh-food/all?department=Chilled%20Soup%2C%20Sandwiches%20%26%20Salad%20Pots&viewAll=department&page=,£1.60,£0.32/100ml,"£3.40 Meal Deal Clubcard Price £3.90 Meal Deal Regular Price - Selected Drink, Snack, Wrap, Sandwich, Roll, Pasty Or Salad",,/groceries/en-GB/products/256867175,https://digitalcontent.api.tesco.com/v2/media/ghs/e2e8c8c6-542e-491a-ab92-ac6dca34ac9a/4004d590-2396-4a00-b466-f4d0fae12131.jpeg?h=225&w=225,
307734514,New Covent Garden Soup Co Carrot & Coriander Soup 560G,https://www.tesco.com/groceries/en-GB/shop/fresh-food/all?department=Chilled%20Soup%2C%20Sandwiches%20%26%20Salad%20Pots&viewAll=department&page=,£2.00,£0.36/100g,£1.25 Clubcard Price,,/groceries/en-GB/products/307734514,https://digitalcontent.api.tesco.com/v2/media/ghs/736708ee-5dd5-4209-96cb-c500d3f3fbde/7ad6dabf-7205-44c5-a644-8276c2cadfea.jpeg?h=225&w=225,
303730496,Tesco Salmon & Tuna Sushi 136G,https://www.tesco.com/groceries/en-GB/shop/fresh-food/all?department=Chilled%20Soup%2C%20Sandwiches%20%26%20Salad%20Pots&viewAll=department&page=,£2.75,£2.03/100g,"£3.40 Meal Deal Clubcard Price £3.90 Meal Deal Regular Price - Selected Drink, Snack, Wrap, Sandwich, Roll, Pasty Or Salad",,/groceries/en-GB/products/303730496,https://digitalcontent.api.tesco.com/v2/media/ghs/74e0bc51-1b87-44a4-a6ad-21faf9569566/807acd0c-3fff-4a49-9964-70888ba77ae2_1230232495.jpeg?h=225&w=225,
260506661,Coke Zero 500 Ml,https://www.tesco.com/groceries/en-GB/shop/fresh-food/all?department=Chilled%20Soup%2C%20Sandwiches%20%26%20Salad%20Pots&viewAll=department&page=,£1.59,£0.32/100ml,"£3.40 Meal Deal Clubcard Price £3.90 Meal Deal Regular Price - Selected Drink, Snack, Wrap, Sandwich, Roll, Pasty Or Salad",,/groceries/en-GB/products/260506661,https://digitalcontent.api.tesco.com/v2/media/ghs/56ab88d0-6c13-4d71-8808-9aa4a1ad6733/7afa18e4-827a-41a8-9ec2-f027e7179f71_550407324.jpeg?h=225&w=225,
266460168,Pringles Pop & Go Original 40G,https://www.tesco.com/groceries/en-GB/shop/fresh-food/all?department=Chilled%20Soup%2C%20Sandwiches%20%26%20Salad%20Pots&viewAll=department&page=,£0.90,£2.25/100g,"£3.40 Meal Deal Clubcard Price £3.90 Meal Deal Regular Price - Selected Drink, Snack, Wrap, Sandwich, Roll, Pasty Or Salad",,/groceries/en-GB/products/266460168,https://digitalcontent.api.tesco.com/v2/media/ghs/ed490a11-fa46-49d4-a3b4-1f591c32a117/6a0e335a-2067-4cb2-b9b9-2d4a9f7e002a.jpeg?h=225&w=225,
257328680,Tesco Egg & Cress Sandwich,https://www.tesco.com/groceries/en-GB/shop/fresh-food/all?department=Chilled%20Soup%2C%20Sandwiches%20%26%20Salad%20Pots&viewAll=department&page=,£1.40,£1.40/each,"£3.40 Meal Deal Clubcard Price £3.90 Meal Deal Regular Price - Selected Drink, Snack, Wrap, Sandwich, Roll, Pasty Or Salad",,/groceries/en-GB/products/257328680,https://digitalcontent.api.tesco.com/v2/media/ghs/60207a69-3a6d-4fd1-97d8-f32b7a568c79/38c1640e-16e9-4f46-b564-9e6dc0b89f3c.jpeg?h=225&w=225,
302143017,Tesco Mini Pork & Cranberry Pork Pies 2X50g,https://www.tesco.com/groceries/en-GB/shop/fresh-food/all?department=Chilled%20Soup%2C%20Sandwiches%20%26%20Salad%20Pots&viewAll=department&page=,£1.15,£1.15/100g,"£3.40 Meal Deal Clubcard Price £3.90 Meal Deal Regular Price - Selected Drink, Snack, Wrap, Sandwich, Roll, Pasty Or Salad",,/groceries/en-GB/products/302143017,https://digitalcontent.api.tesco.com/v2/media/ghs/d729258e-ad99-48ab-bc93-2154415b9780/68ba14d9-6932-4d3a-8c21-a58c98026dbe_731087742.jpeg?h=225&w=225,
254855774,Diet Coke 330Ml,https://www.tesco.com/groceries/en-GB/shop/fresh-food/all?department=Chilled%20Soup%2C%20Sandwiches%20%26%20Salad%20Pots&viewAll=department&page=,£0.69,£0.21/100ml,"£3.40 Meal Deal Clubcard Price £3.90 Meal Deal Regular Price - Selected Drink, Snack, Wrap, Sandwich, Roll, Pasty Or Salad",,/groceries/en-GB/products/254855774,https://digitalcontent.api.tesco.com/v2/media/ghs/d7c955e9-6dd2-4137-928c-bcd5fda73949/59e44f91-99f7-41b4-b770-67007baf46fd_20270615.jpeg?h=225&w=225,
290572748,Walkers Max Paprika Crisps 50G,https://www.tesco.com/groceries/en-GB/shop/fresh-food/all?department=Chilled%20Soup%2C%20Sandwiches%20%26%20Salad%20Pots&viewAll=department&page=,£0.90,£1.80/100g,"£3.40 Meal Deal Clubcard Price £3.90 Meal Deal Regular Price - Selected Drink, Snack, Wrap, Sandwich, Roll, Pasty Or Salad",,/groceries/en-GB/products/290572748,https://digitalcontent.api.tesco.com/v2/media/ghs/7d8dd001-9fc9-484e-8010-1db9103d0b67/1e4a73a1-004a-4f55-bbb3-0f7cc867b8bf_1325229022.jpeg?h=225&w=225,
252944332,Maltesers Kingsize 58.5G,https://www.tesco.com/groceries/en-GB/shop/fresh-food/all?department=Chilled%20Soup%2C%20Sandwiches%20%26%20Salad%20Pots&viewAll=department&page=,£0.85,£1.46/100g,"£3.40 Meal Deal Clubcard Price £3.90 Meal Deal Regular Price - Selected Drink, Snack, Wrap, Sandwich, Roll, Pasty Or Salad",,/groceries/en-GB/products/252944332,https://digitalcontent.api.tesco.com/v2/media/ghs/5a37cd36-b5f3-4cb1-9bf2-e293f423a70c/b92894f6-7927-459a-998c-838571a5ce13.jpeg?h=225&w=225,
301429579,Tesco Chicken & Bacon Pasta 300G,https://www.tesco.com/groceries/en-GB/shop/fresh-food/all?department=Chilled%20Soup%2C%20Sandwiches%20%26%20Salad%20Pots&viewAll=department&page=,£2.75,£0.92/100g,"£3.40 Meal Deal Clubcard Price £3.90 Meal Deal Regular Price - Selected Drink, Snack, Wrap, Sandwich, Roll, Pasty Or Salad",,/groceries/en-GB/products/301429579,https://digitalcontent.api.tesco.com/v2/media/ghs/cda7a9db-b0ed-4c21-987e-eb8030f2f0ed/f343caef-5448-4b15-8fc7-c5ea790aaecc.jpeg?h=225&w=225,
287438170,Tropicana Orange Juice Smooth 300Ml,https://www.tesco.com/groceries/en-GB/shop/fresh-food/all?department=Chilled%20Soup%2C%20Sandwiches%20%26%20Salad%20Pots&viewAll=department&page=,£1.65,£0.55/100ml,"£3.40 Meal Deal Clubcard Price £3.90 Meal Deal Regular Price - Selected Drink, Snack, Wrap, Sandwich, Roll, Pasty Or Salad",,/groceries/en-GB/products/287438170,https://digitalcontent.api.tesco.com/v2/media/ghs/e1a8f5c1-8f29-4992-a298-4ca8dff3513b/bc3846a1-14c0-4808-acd4-6e51c4b5416b.jpeg?h=225&w=225,
311263117,Tesco Finest Bang Bang Chicken Salad 250G,https://www.tesco.com/groceries/en-GB/shop/fresh-food/all?department=Chilled%20Soup%2C%20Sandwiches%20%26%20Salad%20Pots&viewAll=department&page=,£3.00,£1.20/100g,,New,/groceries/en-GB/products/311263117,https://digitalcontent.api.tesco.com/v2/media/ghs/ec1a23a3-79d9-41a5-a0d1-7b80eaf1ae76/6b3bb3b6-ae2f-475c-a005-1d039791e12a.jpeg?h=225&w=225,
255871539,Tesco Hoisin Duck Wrap,https://www.tesco.com/groceries/en-GB/shop/fresh-food/all?department=Chilled%20Soup%2C%20Sandwiches%20%26%20Salad%20Pots&viewAll=department&page=,£2.75,£2.75/each,"£3.40 Meal Deal Clubcard Price £3.90 Meal Deal Regular Price - Selected Drink, Snack, Wrap, Sandwich, Roll, Pasty Or Salad",,/groceries/en-GB/products/255871539,https://digitalcontent.api.tesco.com/v2/media/ghs/0ffed39f-6362-4ade-96ea-109ae34ab814/e9790ecb-96d1-44d0-b392-c805e4db3752.jpeg?h=225&w=225,
278935113,Tesco Feta & Slow Roast Tomato Pasta 290G,https://www.tesco.com/groceries/en-GB/shop/fresh-food/all?department=Chilled%20Soup%2C%20Sandwiches%20%26%20Salad%20Pots&viewAll=department&page=,£2.75,£0.95/100g,"£3.40 Meal Deal Clubcard Price £3.90 Meal Deal Regular Price - Selected Drink, Snack, Wrap, Sandwich, Roll, Pasty Or Salad",,/groceries/en-GB/products/278935113,https://digitalcontent.api.tesco.com/v2/media/ghs/2930e093-162b-494e-a16f-4f09c5bb8622/4077270c-29aa-49d3-a4f6-59e7c1bb4cd5.jpeg?h=225&w=225,
312568300,Yeo Valley Organic Smooth Cream Of Tomato Soup 400G,https://www.tesco.com/groceries/en-GB/shop/fresh-food/all?department=Chilled%20Soup%2C%20Sandwiches%20%26%20Salad%20Pots&viewAll=department&page=,£2.00,£0.50/100g,,,/groceries/en-GB/products/312568300,https://digitalcontent.api.tesco.com/v2/media/ghs/190c4081-832b-47a9-b4c8-3d85f7f52dc0/c7b7ed7d-ab1e-4d09-a4e7-f5ae27b9ca1f.jpeg?h=225&w=225,
255420953,Tesco Smoked Ham And Mature Cheddar Sub,https://www.tesco.com/groceries/en-GB/shop/fresh-food/all?department=Chilled%20Soup%2C%20Sandwiches%20%26%20Salad%20Pots&viewAll=department&page=,£2.75,£2.75/each,"£3.40 Meal Deal Clubcard Price £3.90 Meal Deal Regular Price - Selected Drink, Snack, Wrap, Sandwich, Roll, Pasty Or Salad",,/groceries/en-GB/products/255420953,https://digitalcontent.api.tesco.com/v2/media/ghs/ef4028fd-dca3-4c8e-af91-3093db570b10/cdc7787a-6828-4830-b5d6-1220acb5c905.jpeg?h=225&w=225,
253525487,"Tesco Bacon, Lettuce & Tomato Sandwich",https://www.tesco.com/groceries/en-GB/shop/fresh-food/all?department=Chilled%20Soup%2C%20Sandwiches%20%26%20Salad%20Pots&viewAll=department&page=,£2.50,£2.50/each,"£3.40 Meal Deal Clubcard Price £3.90 Meal Deal Regular Price - Selected Drink, Snack, Wrap, Sandwich, Roll, Pasty Or Salad",,/groceries/en-GB/products/253525487,,
258814454,Tesco Chicken Bacon & Lettuce Sandwich,https://www.tesco.com/groceries/en-GB/shop/fresh-food/all?department=Chilled%20Soup%2C%20Sandwiches%20%26%20Salad%20Pots&viewAll=department&page=,£2.50,£2.50/each,"£3.40 Meal Deal Clubcard Price £3.90 Meal Deal Regular Price - Selected Drink, Snack, Wrap, Sandwich, Roll, Pasty Or Salad",,/groceries/en-GB/products/258814454,https://digitalcontent.api.tesco.com/v2/media/ghs/761e2ff2-613f-4c98-ac27-409cf42fa010/d846f631-3e50-46e8-9c58-b02ced990de3.jpeg?h=225&w=225,
266385276,Tesco Roast Chicken Bacon & Stuffing Sandwich,https://www.tesco.com/groceries/en-GB/shop/fresh-food/all?department=Chilled%20Soup%2C%20Sandwiches%20%26%20Salad%20Pots&viewAll=department&page=,£2.50,£2.50/each,"£3.40 Meal Deal Clubcard Price £3.90 Meal Deal Regular Price - Selected Drink, Snack, Wrap, Sandwich, Roll, Pasty Or Salad",,/groceries/en-GB/products/266385276,https://digitalcontent.api.tesco.com/v2/media/ghs/b7375283-5aad-436b-bebb-9eb37e065003/19429292-2ad8-4858-aca1-469e7b7f0516.jpeg?h=225&w=225,
254279183,Tesco Chicken Salad Sandwich,https://www.tesco.com/groceries/en-GB/shop/fresh-food/all?department=Chilled%20Soup%2C%20Sandwiches%20%26%20Salad%20Pots&viewAll=department&page=,£2.50,£2.50/each,"£3.40 Meal Deal Clubcard Price £3.90 Meal Deal Regular Price - Selected Drink, Snack, Wrap, Sandwich, Roll, Pasty Or Salad",,/groceries/en-GB/products/254279183,https://digitalcontent.api.tesco.com/v2/media/ghs/0d925917-6ed7-42ae-a153-f2d492afae75/48c8d0c8-30cb-478c-82ab-df218ab67ecc.jpeg?h=225&w=225,
255658833,Ribena Blackcurrant Bottle 500Ml,https://www.tesco.com/groceries/en-GB/shop/fresh-food/all?department=Chilled%20Soup%2C%20Sandwiches%20%26%20Salad%20Pots&viewAll=department&page=,£1.45,£0.29/100ml,"£3.40 Meal Deal Clubcard Price £3.90 Meal Deal Regular Price - Selected Drink, Snack, Wrap, Sandwich, Roll, Pasty Or Salad",,/groceries/en-GB/products/255658833,https://digitalcontent.api.tesco.com/v2/media/ghs/81ff3970-c3ee-4c69-8f47-06b5d1a42739/e5409fe0-eb3d-4b98-b54e-468277dc3326_1324717598.jpeg?h=225&w=225,
259153934,Walkers Baked Ready Salted 37.5G,https://www.tesco.com/groceries/en-GB/shop/fresh-food/all?department=Chilled%20Soup%2C%20Sandwiches%20%26%20Salad%20Pots&viewAll=department&page=,£0.90,£2.40/100g,"£3.40 Meal Deal Clubcard Price £3.90 Meal Deal Regular Price - Selected Drink, Snack, Wrap, Sandwich, Roll, Pasty Or Salad",,/groceries/en-GB/products/259153934,https://digitalcontent.api.tesco.com/v2/media/ghs/8e1fceca-3566-4ddc-93d1-ec07b77d7b5b/faf0c2dd-1824-49d5-b848-cd4df95d5e29_693342168.jpeg?h=225&w=225,
264265944,Tesco Tuna & Cucumber Sandwich,https://www.tesco.com/groceries/en-GB/shop/fresh-food/all?department=Chilled%20Soup%2C%20Sandwiches%20%26%20Salad%20Pots&viewAll=department&page=,£2.00,£2.00/each,"£3.40 Meal Deal Clubcard Price £3.90 Meal Deal Regular Price - Selected Drink, Snack, Wrap, Sandwich, Roll, Pasty Or Salad",,/groceries/en-GB/products/264265944,https://digitalcontent.api.tesco.com/v2/media/ghs/e351947f-fdba-40ad-8b2d-0779cfc578e0/08db5bd4-794b-491c-befc-5fa30e06833a.jpeg?h=225&w=225,
251516616,7 Up Free 500Ml,https://www.tesco.com/groceries/en-GB/shop/fresh-food/all?department=Chilled%20Soup%2C%20Sandwiches%20%26%20Salad%20Pots&viewAll=department&page=,£1.45,£0.29/100ml,"£3.40 Meal Deal Clubcard Price £3.90 Meal Deal Regular Price - Selected Drink, Snack, Wrap, Sandwich, Roll, Pasty Or Salad",,/groceries/en-GB/products/251516616,https://digitalcontent.api.tesco.com/v2/media/ghs/427ad7f1-c707-456b-a0c4-3541d073f245/a2382ad0-c839-469d-852b-18c15dff2958_139433076.jpeg?h=225&w=225,
253845148,Innocent Strawberries & Bananas 250Ml,https://www.tesco.com/groceries/en-GB/shop/fresh-food/all?department=Chilled%20Soup%2C%20Sandwiches%20%26%20Salad%20Pots&viewAll=department&page=,£2.00,£0.80/100ml,"£3.40 Meal Deal Clubcard Price £3.90 Meal Deal Regular Price - Selected Drink, Snack, Wrap, Sandwich, Roll, Pasty Or Salad",,/groceries/en-GB/products/253845148,https://digitalcontent.api.tesco.com/v2/media/ghs/735f6a5e-9c1b-4097-9e56-68faa436c9eb/2c763652-1255-4999-8f4b-a82bf747692b.jpeg?h=225&w=225,
265633012,Lipton Ice Tea Peach 500Ml,https://www.tesco.com/groceries/en-GB/shop/fresh-food/all?department=Chilled%20Soup%2C%20Sandwiches%20%26%20Salad%20Pots&viewAll=department&page=,£1.45,£0.29/100ml,"£3.40 Meal Deal Clubcard Price £3.90 Meal Deal Regular Price - Selected Drink, Snack, Wrap, Sandwich, Roll, Pasty Or Salad",,/groceries/en-GB/products/265633012,https://digitalcontent.api.tesco.com/v2/media/ghs/c3d6ce75-86ad-4476-bde2-63771e228414/96a082f5-2160-4f3c-928e-e2e2707a8d6f_195609228.jpeg?h=225&w=225,
256538277,Ribena Blackcurrant Really Light 500Ml Bottle,https://www.tesco.com/groceries/en-GB/shop/fresh-food/all?department=Chilled%20Soup%2C%20Sandwiches%20%26%20Salad%20Pots&viewAll=department&page=,£1.45,£0.29/100ml,"£3.40 Meal Deal Clubcard Price £3.90 Meal Deal Regular Price - Selected Drink, Snack, Wrap, Sandwich, Roll, Pasty Or Salad",,/groceries/en-GB/products/256538277,https://digitalcontent.api.tesco.com/v2/media/ghs/f3925e65-6a84-4e76-bafa-4894ef48da02/584dd56d-3c10-40ef-8547-6c1b07b59e78_1199836736.jpeg?h=225&w=225,
287043106,Gatorade Cool Blue 500Ml,https://www.tesco.com/groceries/en-GB/shop/fresh-food/all?department=Chilled%20Soup%2C%20Sandwiches%20%26%20Salad%20Pots&viewAll=department&page=,£1.45,£0.29/100ml,"£3.40 Meal Deal Clubcard Price £3.90 Meal Deal Regular Price - Selected Drink, Snack, Wrap, Sandwich, Roll, Pasty Or Salad",,/groceries/en-GB/products/287043106,https://digitalcontent.api.tesco.com/v2/media/ghs/0ce7630c-4aa8-4f00-a0d8-564a009c2e00/b4445d09-1824-41b8-932a-14b1dafcb4e6_1712092961.jpeg?h=225&w=225,
297132752,Coca Cola Classic 250Ml,https://www.tesco.com/groceries/en-GB/shop/fresh-food/all?department=Chilled%20Soup%2C%20Sandwiches%20%26%20Salad%20Pots&viewAll=department&page=,£0.95,£0.38/100ml,"£3.40 Meal Deal Clubcard Price £3.90 Meal Deal Regular Price - Selected Drink, Snack, Wrap, Sandwich, Roll, Pasty Or Salad",,/groceries/en-GB/products/297132752,https://digitalcontent.api.tesco.com/v2/media/ghs/5720eb2b-edb9-4e1e-9ebf-b196414995ae/56290deb-b1d6-456c-9671-7ba9be53c510_481549647.jpeg?h=225&w=225,
255339785,Fanta Orange Zero 500Ml,https://www.tesco.com/groceries/en-GB/shop/fresh-food/all?department=Chilled%20Soup%2C%20Sandwiches%20%26%20Salad%20Pots&viewAll=department&page=,£1.60,£0.32/100ml,"£3.40 Meal Deal Clubcard Price £3.90 Meal Deal Regular Price - Selected Drink, Snack, Wrap, Sandwich, Roll, Pasty Or Salad",,/groceries/en-GB/products/255339785,https://digitalcontent.api.tesco.com/v2/media/ghs/0618f151-aef4-4a85-8b37-f705d0a1a7b6/6a63fdb2-ed9c-436b-ae4b-74e26ae2baed_452029958.jpeg?h=225&w=225,
303675912,Tesco Egg Protein Pot 90G,https://www.tesco.com/groceries/en-GB/shop/fresh-food/all?department=Chilled%20Soup%2C%20Sandwiches%20%26%20Salad%20Pots&viewAll=department&page=,£1.15,£1.28/100g,"£3.40 Meal Deal Clubcard Price £3.90 Meal Deal Regular Price - Selected Drink, Snack, Wrap, Sandwich, Roll, Pasty Or Salad",,/groceries/en-GB/products/303675912,https://digitalcontent.api.tesco.com/v2/media/ghs/92c0033d-aba2-48f6-8081-fdc409a516d4/c6328ff4-623f-4e73-87b6-7698933000d8.jpeg?h=225&w=225,
297132838,Pepsi Max Cherry 500Ml,https://www.tesco.com/groceries/en-GB/shop/fresh-food/all?department=Chilled%20Soup%2C%20Sandwiches%20%26%20Salad%20Pots&viewAll=department&page=,£1.45,£0.29/100ml,"£3.40 Meal Deal Clubcard Price £3.90 Meal Deal Regular Price - Selected Drink, Snack, Wrap, Sandwich, Roll, Pasty Or Salad",,/groceries/en-GB/products/297132838,https://digitalcontent.api.tesco.com/v2/media/ghs/8f49f960-ff96-4789-980b-b790db9ac957/01639825-b98e-41dd-89a9-7ae37d5eea58_1929543867.jpeg?h=225&w=225,
306649409,Tesco Green Olives With Herbs 60G,https://www.tesco.com/groceries/en-GB/shop/fresh-food/all?department=Chilled%20Soup%2C%20Sandwiches%20%26%20Salad%20Pots&viewAll=department&page=,£1.15,£1.92/100g,"£3.40 Meal Deal Clubcard Price £3.90 Meal Deal Regular Price - Selected Drink, Snack, Wrap, Sandwich, Roll, Pasty Or Salad",,/groceries/en-GB/products/306649409,https://digitalcontent.api.tesco.com/v2/media/ghs/fc906c5a-d9bb-4838-93a5-7e51a892daf7/cd1b15c2-ec92-477a-bf66-ed7844a79a32_329037568.jpeg?h=225&w=225,
257741719,Evian Water 75Cl,https://www.tesco.com/groceries/en-GB/shop/fresh-food/all?department=Chilled%20Soup%2C%20Sandwiches%20%26%20Salad%20Pots&viewAll=department&page=,£1.20,£0.16/100ml,"£3.40 Meal Deal Clubcard Price £3.90 Meal Deal Regular Price - Selected Drink, Snack, Wrap, Sandwich, Roll, Pasty Or Salad",,/groceries/en-GB/products/257741719,https://digitalcontent.api.tesco.com/v2/media/ghs/5b07649d-e756-4348-ae33-610d89d585f5/26982ee2-764b-42b9-8d55-8e118debd9f1_599321664.jpeg?h=225&w=225,
264556446,Red Bull Energy Drink 473Ml,https://www.tesco.com/groceries/en-GB/shop/fresh-food/all?department=Chilled%20Soup%2C%20Sandwiches%20%26%20Salad%20Pots&viewAll=department&page=,£2.40,£0.51/100ml,"£3.40 Meal Deal Clubcard Price £3.90 Meal Deal Regular Price - Selected Drink, Snack, Wrap, Sandwich, Roll, Pasty Or Salad",,/groceries/en-GB/products/264556446,https://digitalcontent.api.tesco.com/v2/media/ghs/6c77c582-1ea6-4010-96ce-bd960769f6d7/77d7fe56-bbd8-4f37-a5a7-5f0ae41436e2_1886086727.jpeg?h=225&w=225,
260255657,Tesco Just Ham Sandwich,https://www.tesco.com/groceries/en-GB/shop/fresh-food/all?department=Chilled%20Soup%2C%20Sandwiches%20%26%20Salad%20Pots&viewAll=department&page=,£1.40,£1.40/each,"£3.40 Meal Deal Clubcard Price £3.90 Meal Deal Regular Price - Selected Drink, Snack, Wrap, Sandwich, Roll, Pasty Or Salad",,/groceries/en-GB/products/260255657,https://digitalcontent.api.tesco.com/v2/media/ghs/a16baa86-a900-4d4e-be1e-ca9c694d5ce6/4a46fa4b-8d70-4cc4-bec5-d5598f299454.jpeg?h=225&w=225,
265445131,Pringles Sour Cream & Onion 40G,https://www.tesco.com/groceries/en-GB/shop/fresh-food/all?department=Chilled%20Soup%2C%20Sandwiches%20%26%20Salad%20Pots&viewAll=department&page=,£0.90,£2.25/100g,"£3.40 Meal Deal Clubcard Price £3.90 Meal Deal Regular Price - Selected Drink, Snack, Wrap, Sandwich, Roll, Pasty Or Salad",,/groceries/en-GB/products/265445131,https://digitalcontent.api.tesco.com/v2/media/ghs/2f9c52fc-35e0-4559-9e25-439b2d16fbbb/2f877886-0d3f-43a4-9ea7-85de81cfeae3_1515839351.jpeg?h=225&w=225,
254982467,Sensations Sweet Chilli Crisps 40G,https://www.tesco.com/groceries/en-GB/shop/fresh-food/all?department=Chilled%20Soup%2C%20Sandwiches%20%26%20Salad%20Pots&viewAll=department&page=,£0.90,£2.25/100g,"£3.40 Meal Deal Clubcard Price £3.90 Meal Deal Regular Price - Selected Drink, Snack, Wrap, Sandwich, Roll, Pasty Or Salad",,/groceries/en-GB/products/254982467,https://digitalcontent.api.tesco.com/v2/media/ghs/271342a1-2e67-46f7-82ba-f35e89e81367/826c61be-cf73-4ba7-8663-7dc9a1dfde26_346406701.jpeg?h=225&w=225,
303543216,Tesco Cocktail Sausages & Ketchup Dip 98G,https://www.tesco.com/groceries/en-GB/shop/fresh-food/all?department=Chilled%20Soup%2C%20Sandwiches%20%26%20Salad%20Pots&viewAll=department&page=,£1.15,£1.18/100g,"£3.40 Meal Deal Clubcard Price £3.90 Meal Deal Regular Price - Selected Drink, Snack, Wrap, Sandwich, Roll, Pasty Or Salad",,/groceries/en-GB/products/303543216,https://digitalcontent.api.tesco.com/v2/media/ghs/4a846035-b500-4526-9d08-2b7d4bd4ce9d/78ffa3f6-e443-41a8-88a5-08fa78ff5a40.jpeg?h=225&w=225,
282539902,Twix Chocolate Bar 75G,https://www.tesco.com/groceries/en-GB/shop/fresh-food/all?department=Chilled%20Soup%2C%20Sandwiches%20%26%20Salad%20Pots&viewAll=department&page=,£0.85,£1.14/100g,"£3.40 Meal Deal Clubcard Price £3.90 Meal Deal Regular Price - Selected Drink, Snack, Wrap, Sandwich, Roll, Pasty Or Salad",,/groceries/en-GB/products/282539902,https://digitalcontent.api.tesco.com/v2/media/ghs/5f82b193-df2e-464c-9519-ae7d33d4075d/f3162c27-f94d-4382-a0c3-880973bb2dbd_2066956031.jpeg?h=225&w=225,
304373162,Yorkshire Provender Cauliflower Soup 600G,https://www.tesco.com/groceries/en-GB/shop/fresh-food/all?department=Chilled%20Soup%2C%20Sandwiches%20%26%20Salad%20Pots&viewAll=department&page=,£3.00,£0.50/100g,,,/groceries/en-GB/products/304373162,https://digitalcontent.api.tesco.com/v2/media/ghs/0aa33489-0c79-4efc-8c4f-acf969482fc8/357924bc-fd80-4d5e-b2bb-70d34dd56256.jpeg?h=225&w=225,
268226075,Yorkshire Provender Tomato & Pepper Soup 600G,https://www.tesco.com/groceries/en-GB/shop/fresh-food/all?department=Chilled%20Soup%2C%20Sandwiches%20%26%20Salad%20Pots&viewAll=department&page=,£3.00,£0.50/100g,,,/groceries/en-GB/products/268226075,https://digitalcontent.api.tesco.com/v2/media/ghs/8e39e7dc-85a4-43e0-b69d-0290baea652f/6dd21d32-3c7a-401c-89c6-8dbe74ed0664.jpeg?h=225&w=225,
277074044,Tesco Chicken & Bacon Wrap,https://www.tesco.com/groceries/en-GB/shop/fresh-food/all?department=Chilled%20Soup%2C%20Sandwiches%20%26%20Salad%20Pots&viewAll=department&page=,£2.75,£2.75/each,"£3.40 Meal Deal Clubcard Price £3.90 Meal Deal Regular Price - Selected Drink, Snack, Wrap, Sandwich, Roll, Pasty Or Salad",,/groceries/en-GB/products/277074044,https://digitalcontent.api.tesco.com/v2/media/ghs/3317225b-0a70-4ccf-afea-83e4876d13c0/e256fb30-5c75-4454-b798-3c6a7f3817c7.jpeg?h=225&w=225,
254501341,Tesco Honey & Mustard Chicken Pasta 300G,https://www.tesco.com/groceries/en-GB/shop/fresh-food/all?department=Chilled%20Soup%2C%20Sandwiches%20%26%20Salad%20Pots&viewAll=department&page=,£2.75,£0.92/100g,"£3.40 Meal Deal Clubcard Price £3.90 Meal Deal Regular Price - Selected Drink, Snack, Wrap, Sandwich, Roll, Pasty Or Salad",,/groceries/en-GB/products/254501341,https://digitalcontent.api.tesco.com/v2/media/ghs/7c3a7877-8604-4241-8198-06c63d33d5c5/640cd9a7-3594-477e-97eb-372a3469ecff.jpeg?h=225&w=225,
305959925,"Tesco Salmon, Hoisin & Cucumber Mini Maki 188G",https://www.tesco.com/groceries/en-GB/shop/fresh-food/all?department=Chilled%20Soup%2C%20Sandwiches%20%26%20Salad%20Pots&viewAll=department&page=,£2.75,£1.47/100g,"£3.40 Meal Deal Clubcard Price £3.90 Meal Deal Regular Price - Selected Drink, Snack, Wrap, Sandwich, Roll, Pasty Or Salad",,/groceries/en-GB/products/305959925,https://digitalcontent.api.tesco.com/v2/media/ghs/b98bb753-cf33-491c-8002-a877d2f08cb9/abe1307f-713b-40fe-ba44-02280d8b1b1e_1088875567.jpeg?h=225&w=225,
253144396,Fanta Fruit Twist 500 Ml,https://www.tesco.com/groceries/en-GB/shop/fresh-food/all?department=Chilled%20Soup%2C%20Sandwiches%20%26%20Salad%20Pots&viewAll=department&page=,£1.60,£0.32/100ml,"£3.40 Meal Deal Clubcard Price £3.90 Meal Deal Regular Price - Selected Drink, Snack, Wrap, Sandwich, Roll, Pasty Or Salad",,/groceries/en-GB/products/253144396,https://digitalcontent.api.tesco.com/v2/media/ghs/8c07df06-8bbd-471e-852a-bcccc42bf964/d90c5f8b-7bb1-46fd-9740-edb81e0b16de_1768279561.jpeg?h=225&w=225,
263709140,Dr Pepper Zero 500Ml,https://www.tesco.com/groceries/en-GB/shop/fresh-food/all?department=Chilled%20Soup%2C%20Sandwiches%20%26%20Salad%20Pots&viewAll=department&page=,£1.60,£0.32/100ml,"£3.40 Meal Deal Clubcard Price £3.90 Meal Deal Regular Price - Selected Drink, Snack, Wrap, Sandwich, Roll, Pasty Or Salad",,/groceries/en-GB/products/263709140,https://digitalcontent.api.tesco.com/v2/media/ghs/f75c66f4-2bf0-4832-b7c8-9764db2656b6/0a0b225b-7a15-41ee-b1c9-fca38f5efc88_1998308601.jpeg?h=225&w=225,
265633041,Lipton Ice Tea Lemon 500Ml,https://www.tesco.com/groceries/en-GB/shop/fresh-food/all?department=Chilled%20Soup%2C%20Sandwiches%20%26%20Salad%20Pots&viewAll=department&page=,£1.45,£0.29/100ml,"£3.40 Meal Deal Clubcard Price £3.90 Meal Deal Regular Price - Selected Drink, Snack, Wrap, Sandwich, Roll, Pasty Or Salad",,/groceries/en-GB/products/265633041,https://digitalcontent.api.tesco.com/v2/media/ghs/86ede36d-057b-431f-a813-01dbbec9d790/519ae76e-f146-44ed-b21e-1c7092c08145_535823046.jpeg?h=225&w=225,
252061921,Fanta Orange 500Ml,https://www.tesco.com/groceries/en-GB/shop/fresh-food/all?department=Chilled%20Soup%2C%20Sandwiches%20%26%20Salad%20Pots&viewAll=department&page=,£1.60,£0.32/100ml,"£3.40 Meal Deal Clubcard Price £3.90 Meal Deal Regular Price - Selected Drink, Snack, Wrap, Sandwich, Roll, Pasty Or Salad",,/groceries/en-GB/products/252061921,https://digitalcontent.api.tesco.com/v2/media/ghs/eb0dd590-6afe-42b5-9d2b-182acae88553/210119ec-53d6-4ca5-a749-428044bba623_1324571295.jpeg?h=225&w=225,
274622236,Tesco Free Range Egg Mayonnaise Sandwich,https://www.tesco.com/groceries/en-GB/shop/fresh-food/all?department=Chilled%20Soup%2C%20Sandwiches%20%26%20Salad%20Pots&viewAll=department&page=,£2.00,£2.00/each,"£3.40 Meal Deal Clubcard Price £3.90 Meal Deal Regular Price - Selected Drink, Snack, Wrap, Sandwich, Roll, Pasty Or Salad",,/groceries/en-GB/products/274622236,https://digitalcontent.api.tesco.com/v2/media/ghs/350af0ec-5f02-4498-b7fb-a7fbbe0ea6e7/a0dd5872-deec-4cff-9da5-38cb3e0dd028.jpeg?h=225&w=225,
285293622,Tesco Ploughmans Sandwich,https://www.tesco.com/groceries/en-GB/shop/fresh-food/all?department=Chilled%20Soup%2C%20Sandwiches%20%26%20Salad%20Pots&viewAll=department&page=,£2.00,£2.00/each,"£3.40 Meal Deal Clubcard Price £3.90 Meal Deal Regular Price - Selected Drink, Snack, Wrap, Sandwich, Roll, Pasty Or Salad",,/groceries/en-GB/products/285293622,https://digitalcontent.api.tesco.com/v2/media/ghs/fd020224-78d2-4c3c-a3e0-682d7593c126/188c98c1-945d-4b1f-8792-cab7ad5700ad.jpeg?h=225&w=225,
290882525,Tesco Extra Large Vegetable Samosa 98G,https://www.tesco.com/groceries/en-GB/shop/fresh-food/all?department=Chilled%20Soup%2C%20Sandwiches%20%26%20Salad%20Pots&viewAll=department&page=,£1.75,£1.79/100g,"£3.40 Meal Deal Clubcard Price £3.90 Meal Deal Regular Price - Selected Drink, Snack, Wrap, Sandwich, Roll, Pasty Or Salad",,/groceries/en-GB/products/290882525,https://digitalcontent.api.tesco.com/v2/media/ghs/ce5090d3-9dc4-4f0e-a9df-041e435dfc85/8b9db25f-b7d7-45c9-915a-485922722a01.jpeg?h=225&w=225,
250792387,Lucozade Original 500Ml,https://www.tesco.com/groceries/en-GB/shop/fresh-food/all?department=Chilled%20Soup%2C%20Sandwiches%20%26%20Salad%20Pots&viewAll=department&page=,£1.60,£0.32/100ml,"£3.40 Meal Deal Clubcard Price £3.90 Meal Deal Regular Price - Selected Drink, Snack, Wrap, Sandwich, Roll, Pasty Or Salad",,/groceries/en-GB/products/250792387,https://digitalcontent.api.tesco.com/v2/media/ghs/5f8f9246-896a-4def-8a06-47af62eef4e4/ce36a2cc-b7e0-4fdd-8ad9-f0a4613ce5ea_1590687902.jpeg?h=225&w=225,
255231748,Lucozade Sport Orange Still 500Ml,https://www.tesco.com/groceries/en-GB/shop/fresh-food/all?department=Chilled%20Soup%2C%20Sandwiches%20%26%20Salad%20Pots&viewAll=department&page=,£1.60,£0.32/100ml,"£3.40 Meal Deal Clubcard Price £3.90 Meal Deal Regular Price - Selected Drink, Snack, Wrap, Sandwich, Roll, Pasty Or Salad",,/groceries/en-GB/products/255231748,https://digitalcontent.api.tesco.com/v2/media/ghs/6c1b7017-3f85-4ef9-887c-12a24ce9c2ce/0fe0ea4d-65c9-4f15-81dd-155a01332bde_241833085.jpeg?h=225&w=225,
279834507,Itsu Seaweed Thins Sea Salt 5G,https://www.tesco.com/groceries/en-GB/shop/fresh-food/all?department=Chilled%20Soup%2C%20Sandwiches%20%26%20Salad%20Pots&viewAll=department&page=,£1.00,£20.00/100g,"£3.40 Meal Deal Clubcard Price £3.90 Meal Deal Regular Price - Selected Drink, Snack, Wrap, Sandwich, Roll, Pasty Or Salad",,/groceries/en-GB/products/279834507,https://digitalcontent.api.tesco.com/v2/media/ghs/3f19544d-082a-4415-a9b6-22d2e8fab7e9/a1224a05-36df-48d3-965e-1dd2fa7d33cf_1138055903.jpeg?h=225&w=225,
260169362,Buxton Still Water Sports 1L(C),https://www.tesco.com/groceries/en-GB/shop/fresh-food/all?department=Chilled%20Soup%2C%20Sandwiches%20%26%20Salad%20Pots&viewAll=department&page=,£1.10,£0.11/100ml,"£3.40 Meal Deal Clubcard Price £3.90 Meal Deal Regular Price - Selected Drink, Snack, Wrap, Sandwich, Roll, Pasty Or Salad",,/groceries/en-GB/products/260169362,https://digitalcontent.api.tesco.com/v2/media/ghs/853da574-6890-4458-8e2c-5cf581b10def/94883231-f127-4819-bb9f-4d32c730a548_2065743219.jpeg?h=225&w=225,
267482964,Mountain Dew Energy 500Ml,https://www.tesco.com/groceries/en-GB/shop/fresh-food/all?department=Chilled%20Soup%2C%20Sandwiches%20%26%20Salad%20Pots&viewAll=department&page=,£1.40,£0.28/100ml,"£3.40 Meal Deal Clubcard Price £3.90 Meal Deal Regular Price - Selected Drink, Snack, Wrap, Sandwich, Roll, Pasty Or Salad",,/groceries/en-GB/products/267482964,https://digitalcontent.api.tesco.com/v2/media/ghs/74315bad-2c0e-4c12-8352-a72ff8fb4051/8dd1c63f-b0dc-4a63-80a5-ddd2f1b964d1_1971634551.jpeg?h=225&w=225,
277975101,Juice Burst Orange 500Ml,https://www.tesco.com/groceries/en-GB/shop/fresh-food/all?department=Chilled%20Soup%2C%20Sandwiches%20%26%20Salad%20Pots&viewAll=department&page=,£1.50,£0.30/100ml,"£3.40 Meal Deal Clubcard Price £3.90 Meal Deal Regular Price - Selected Drink, Snack, Wrap, Sandwich, Roll, Pasty Or Salad",,/groceries/en-GB/products/277975101,https://digitalcontent.api.tesco.com/v2/media/ghs/b306f11e-d92a-44ed-880b-22f820ce5178/ff4f4a6b-e496-4d8d-8a54-22dbd7311c1f_1775891695.jpeg?h=225&w=225,
263850201,Lucozade Energy Orange 500Ml,https://www.tesco.com/groceries/en-GB/shop/fresh-food/all?department=Chilled%20Soup%2C%20Sandwiches%20%26%20Salad%20Pots&viewAll=department&page=,£1.60,£0.32/100ml,"£3.40 Meal Deal Clubcard Price £3.90 Meal Deal Regular Price - Selected Drink, Snack, Wrap, Sandwich, Roll, Pasty Or Salad",,/groceries/en-GB/products/263850201,https://digitalcontent.api.tesco.com/v2/media/ghs/fb5c0695-428f-4ac6-826e-5e7feb8ce1e6/1dcae46f-45b0-4eea-80bd-3a04f02a688b_568070125.jpeg?h=225&w=225,
262079459,Red Bull Energy Drink 355Ml,https://www.tesco.com/groceries/en-GB/shop/fresh-food/all?department=Chilled%20Soup%2C%20Sandwiches%20%26%20Salad%20Pots&viewAll=department&page=,£1.90,£0.54/100ml,"£3.40 Meal Deal Clubcard Price £3.90 Meal Deal Regular Price - Selected Drink, Snack, Wrap, Sandwich, Roll, Pasty Or Salad",,/groceries/en-GB/products/262079459,https://digitalcontent.api.tesco.com/v2/media/ghs/770d4d2a-4774-48f6-9b4f-9d5e4c1a5410/18673b4b-ccad-4681-b769-b7506b60c29d_1427477289.jpeg?h=225&w=225,
250267952,Volvic Sports Cap Water 1Ltr,https://www.tesco.com/groceries/en-GB/shop/fresh-food/all?department=Chilled%20Soup%2C%20Sandwiches%20%26%20Salad%20Pots&viewAll=department&page=,£1.00,£0.10/100ml,"£3.40 Meal Deal Clubcard Price £3.90 Meal Deal Regular Price - Selected Drink, Snack, Wrap, Sandwich, Roll, Pasty Or Salad",,/groceries/en-GB/products/250267952,https://digitalcontent.api.tesco.com/v2/media/ghs/d1920199-4a81-40a1-94ac-c925f12656ca/f60a5494-d100-4365-ab39-6722abddd043_1071187283.jpeg?h=225&w=225,
259154000,Walkers Baked Cheese & Onion 37.5G,https://www.tesco.com/groceries/en-GB/shop/fresh-food/all?department=Chilled%20Soup%2C%20Sandwiches%20%26%20Salad%20Pots&viewAll=department&page=,£0.90,£2.40/100g,"£3.40 Meal Deal Clubcard Price £3.90 Meal Deal Regular Price - Selected Drink, Snack, Wrap, Sandwich, Roll, Pasty Or Salad",,/groceries/en-GB/products/259154000,https://digitalcontent.api.tesco.com/v2/media/ghs/c75d98b3-730a-4be9-9caf-be630f976aaf/642cd1eb-ddde-457b-88ee-9d867e1fbad2_1658716479.jpeg?h=225&w=225,
259160983,Barr Irn Bru 500Ml,https://www.tesco.com/groceries/en-GB/shop/fresh-food/all?department=Chilled%20Soup%2C%20Sandwiches%20%26%20Salad%20Pots&viewAll=department&page=,£0.99,£0.20/100ml,"£3.40 Meal Deal Clubcard Price £3.90 Meal Deal Regular Price - Selected Drink, Snack, Wrap, Sandwich, Roll, Pasty Or Salad",,/groceries/en-GB/products/259160983,https://digitalcontent.api.tesco.com/v2/media/ghs/71ee9e1e-9a78-4c7d-99c2-2691c6d806be/c55dd41e-068d-4c49-99cf-a28b39105e38_2027598657.jpeg?h=225&w=225,
296814530,Fridge Raiders Southern Style Chicken Bites 50G,https://www.tesco.com/groceries/en-GB/shop/fresh-food/all?department=Chilled%20Soup%2C%20Sandwiches%20%26%20Salad%20Pots&viewAll=department&page=,£1.15,£2.30/100g,"£3.40 Meal Deal Clubcard Price £3.90 Meal Deal Regular Price - Selected Drink, Snack, Wrap, Sandwich, Roll, Pasty Or Salad",,/groceries/en-GB/products/296814530,https://digitalcontent.api.tesco.com/v2/media/ghs/fcd68d34-1fe4-4dba-b479-c5d4b02ba3c9/94c0ca5f-163d-441c-99aa-e3f2597c03e5.jpeg?h=225&w=225,
264556669,Monster Energy 500 Ml Can,https://www.tesco.com/groceries/en-GB/shop/fresh-food/all?department=Chilled%20Soup%2C%20Sandwiches%20%26%20Salad%20Pots&viewAll=department&page=,£1.65,£0.33/100ml,"£3.40 Meal Deal Clubcard Price £3.90 Meal Deal Regular Price - Selected Drink, Snack, Wrap, Sandwich, Roll, Pasty Or Salad",,/groceries/en-GB/products/264556669,https://digitalcontent.api.tesco.com/v2/media/ghs/2fa43bbc-5a50-40d9-bd44-3084ca6002b9/df91bf17-6664-485a-a328-ba15ca8e0d93_468310332.jpeg?h=225&w=225,
305518993,Innocent Energise Super Smoothie 300Ml,https://www.tesco.com/groceries/en-GB/shop/fresh-food/all?department=Chilled%20Soup%2C%20Sandwiches%20%26%20Salad%20Pots&viewAll=department&page=,£2.36,£0.79/100ml,"£3.40 Meal Deal Clubcard Price £3.90 Meal Deal Regular Price - Selected Drink, Snack, Wrap, Sandwich, Roll, Pasty Or Salad",,/groceries/en-GB/products/305518993,https://digitalcontent.api.tesco.com/v2/media/ghs/f4251ce1-9f6c-49b9-aa31-257c9f9e5393/f1e34d39-e9c7-4df9-8e08-83d658b0752f.jpeg?h=225&w=225,
258755425,Kettle Sea Salt & Balsamic Vinegarcrisps40g,https://www.tesco.com/groceries/en-GB/shop/fresh-food/all?department=Chilled%20Soup%2C%20Sandwiches%20%26%20Salad%20Pots&viewAll=department&page=,£0.90,£2.25/100g,"£3.40 Meal Deal Clubcard Price £3.90 Meal Deal Regular Price - Selected Drink, Snack, Wrap, Sandwich, Roll, Pasty Or Salad",,/groceries/en-GB/products/258755425,https://digitalcontent.api.tesco.com/v2/media/ghs/af9498f3-0dec-475e-9256-64baa53a9de9/3a3fad56-5ba1-4bdd-b977-a7ab5d7cb4e1_704792089.jpeg?h=225&w=225,
303675814,Tesco Hoisin Duck Sushi 57G,https://www.tesco.com/groceries/en-GB/shop/fresh-food/all?department=Chilled%20Soup%2C%20Sandwiches%20%26%20Salad%20Pots&viewAll=department&page=,£1.15,£2.02/100g,"£3.40 Meal Deal Clubcard Price £3.90 Meal Deal Regular Price - Selected Drink, Snack, Wrap, Sandwich, Roll, Pasty Or Salad",,/groceries/en-GB/products/303675814,https://digitalcontent.api.tesco.com/v2/media/ghs/7a41a8a4-5427-4530-a504-e1a698c6bdc8/bc863057-20cd-4356-8bd9-3b543e9f3edd.jpeg?h=225&w=225,
285132649,Glaceau Smartwater 600Ml,https://www.tesco.com/groceries/en-GB/shop/fresh-food/all?department=Chilled%20Soup%2C%20Sandwiches%20%26%20Salad%20Pots&viewAll=department&page=,£0.80,£0.13/100ml,"£3.40 Meal Deal Clubcard Price £3.90 Meal Deal Regular Price - Selected Drink, Snack, Wrap, Sandwich, Roll, Pasty Or Salad",,/groceries/en-GB/products/285132649,https://digitalcontent.api.tesco.com/v2/media/ghs/968f615c-f705-4632-b65b-64efbfe2fac2/44b41185-e9ed-4678-954d-bc6385ee3972_550847473.jpeg?h=225&w=225,
305990817,Tesco Smoked Salmon Sushi Snack 57G,https://www.tesco.com/groceries/en-GB/shop/fresh-food/all?department=Chilled%20Soup%2C%20Sandwiches%20%26%20Salad%20Pots&viewAll=department&page=,£1.15,£2.02/100g,"£3.40 Meal Deal Clubcard Price £3.90 Meal Deal Regular Price - Selected Drink, Snack, Wrap, Sandwich, Roll, Pasty Or Salad",,/groceries/en-GB/products/305990817,https://digitalcontent.api.tesco.com/v2/media/ghs/ef259cd6-b93c-41e5-bfb2-1a913410c0a5/10ef60b6-5d83-4c3b-8076-5a294a915e84.jpeg?h=225&w=225,
299965650,Tesco Scotch Egg 113G,https://www.tesco.com/groceries/en-GB/shop/fresh-food/all?department=Chilled%20Soup%2C%20Sandwiches%20%26%20Salad%20Pots&viewAll=department&page=,£1.15,£1.02/100g,"£3.40 Meal Deal Clubcard Price £3.90 Meal Deal Regular Price - Selected Drink, Snack, Wrap, Sandwich, Roll, Pasty Or Salad",,/groceries/en-GB/products/299965650,https://digitalcontent.api.tesco.com/v2/media/ghs/98a21b19-a02a-4d30-b553-4ce967532a1e/148df6e1-9042-49e8-8188-e57039ca01e7.jpeg?h=225&w=225,
310105800,Tesco Pesto Pasta 465G,https://www.tesco.com/groceries/en-GB/shop/fresh-food/all?department=Chilled%20Soup%2C%20Sandwiches%20%26%20Salad%20Pots&viewAll=department&page=,£3.00,£0.65/100g,,,/groceries/en-GB/products/310105800,https://digitalcontent.api.tesco.com/v2/media/ghs/d35af966-d91f-4625-b5e0-bab95652b7c1/0234e9b3-0e08-4ee6-9311-e5d2e8f6e287.jpeg?h=225&w=225,
309191432,Bol Sweet Potato Cauli-Daal Power Soup 600G,https://www.tesco.com/groceries/en-GB/shop/fresh-food/all?department=Chilled%20Soup%2C%20Sandwiches%20%26%20Salad%20Pots&viewAll=department&page=,£3.00,£0.50/100g,£2.50 Clubcard Price,,/groceries/en-GB/products/309191432,https://digitalcontent.api.tesco.com/v2/media/ghs/799ef110-df97-40fc-b27d-b2041b223772/2d15db05-f4f0-46ed-8913-27252481933c.jpeg?h=225&w=225,
267593078,Tesco Sweet Chilli Chicken Wrap,https://www.tesco.com/groceries/en-GB/shop/fresh-food/all?department=Chilled%20Soup%2C%20Sandwiches%20%26%20Salad%20Pots&viewAll=department&page=,£2.75,£2.75/each,"£3.40 Meal Deal Clubcard Price £3.90 Meal Deal Regular Price - Selected Drink, Snack, Wrap, Sandwich, Roll, Pasty Or Salad",,/groceries/en-GB/products/267593078,https://digitalcontent.api.tesco.com/v2/media/ghs/b75479c0-cc55-4e28-9a1e-870d82f46b57/aa436a4f-8e3b-4a93-b7e2-78aeb4cdae88.jpeg?h=225&w=225,
308496897,Yo! Vegan Selection 222G,https://www.tesco.com/groceries/en-GB/shop/fresh-food/all?department=Chilled%20Soup%2C%20Sandwiches%20%26%20Salad%20Pots&viewAll=department&page=,£4.00,£1.81/100g,,,/groceries/en-GB/products/308496897,https://digitalcontent.api.tesco.com/v2/media/ghs/78ef2682-0e10-4e08-b56b-89405cf228fc/9a9f2907-8bf9-4274-8f3e-865dba9c852d.jpeg?h=225&w=225,
306931138,Tesco Salmon Teriyaki Rice Bowl 290G,https://www.tesco.com/groceries/en-GB/shop/fresh-food/all?department=Chilled%20Soup%2C%20Sandwiches%20%26%20Salad%20Pots&viewAll=department&page=,£2.75,£0.95/100g,"£3.40 Meal Deal Clubcard Price £3.90 Meal Deal Regular Price - Selected Drink, Snack, Wrap, Sandwich, Roll, Pasty Or Salad",,/groceries/en-GB/products/306931138,https://digitalcontent.api.tesco.com/v2/media/ghs/69528f71-b0ab-4dfc-8e53-cb2aa813d721/6aa72851-bc16-486a-8f4a-a794f3e5972b.jpeg?h=225&w=225,
309160319,Bol Creamy Corn & Sweet Potato Power Soup 600G,https://www.tesco.com/groceries/en-GB/shop/fresh-food/all?department=Chilled%20Soup%2C%20Sandwiches%20%26%20Salad%20Pots&viewAll=department&page=,£3.00,£0.50/100g,£2.50 Clubcard Price,,/groceries/en-GB/products/309160319,https://digitalcontent.api.tesco.com/v2/media/ghs/e0050a3c-3c3a-4f42-b4fc-d2e1818dff59/3514c620-d638-45f8-9e5c-c24a7e626ded.jpeg?h=225&w=225,
305525264,Innocent Tropical Defence Super Smoothie 300Ml,https://www.tesco.com/groceries/en-GB/shop/fresh-food/all?department=Chilled%20Soup%2C%20Sandwiches%20%26%20Salad%20Pots&viewAll=department&page=,£2.36,£0.79/100ml,"£3.40 Meal Deal Clubcard Price £3.90 Meal Deal Regular Price - Selected Drink, Snack, Wrap, Sandwich, Roll, Pasty Or Salad",,/groceries/en-GB/products/305525264,https://digitalcontent.api.tesco.com/v2/media/ghs/59517dac-cb5c-4bfd-9413-3f9a2eefe0d9/6f84dc83-b3a5-460d-b53f-412c0f00d27f.jpeg?h=225&w=225,
300117467,"Tesco Salmon, Prawn & Mackerel Sushi 224G",https://www.tesco.com/groceries/en-GB/shop/fresh-food/all?department=Chilled%20Soup%2C%20Sandwiches%20%26%20Salad%20Pots&viewAll=department&page=,£3.00,£1.34/100g,,,/groceries/en-GB/products/300117467,https://digitalcontent.api.tesco.com/v2/media/ghs/c45ed9e9-05e6-4208-af4a-71a6ee9bea01/a0c98c91-2ba3-4201-8e1f-e81651bf7028_615766347.jpeg?h=225&w=225,
304408324,Tesco Brie & Cranberry Sandwich,https://www.tesco.com/groceries/en-GB/shop/fresh-food/all?department=Chilled%20Soup%2C%20Sandwiches%20%26%20Salad%20Pots&viewAll=department&page=,£2.75,£2.75/each,"£3.40 Meal Deal Clubcard Price £3.90 Meal Deal Regular Price - Selected Drink, Snack, Wrap, Sandwich, Roll, Pasty Or Salad",,/groceries/en-GB/products/304408324,https://digitalcontent.api.tesco.com/v2/media/ghs/bb7b0be9-8a72-47f2-bb43-91d782954e80/49fb612d-36a0-4825-ab0c-641295b2d8fa.jpeg?h=225&w=225,
274623051,Vita Coco 100% Natural Coconut Water 500Ml,https://www.tesco.com/groceries/en-GB/shop/fresh-food/all?department=Chilled%20Soup%2C%20Sandwiches%20%26%20Salad%20Pots&viewAll=department&page=,£2.49,£0.50/100ml,"£3.40 Meal Deal Clubcard Price £3.90 Meal Deal Regular Price - Selected Drink, Snack, Wrap, Sandwich, Roll, Pasty Or Salad",,/groceries/en-GB/products/274623051,https://digitalcontent.api.tesco.com/v2/media/ghs/e6911c79-36ad-40dc-9a36-59ab8563837f/95d20562-3f2b-45a0-9b4b-5a8590431c4b_759522811.jpeg?h=225&w=225,
305950687,"Tesco Bbq Chicken, Bacon & Cheese Sandwich",https://www.tesco.com/groceries/en-GB/shop/fresh-food/all?department=Chilled%20Soup%2C%20Sandwiches%20%26%20Salad%20Pots&viewAll=department&page=,£2.50,£2.50/each,"£3.40 Meal Deal Clubcard Price £3.90 Meal Deal Regular Price - Selected Drink, Snack, Wrap, Sandwich, Roll, Pasty Or Salad",,/groceries/en-GB/products/305950687,https://digitalcontent.api.tesco.com/v2/media/ghs/45fb09fa-b41b-4a19-8e12-b92876e4870e/683f1249-5e7d-4d53-8367-0b2d898ca1bc.jpeg?h=225&w=225,
254279200,Tesco Egg & Bacon Sandwich,https://www.tesco.com/groceries/en-GB/shop/fresh-food/all?department=Chilled%20Soup%2C%20Sandwiches%20%26%20Salad%20Pots&viewAll=department&page=,£2.50,£2.50/each,"£3.40 Meal Deal Clubcard Price £3.90 Meal Deal Regular Price - Selected Drink, Snack, Wrap, Sandwich, Roll, Pasty Or Salad",,/groceries/en-GB/products/254279200,https://digitalcontent.api.tesco.com/v2/media/ghs/79285ec9-0c01-47ee-a0d1-d0ca4803092c/0c3f0408-1908-4684-81f4-e0091b33c128.jpeg?h=225&w=225,
263674951,Red Bull Sugar Free Energy Drink 355Ml,https://www.tesco.com/groceries/en-GB/shop/fresh-food/all?department=Chilled%20Soup%2C%20Sandwiches%20%26%20Salad%20Pots&viewAll=department&page=,£1.80,£0.51/100ml,"£3.40 Meal Deal Clubcard Price £3.90 Meal Deal Regular Price - Selected Drink, Snack, Wrap, Sandwich, Roll, Pasty Or Salad",,/groceries/en-GB/products/263674951,https://digitalcontent.api.tesco.com/v2/media/ghs/c15d70fb-710a-4add-863f-b5c13415db6d/1b0fecfb-2b07-4d97-8c5e-4a3558fc8137_1564721808.jpeg?h=225&w=225,
265853039,Tesco Tuna & Sweetcorn Sandwich,https://www.tesco.com/groceries/en-GB/shop/fresh-food/all?department=Chilled%20Soup%2C%20Sandwiches%20%26%20Salad%20Pots&viewAll=department&page=,£2.00,£2.00/each,"£3.40 Meal Deal Clubcard Price £3.90 Meal Deal Regular Price - Selected Drink, Snack, Wrap, Sandwich, Roll, Pasty Or Salad",,/groceries/en-GB/products/265853039,https://digitalcontent.api.tesco.com/v2/media/ghs/4be799a9-1c8c-43bc-bb9c-88f74bf92e96/f9f7c003-78ed-4e72-9060-fd5e9b8934eb.jpeg?h=225&w=225,
252062033,Fanta Lemon 500Ml,https://www.tesco.com/groceries/en-GB/shop/fresh-food/all?department=Chilled%20Soup%2C%20Sandwiches%20%26%20Salad%20Pots&viewAll=department&page=,£1.60,£0.32/100ml,"£3.40 Meal Deal Clubcard Price £3.90 Meal Deal Regular Price - Selected Drink, Snack, Wrap, Sandwich, Roll, Pasty Or Salad",,/groceries/en-GB/products/252062033,https://digitalcontent.api.tesco.com/v2/media/ghs/74eb6e24-12fa-4cc8-bf01-e97974dbe0c8/7c3a3fc7-07e7-4c41-af08-ce32ba733abc_1230334745.jpeg?h=225&w=225,
251806135,Sprite Regular 500Ml,https://www.tesco.com/groceries/en-GB/shop/fresh-food/all?department=Chilled%20Soup%2C%20Sandwiches%20%26%20Salad%20Pots&viewAll=department&page=,£1.50,£0.30/100ml,"£3.40 Meal Deal Clubcard Price £3.90 Meal Deal Regular Price - Selected Drink, Snack, Wrap, Sandwich, Roll, Pasty Or Salad",,/groceries/en-GB/products/251806135,https://digitalcontent.api.tesco.com/v2/media/ghs/b4cf2fd0-9dac-40b4-ba1b-3949a0521f33/eee59d6f-8120-4c33-9a9f-3cf442def969_2062129499.jpeg?h=225&w=225,
303415109,Innocent Bolt From Blue Juice 330Ml,https://www.tesco.com/groceries/en-GB/shop/fresh-food/all?department=Chilled%20Soup%2C%20Sandwiches%20%26%20Salad%20Pots&viewAll=department&page=,£2.15,£0.65/100ml,"£3.40 Meal Deal Clubcard Price £3.90 Meal Deal Regular Price - Selected Drink, Snack, Wrap, Sandwich, Roll, Pasty Or Salad",,/groceries/en-GB/products/303415109,https://digitalcontent.api.tesco.com/v2/media/ghs/df7fa3d3-c694-4a18-86e7-42049c4eb7d2/4c0716f4-59ed-452a-8cc8-516a84b82ea8.jpeg?h=225&w=225,
290328463,Monster Energy Ultra 500Ml,https://www.tesco.com/groceries/en-GB/shop/fresh-food/all?department=Chilled%20Soup%2C%20Sandwiches%20%26%20Salad%20Pots&viewAll=department&page=,£1.55,£0.31/100ml,"£3.40 Meal Deal Clubcard Price £3.90 Meal Deal Regular Price - Selected Drink, Snack, Wrap, Sandwich, Roll, Pasty Or Salad",,/groceries/en-GB/products/290328463,https://digitalcontent.api.tesco.com/v2/media/ghs/daecc50d-cce8-4612-8b87-232a1d722a74/993fb743-4e59-41a6-8ef3-26935305b483_204783473.jpeg?h=225&w=225,
252168830,Evian Natural Mineral Water 500Ml,https://www.tesco.com/groceries/en-GB/shop/fresh-food/all?department=Chilled%20Soup%2C%20Sandwiches%20%26%20Salad%20Pots&viewAll=department&page=,£0.90,£0.18/100ml,"£3.40 Meal Deal Clubcard Price £3.90 Meal Deal Regular Price - Selected Drink, Snack, Wrap, Sandwich, Roll, Pasty Or Salad",,/groceries/en-GB/products/252168830,https://digitalcontent.api.tesco.com/v2/media/ghs/5862c6e4-b095-4053-bb40-e83c1d1ff5f2/95080a75-0372-450b-a334-708b7c192df3_384833645.jpeg?h=225&w=225,
253845275,Innocent Mangoes Passion Fruit 250Ml,https://www.tesco.com/groceries/en-GB/shop/fresh-food/all?department=Chilled%20Soup%2C%20Sandwiches%20%26%20Salad%20Pots&viewAll=department&page=,£2.00,£0.80/100ml,"£3.40 Meal Deal Clubcard Price £3.90 Meal Deal Regular Price - Selected Drink, Snack, Wrap, Sandwich, Roll, Pasty Or Salad",,/groceries/en-GB/products/253845275,https://digitalcontent.api.tesco.com/v2/media/ghs/d9103607-786e-4651-9dfe-a388ccaa579b/f5f6fbe4-b799-4850-a23c-7ead0dc84938.jpeg?h=225&w=225,
293541591,Glaceau Smartwater Sport Cap 850Ml,https://www.tesco.com/groceries/en-GB/shop/fresh-food/all?department=Chilled%20Soup%2C%20Sandwiches%20%26%20Salad%20Pots&viewAll=department&page=,£1.10,£0.13/100ml,"£3.40 Meal Deal Clubcard Price £3.90 Meal Deal Regular Price - Selected Drink, Snack, Wrap, Sandwich, Roll, Pasty Or Salad",,/groceries/en-GB/products/293541591,https://digitalcontent.api.tesco.com/v2/media/ghs/1cd22de0-0f47-47e8-b5c0-d29961a51daa/8ea89396-0946-4695-9512-53b59d75659c_571191231.jpeg?h=225&w=225,
262080192,Vimto Still 500Ml,https://www.tesco.com/groceries/en-GB/shop/fresh-food/all?department=Chilled%20Soup%2C%20Sandwiches%20%26%20Salad%20Pots&viewAll=department&page=,£1.15,£0.23/100ml,"£3.40 Meal Deal Clubcard Price £3.90 Meal Deal Regular Price - Selected Drink, Snack, Wrap, Sandwich, Roll, Pasty Or Salad",,/groceries/en-GB/products/262080192,https://digitalcontent.api.tesco.com/v2/media/ghs/9d05ca2e-3490-4972-98fb-caa77097f838/ba334c76-afe6-452b-8b5e-7bcf9c726784_273801924.jpeg?h=225&w=225,
260274716,Relentless Origin 500Ml,https://www.tesco.com/groceries/en-GB/shop/fresh-food/all?department=Chilled%20Soup%2C%20Sandwiches%20%26%20Salad%20Pots&viewAll=department&page=,£1.20,£0.24/100ml,"£3.40 Meal Deal Clubcard Price £3.90 Meal Deal Regular Price - Selected Drink, Snack, Wrap, Sandwich, Roll, Pasty Or Salad",,/groceries/en-GB/products/260274716,https://digitalcontent.api.tesco.com/v2/media/ghs/c84069c8-8b35-492f-b4a1-9e25f45bf5f6/2f702d38-5046-411c-b6ec-9f9e3169a772_945335984.jpeg?h=225&w=225,
251074208,San Pellegrino Sparkling Water 500Ml (New),https://www.tesco.com/groceries/en-GB/shop/fresh-food/all?department=Chilled%20Soup%2C%20Sandwiches%20%26%20Salad%20Pots&viewAll=department&page=,£0.90,£0.18/100ml,"£3.40 Meal Deal Clubcard Price £3.90 Meal Deal Regular Price - Selected Drink, Snack, Wrap, Sandwich, Roll, Pasty Or Salad",,/groceries/en-GB/products/251074208,https://digitalcontent.api.tesco.com/v2/media/ghs/c100c589-5aac-4e8d-a160-1e3d2d40d216/0d95a646-f076-4527-a7b6-83cf2ecb83a1_460913592.jpeg?h=225&w=225,
303068069,Monster Juiced Mango Loco 500Ml,https://www.tesco.com/groceries/en-GB/shop/fresh-food/all?department=Chilled%20Soup%2C%20Sandwiches%20%26%20Salad%20Pots&viewAll=department&page=,£1.65,£0.33/100ml,"£3.40 Meal Deal Clubcard Price £3.90 Meal Deal Regular Price - Selected Drink, Snack, Wrap, Sandwich, Roll, Pasty Or Salad",,/groceries/en-GB/products/303068069,https://digitalcontent.api.tesco.com/v2/media/ghs/9ce1bd9b-365b-4602-8e54-c263d3fade75/77a13a27-5a77-46b7-8f42-0725edf5379b_986309078.jpeg?h=225&w=225,
260205412,Highland Spring Sports Bottle 750 Ml,https://www.tesco.com/groceries/en-GB/shop/fresh-food/all?department=Chilled%20Soup%2C%20Sandwiches%20%26%20Salad%20Pots&viewAll=department&page=,£1.00,£0.13/100ml,"£3.40 Meal Deal Clubcard Price £3.90 Meal Deal Regular Price - Selected Drink, Snack, Wrap, Sandwich, Roll, Pasty Or Salad",,/groceries/en-GB/products/260205412,https://digitalcontent.api.tesco.com/v2/media/ghs/e9b07729-4e10-4e32-b671-098ad2393f4a/3e342556-8f5d-4d8b-9ce2-ddcb3f27c829_1241404347.jpeg?h=225&w=225,
292559670,Urban Fruit Snack Pack Mango 35G,https://www.tesco.com/groceries/en-GB/shop/fresh-food/all?department=Chilled%20Soup%2C%20Sandwiches%20%26%20Salad%20Pots&viewAll=department&page=,£1.00,£2.86/100g,"£3.40 Meal Deal Clubcard Price £3.90 Meal Deal Regular Price - Selected Drink, Snack, Wrap, Sandwich, Roll, Pasty Or Salad",,/groceries/en-GB/products/292559670,https://digitalcontent.api.tesco.com/v2/media/ghs/b0c31628-497c-4edc-87bc-158649176d1a/1555d301-23ca-4c3c-8f4e-98d7b0cd60f6_266630783.jpeg?h=225&w=225,
274110433,Propercorn Sweet & Salty 30G,https://www.tesco.com/groceries/en-GB/shop/fresh-food/all?department=Chilled%20Soup%2C%20Sandwiches%20%26%20Salad%20Pots&viewAll=department&page=,£0.90,£3.00/100g,"£3.40 Meal Deal Clubcard Price £3.90 Meal Deal Regular Price - Selected Drink, Snack, Wrap, Sandwich, Roll, Pasty Or Salad",,/groceries/en-GB/products/274110433,https://digitalcontent.api.tesco.com/v2/media/ghs/d1a1827d-d203-4615-ad44-5cd80c60ecb5/79791eb8-52f0-45d4-b156-c36855049c18_864884328.jpeg?h=225&w=225,
293333060,Graze Dark Chocolate Cherry Tart 40G,https://www.tesco.com/groceries/en-GB/shop/fresh-food/all?department=Chilled%20Soup%2C%20Sandwiches%20%26%20Salad%20Pots&viewAll=department&page=,£1.00,£2.50/100g,"£3.40 Meal Deal Clubcard Price £3.90 Meal Deal Regular Price - Selected Drink, Snack, Wrap, Sandwich, Roll, Pasty Or Salad",,/groceries/en-GB/products/293333060,https://digitalcontent.api.tesco.com/v2/media/ghs/bdfdab2c-34e5-4eec-8101-7b85a7a8c6be/f1fdb93c-1482-4f8b-9e52-9821ea727b9b_305825231.jpeg?h=225&w=225,
264441586,Walkers Monster Munch Mega Pickled Onion Snack40g,https://www.tesco.com/groceries/en-GB/shop/fresh-food/all?department=Chilled%20Soup%2C%20Sandwiches%20%26%20Salad%20Pots&viewAll=department&page=,£0.90,£2.25/100g,"£3.40 Meal Deal Clubcard Price £3.90 Meal Deal Regular Price - Selected Drink, Snack, Wrap, Sandwich, Roll, Pasty Or Salad",,/groceries/en-GB/products/264441586,https://digitalcontent.api.tesco.com/v2/media/ghs/eaf8159e-b0d7-4354-a6ab-de75fe56960d/051f2d97-9286-4ade-91c1-9d243f19186c_1344401001.jpeg?h=225&w=225,
290572685,Walkers Max Flamin Hot Crisps 50G,https://www.tesco.com/groceries/en-GB/shop/fresh-food/all?department=Chilled%20Soup%2C%20Sandwiches%20%26%20Salad%20Pots&viewAll=department&page=,£0.90,£1.80/100g,"£3.40 Meal Deal Clubcard Price £3.90 Meal Deal Regular Price - Selected Drink, Snack, Wrap, Sandwich, Roll, Pasty Or Salad",,/groceries/en-GB/products/290572685,https://digitalcontent.api.tesco.com/v2/media/ghs/e283c414-fe9e-4a30-9dfd-0098077f2ab3/2bb6f610-3f14-4a29-9c2a-d8ec7fd025e8_1434302025.jpeg?h=225&w=225,
274215027,Tyrrells Mixed Root Vegetable Crisps 40G,https://www.tesco.com/groceries/en-GB/shop/fresh-food/all?department=Chilled%20Soup%2C%20Sandwiches%20%26%20Salad%20Pots&viewAll=department&page=,£0.90,£2.25/100g,"£3.40 Meal Deal Clubcard Price £3.90 Meal Deal Regular Price - Selected Drink, Snack, Wrap, Sandwich, Roll, Pasty Or Salad",,/groceries/en-GB/products/274215027,https://digitalcontent.api.tesco.com/v2/media/ghs/54104c40-ae39-431e-a618-f93a5a3831e5/d0642eb4-f0d2-460f-bbd3-0c181745e0b8_236118182.jpeg?h=225&w=225,
262253149,Capri Sun Orange 330Ml,https://www.tesco.com/groceries/en-GB/shop/fresh-food/all?department=Chilled%20Soup%2C%20Sandwiches%20%26%20Salad%20Pots&viewAll=department&page=,£1.30,£0.39/100ml,"£3.40 Meal Deal Clubcard Price £3.90 Meal Deal Regular Price - Selected Drink, Snack, Wrap, Sandwich, Roll, Pasty Or Salad",,/groceries/en-GB/products/262253149,https://digitalcontent.api.tesco.com/v2/media/ghs/38aff681-7a64-433c-b1ba-f9c0c66c67b8/9fc2e456-a589-427c-839d-f2cac0c61407_1100171754.jpeg?h=225&w=225,
305945855,Tesco Sausage Roll 90G,https://www.tesco.com/groceries/en-GB/shop/fresh-food/all?department=Chilled%20Soup%2C%20Sandwiches%20%26%20Salad%20Pots&viewAll=department&page=,£1.15,£1.28/100g,"£3.40 Meal Deal Clubcard Price £3.90 Meal Deal Regular Price - Selected Drink, Snack, Wrap, Sandwich, Roll, Pasty Or Salad",,/groceries/en-GB/products/305945855,https://digitalcontent.api.tesco.com/v2/media/ghs/eadf0ef7-ea36-4f71-8347-032b3812280b/873030ca-8dbb-436c-a192-85bc04b5efa3.jpeg?h=225&w=225,
306651256,Snickers Creamy Peanut Butter Chocolate Trio Bar 3 X 18.25G,https://www.tesco.com/groceries/en-GB/shop/fresh-food/all?department=Chilled%20Soup%2C%20Sandwiches%20%26%20Salad%20Pots&viewAll=department&page=,£0.85,£1.56/100g,"£3.40 Meal Deal Clubcard Price £3.90 Meal Deal Regular Price - Selected Drink, Snack, Wrap, Sandwich, Roll, Pasty Or Salad",,/groceries/en-GB/products/306651256,https://digitalcontent.api.tesco.com/v2/media/ghs/150b561d-f1bf-47c3-b7f5-f5731e421eac/10cddc46-edbc-448c-b982-fc0d52ecfca0_869344149.jpeg?h=225&w=225,
303836573,Twix White Chocolate Extra Single Twin 75G,https://www.tesco.com/groceries/en-GB/shop/fresh-food/all?department=Chilled%20Soup%2C%20Sandwiches%20%26%20Salad%20Pots&viewAll=department&page=,£0.85,£1.14/100g,"£3.40 Meal Deal Clubcard Price £3.90 Meal Deal Regular Price - Selected Drink, Snack, Wrap, Sandwich, Roll, Pasty Or Salad",,/groceries/en-GB/products/303836573,https://digitalcontent.api.tesco.com/v2/media/ghs/8ac934b7-8d75-4815-96c4-3fd614d43e03/075c215f-ba42-4b2b-b095-4a4edb7358be_1141418343.jpeg?h=225&w=225,
310127682,Tideford Organic Spiced Parsnip Soup 600G,https://www.tesco.com/groceries/en-GB/shop/fresh-food/all?department=Chilled%20Soup%2C%20Sandwiches%20%26%20Salad%20Pots&viewAll=department&page=,£3.25,£0.54/100g,,,/groceries/en-GB/products/310127682,https://digitalcontent.api.tesco.com/v2/media/ghs/c8b7b636-9b8b-42e6-867f-2639a8a7cd33/a3986230-b22a-4dc6-9ef0-0fd8e1b1cf26_1873024324.jpeg?h=225&w=225,
304377532,Tesco Turkey Trimmings Wrap,https://www.tesco.com/groceries/en-GB/shop/fresh-food/all?department=Chilled%20Soup%2C%20Sandwiches%20%26%20Salad%20Pots&viewAll=department&page=,£2.75,£2.75/each,"£3.40 Meal Deal Clubcard Price £3.90 Meal Deal Regular Price - Selected Drink, Snack, Wrap, Sandwich, Roll, Pasty Or Salad",,/groceries/en-GB/products/304377532,https://digitalcontent.api.tesco.com/v2/media/ghs/069768d2-391c-41f3-a65f-480b458ae12e/17a67e21-edee-482f-adf7-b3c405b8c32d.jpeg?h=225&w=225,
305987004,Tesco Bbq Chicken Wrap,https://www.tesco.com/groceries/en-GB/shop/fresh-food/all?department=Chilled%20Soup%2C%20Sandwiches%20%26%20Salad%20Pots&viewAll=department&page=,£2.75,£2.75/each,"£3.40 Meal Deal Clubcard Price £3.90 Meal Deal Regular Price - Selected Drink, Snack, Wrap, Sandwich, Roll, Pasty Or Salad",,/groceries/en-GB/products/305987004,https://digitalcontent.api.tesco.com/v2/media/ghs/83df73bd-4d65-4d2d-b59a-9072092169b0/15c86d08-e512-455f-a7d6-c249a49e36a7.jpeg?h=225&w=225,
296703050,Tesco Spicy Bean Wrap,https://www.tesco.com/groceries/en-GB/shop/fresh-food/all?department=Chilled%20Soup%2C%20Sandwiches%20%26%20Salad%20Pots&viewAll=department&page=,£2.75,£2.75/each,"£3.40 Meal Deal Clubcard Price £3.90 Meal Deal Regular Price - Selected Drink, Snack, Wrap, Sandwich, Roll, Pasty Or Salad",,/groceries/en-GB/products/296703050,https://digitalcontent.api.tesco.com/v2/media/ghs/0b698573-c91e-4234-984b-01c04d421c02/b783a65e-6999-4388-9604-dd8d8092ae8c.jpeg?h=225&w=225,
305964861,Tesco Bbq Chicken Pasta 275G,https://www.tesco.com/groceries/en-GB/shop/fresh-food/all?department=Chilled%20Soup%2C%20Sandwiches%20%26%20Salad%20Pots&viewAll=department&page=,£2.75,£1.00/100g,"£3.40 Meal Deal Clubcard Price £3.90 Meal Deal Regular Price - Selected Drink, Snack, Wrap, Sandwich, Roll, Pasty Or Salad",,/groceries/en-GB/products/305964861,https://digitalcontent.api.tesco.com/v2/media/ghs/2f3f7352-0e2d-445a-ba9e-9bf2524aee56/78637530-9c72-4fc2-9a4b-322e1959d0f7.jpeg?h=225&w=225,
287438135,Tropicana Original Orange Juice 300Ml,https://www.tesco.com/groceries/en-GB/shop/fresh-food/all?department=Chilled%20Soup%2C%20Sandwiches%20%26%20Salad%20Pots&viewAll=department&page=,£1.65,£0.55/100ml,"£3.40 Meal Deal Clubcard Price £3.90 Meal Deal Regular Price - Selected Drink, Snack, Wrap, Sandwich, Roll, Pasty Or Salad",,/groceries/en-GB/products/287438135,https://digitalcontent.api.tesco.com/v2/media/ghs/2711f4ad-87ac-4860-b216-41c41fbd9392/c73167c1-7b9f-4314-b9c1-7ab7fa2500da.jpeg?h=225&w=225,
298026024,Red Bull Energy Drink Sugar Free 473Ml,https://www.tesco.com/groceries/en-GB/shop/fresh-food/all?department=Chilled%20Soup%2C%20Sandwiches%20%26%20Salad%20Pots&viewAll=department&page=,£2.30,£0.49/100ml,"£3.40 Meal Deal Clubcard Price £3.90 Meal Deal Regular Price - Selected Drink, Snack, Wrap, Sandwich, Roll, Pasty Or Salad",,/groceries/en-GB/products/298026024,https://digitalcontent.api.tesco.com/v2/media/ghs/c6ef823c-461a-4af8-a478-ffabc59992ce/16ab407c-abed-408c-9a1a-4519f7d720ab_771215796.jpeg?h=225&w=225,
303730513,Tesco Vegetable Sushi 127G,https://www.tesco.com/groceries/en-GB/shop/fresh-food/all?department=Chilled%20Soup%2C%20Sandwiches%20%26%20Salad%20Pots&viewAll=department&page=,£2.75,£2.17/100g,"£3.40 Meal Deal Clubcard Price £3.90 Meal Deal Regular Price - Selected Drink, Snack, Wrap, Sandwich, Roll, Pasty Or Salad",,/groceries/en-GB/products/303730513,https://digitalcontent.api.tesco.com/v2/media/ghs/a91d9ff3-7120-4bb7-b1a5-c4479accbfb8/9807e7d6-1b92-4012-9ff5-9cc0cfc685c4.jpeg?h=225&w=225,
303730536,Tesco Katsu Chicken & Hoisin Duck Sushi 134G,https://www.tesco.com/groceries/en-GB/shop/fresh-food/all?department=Chilled%20Soup%2C%20Sandwiches%20%26%20Salad%20Pots&viewAll=department&page=,£2.75,£2.06/100g,"£3.40 Meal Deal Clubcard Price £3.90 Meal Deal Regular Price - Selected Drink, Snack, Wrap, Sandwich, Roll, Pasty Or Salad",,/groceries/en-GB/products/303730536,https://digitalcontent.api.tesco.com/v2/media/ghs/131e3151-6235-4598-8d92-a8c7e5d1a17e/15542689-5bec-421b-93bd-80e149b2da36.jpeg?h=225&w=225,
296545962,Tesco Coronation Chicken Sandwich,https://www.tesco.com/groceries/en-GB/shop/fresh-food/all?department=Chilled%20Soup%2C%20Sandwiches%20%26%20Salad%20Pots&viewAll=department&page=,£2.30,£2.30/each,"£3.40 Meal Deal Clubcard Price £3.90 Meal Deal Regular Price - Selected Drink, Snack, Wrap, Sandwich, Roll, Pasty Or Salad",,/groceries/en-GB/products/296545962,https://digitalcontent.api.tesco.com/v2/media/ghs/b85fdb98-f345-494b-9aa8-6b8515c84f7f/aacbed6d-4fd7-424f-ae57-8145ed72fcb5.jpeg?h=225&w=225,
251616826,Diet Coke Caffeine Free 500Ml,https://www.tesco.com/groceries/en-GB/shop/fresh-food/all?department=Chilled%20Soup%2C%20Sandwiches%20%26%20Salad%20Pots&viewAll=department&page=,£1.59,£0.32/100ml,"£3.40 Meal Deal Clubcard Price £3.90 Meal Deal Regular Price - Selected Drink, Snack, Wrap, Sandwich, Roll, Pasty Or Salad",,/groceries/en-GB/products/251616826,https://digitalcontent.api.tesco.com/v2/media/ghs/c5f8f777-09b4-4157-acea-985e2aba0305/1f142538-9705-4a3d-acea-025b625d19bd_141663680.jpeg?h=225&w=225,
250607009,Oasis Summer Fruits Light 500Ml,https://www.tesco.com/groceries/en-GB/shop/fresh-food/all?department=Chilled%20Soup%2C%20Sandwiches%20%26%20Salad%20Pots&viewAll=department&page=,£1.55,£0.31/100ml,"£3.40 Meal Deal Clubcard Price £3.90 Meal Deal Regular Price - Selected Drink, Snack, Wrap, Sandwich, Roll, Pasty Or Salad",,/groceries/en-GB/products/250607009,https://digitalcontent.api.tesco.com/v2/media/ghs/e90e8800-0670-4ed0-8e17-60219663644e/52c33b3a-247d-4a9e-aec9-9176571e529f_1170477070.jpeg?h=225&w=225,
298504449,Coca Cola Vanilla Zero 500Ml,https://www.tesco.com/groceries/en-GB/shop/fresh-food/all?department=Chilled%20Soup%2C%20Sandwiches%20%26%20Salad%20Pots&viewAll=department&page=,£1.59,£0.32/100ml,"£3.40 Meal Deal Clubcard Price £3.90 Meal Deal Regular Price - Selected Drink, Snack, Wrap, Sandwich, Roll, Pasty Or Salad",,/groceries/en-GB/products/298504449,https://digitalcontent.api.tesco.com/v2/media/ghs/5e93ee61-1b00-44f0-84ba-0145df9ec886/b039c138-f358-4e44-88e0-d2a4c0480575_192761577.jpeg?h=225&w=225,
292389520,Coca Cola Zero Cherry 500Ml,https://www.tesco.com/groceries/en-GB/shop/fresh-food/all?department=Chilled%20Soup%2C%20Sandwiches%20%26%20Salad%20Pots&viewAll=department&page=,£1.59,£0.32/100ml,"£3.40 Meal Deal Clubcard Price £3.90 Meal Deal Regular Price - Selected Drink, Snack, Wrap, Sandwich, Roll, Pasty Or Salad",,/groceries/en-GB/products/292389520,https://digitalcontent.api.tesco.com/v2/media/ghs/81185a57-f1b8-49a9-8560-fdedece9d204/44cc74fa-51bc-425c-9496-adf280aeebca_697787410.jpeg?h=225&w=225,
272855015,Purdeys Rejuvenation Fruit Drink 330Ml,https://www.tesco.com/groceries/en-GB/shop/fresh-food/all?department=Chilled%20Soup%2C%20Sandwiches%20%26%20Salad%20Pots&viewAll=department&page=,£1.50,£0.46/100ml,"£3.40 Meal Deal Clubcard Price £3.90 Meal Deal Regular Price - Selected Drink, Snack, Wrap, Sandwich, Roll, Pasty Or Salad",,/groceries/en-GB/products/272855015,https://digitalcontent.api.tesco.com/v2/media/ghs/e06548cf-44bf-47d5-aa2d-c3269ccd73e1/154a53bd-302b-4719-a00f-998a9caaa08b_1085632155.jpeg?h=225&w=225,
287939251,Tropicana Multivitamins 300Ml,https://www.tesco.com/groceries/en-GB/shop/fresh-food/all?department=Chilled%20Soup%2C%20Sandwiches%20%26%20Salad%20Pots&viewAll=department&page=,£1.65,£0.55/100ml,"£3.40 Meal Deal Clubcard Price £3.90 Meal Deal Regular Price - Selected Drink, Snack, Wrap, Sandwich, Roll, Pasty Or Salad",,/groceries/en-GB/products/287939251,https://digitalcontent.api.tesco.com/v2/media/ghs/892982ca-b858-42e6-b663-eca777f8c7f0/1368544e-4720-445c-b625-3c2abd0a7df0.jpeg?h=225&w=225,
259153617,Red Bull Energy Drink 250Ml,https://www.tesco.com/groceries/en-GB/shop/fresh-food/all?department=Chilled%20Soup%2C%20Sandwiches%20%26%20Salad%20Pots&viewAll=department&page=,£1.50,£0.60/100ml,"£3.40 Meal Deal Clubcard Price £3.90 Meal Deal Regular Price - Selected Drink, Snack, Wrap, Sandwich, Roll, Pasty Or Salad",,/groceries/en-GB/products/259153617,https://digitalcontent.api.tesco.com/v2/media/ghs/cd455f40-c4c4-4498-a988-e0467f7c9dcc/7a7fefd8-b73c-4fe5-9cc7-e39822e796d3_632370232.jpeg?h=225&w=225,
262001206,Lucozade Sport Raspberry 500Ml,https://www.tesco.com/groceries/en-GB/shop/fresh-food/all?department=Chilled%20Soup%2C%20Sandwiches%20%26%20Salad%20Pots&viewAll=department&page=,£1.60,£0.32/100ml,"£3.40 Meal Deal Clubcard Price £3.90 Meal Deal Regular Price - Selected Drink, Snack, Wrap, Sandwich, Roll, Pasty Or Salad",,/groceries/en-GB/products/262001206,https://digitalcontent.api.tesco.com/v2/media/ghs/c5e0402d-a7e3-48b7-aef9-e23410beec00/325beff0-29e1-4341-9c22-661939c2636f_1319597245.jpeg?h=225&w=225,
303226575,Pepsi Max Raspberry 500Ml,https://www.tesco.com/groceries/en-GB/shop/fresh-food/all?department=Chilled%20Soup%2C%20Sandwiches%20%26%20Salad%20Pots&viewAll=department&page=,£1.45,£0.29/100ml,"£3.40 Meal Deal Clubcard Price £3.90 Meal Deal Regular Price - Selected Drink, Snack, Wrap, Sandwich, Roll, Pasty Or Salad",,/groceries/en-GB/products/303226575,https://digitalcontent.api.tesco.com/v2/media/ghs/02e13fac-008c-4695-836f-b273675e5343/0666cfca-2a77-4f33-9b34-ebbe9144759d_733838004.jpeg?h=225&w=225,
307135139,Fridge Raiders Chicken Bites & Onion 50G,https://www.tesco.com/groceries/en-GB/shop/fresh-food/all?department=Chilled%20Soup%2C%20Sandwiches%20%26%20Salad%20Pots&viewAll=department&page=,£1.15,£2.30/100g,"£3.40 Meal Deal Clubcard Price £3.90 Meal Deal Regular Price - Selected Drink, Snack, Wrap, Sandwich, Roll, Pasty Or Salad",,/groceries/en-GB/products/307135139,https://digitalcontent.api.tesco.com/v2/media/ghs/7f7532e4-8bce-49ee-8029-15f6bceaa87b/150d23c1-e5b1-4002-b1d7-ba51121822d7.jpeg?h=225&w=225,
275236507,Popchips Bbq Popped Potato Chips 23G,https://www.tesco.com/groceries/en-GB/shop/fresh-food/all?department=Chilled%20Soup%2C%20Sandwiches%20%26%20Salad%20Pots&viewAll=department&page=,£0.90,£3.92/100g,"£3.40 Meal Deal Clubcard Price £3.90 Meal Deal Regular Price - Selected Drink, Snack, Wrap, Sandwich, Roll, Pasty Or Salad",,/groceries/en-GB/products/275236507,https://digitalcontent.api.tesco.com/v2/media/ghs/b8f01d2a-53ff-4adf-963f-1dd7a022ea72/99e022ad-a2c8-46b0-9d34-6f891a0a9928_2018174184.jpeg?h=225&w=225,
297596496,"Love,Corn Bbq Roasted Corn Snack 45G",https://www.tesco.com/groceries/en-GB/shop/fresh-food/all?department=Chilled%20Soup%2C%20Sandwiches%20%26%20Salad%20Pots&viewAll=department&page=,£1.00,£2.23/100g,"£3.40 Meal Deal Clubcard Price £3.90 Meal Deal Regular Price - Selected Drink, Snack, Wrap, Sandwich, Roll, Pasty Or Salad",,/groceries/en-GB/products/297596496,https://digitalcontent.api.tesco.com/v2/media/ghs/874199f8-0a4d-47a7-badd-071561aab4ec/120e0938-f776-4287-879a-807a52b65f4d_1944345672.jpeg?h=225&w=225,
296526940,Peperami Original Single 22.5G,https://www.tesco.com/groceries/en-GB/shop/fresh-food/all?department=Chilled%20Soup%2C%20Sandwiches%20%26%20Salad%20Pots&viewAll=department&page=,£1.15,£5.12/100g,"£3.40 Meal Deal Clubcard Price £3.90 Meal Deal Regular Price - Selected Drink, Snack, Wrap, Sandwich, Roll, Pasty Or Salad",,/groceries/en-GB/products/296526940,https://digitalcontent.api.tesco.com/v2/media/ghs/e43d2edb-9e2e-4d02-a987-5c7b4316205d/67fa3c6e-9fea-4d40-af01-4f41cb2ef192_1303434339.jpeg?h=225&w=225,
278002866,Get More Vitamin D 500 Ml,https://www.tesco.com/groceries/en-GB/shop/fresh-food/all?department=Chilled%20Soup%2C%20Sandwiches%20%26%20Salad%20Pots&viewAll=department&page=,£1.25,£0.25/100ml,"£3.40 Meal Deal Clubcard Price £3.90 Meal Deal Regular Price - Selected Drink, Snack, Wrap, Sandwich, Roll, Pasty Or Salad",,/groceries/en-GB/products/278002866,https://digitalcontent.api.tesco.com/v2/media/ghs/d7cbe7ea-10af-4c07-aaed-ad7952d08461/d0308280-62f0-46c6-89fa-2ebbb21bcf66_317928373.jpeg?h=225&w=225,
268352466,Volvic Touch Of Fruit Strawberry 750Ml,https://www.tesco.com/groceries/en-GB/shop/fresh-food/all?department=Chilled%20Soup%2C%20Sandwiches%20%26%20Salad%20Pots&viewAll=department&page=,£1.40,£0.19/100ml,"£3.40 Meal Deal Clubcard Price £3.90 Meal Deal Regular Price - Selected Drink, Snack, Wrap, Sandwich, Roll, Pasty Or Salad",,/groceries/en-GB/products/268352466,https://digitalcontent.api.tesco.com/v2/media/ghs/5926cbf3-f649-4c22-8a30-9be6bd031015/776c19dd-72f5-4efb-9fdc-3a4e8be05590_668734382.jpeg?h=225&w=225,
307748204,Tesco Plant Chef Carrot & Houmous 100G,https://www.tesco.com/groceries/en-GB/shop/fresh-food/all?department=Chilled%20Soup%2C%20Sandwiches%20%26%20Salad%20Pots&viewAll=department&page=,£1.15,£1.15/100g,"£3.40 Meal Deal Clubcard Price £3.90 Meal Deal Regular Price - Selected Drink, Snack, Wrap, Sandwich, Roll, Pasty Or Salad",,/groceries/en-GB/products/307748204,https://digitalcontent.api.tesco.com/v2/media/ghs/8f3fa4cd-4d2b-4a5f-ab14-68a7cc38344f/cd7d4b54-47b6-49b5-9085-6a82d110f2be.jpeg?h=225&w=225,
309160573,Philadelphia Light & Tasty Soft Cheese Snack 42G,https://www.tesco.com/groceries/en-GB/shop/fresh-food/all?department=Chilled%20Soup%2C%20Sandwiches%20%26%20Salad%20Pots&viewAll=department&page=,£1.15,£2.74/100g,"£3.40 Meal Deal Clubcard Price £3.90 Meal Deal Regular Price - Selected Drink, Snack, Wrap, Sandwich, Roll, Pasty Or Salad",,/groceries/en-GB/products/309160573,https://digitalcontent.api.tesco.com/v2/media/ghs/b4010713-0db4-4554-9bcc-b421ab96bea4/40a0a14d-fcec-4150-8a58-04830898f53b_1509381582.jpeg?h=225&w=225,
307762139,The Collective Plant-Based Yogurt Alternative Raspberry 135G,https://www.tesco.com/groceries/en-GB/shop/fresh-food/all?department=Chilled%20Soup%2C%20Sandwiches%20%26%20Salad%20Pots&viewAll=department&page=,£1.00,£0.74/100g,"£3.40 Meal Deal Clubcard Price £3.90 Meal Deal Regular Price - Selected Drink, Snack, Wrap, Sandwich, Roll, Pasty Or Salad",,/groceries/en-GB/products/307762139,https://digitalcontent.api.tesco.com/v2/media/ghs/a107cdd7-ad05-422d-ab95-76e38cab48cc/58b44231-3c18-4c1b-b237-acfca57c1bc0.jpeg?h=225&w=225,
302707889,Tesco Cheese Sandwich No Mayonnaise,https://www.tesco.com/groceries/en-GB/shop/fresh-food/all?department=Chilled%20Soup%2C%20Sandwiches%20%26%20Salad%20Pots&viewAll=department&page=,£1.40,£1.40/each,"£3.40 Meal Deal Clubcard Price £3.90 Meal Deal Regular Price - Selected Drink, Snack, Wrap, Sandwich, Roll, Pasty Or Salad",,/groceries/en-GB/products/302707889,https://digitalcontent.api.tesco.com/v2/media/ghs/d7968043-419d-4d8a-bd59-55321afd0088/537f3651-966c-4a31-af98-b2093b2a75e1.jpeg?h=225&w=225,
305056818,Rockstar Juiced Enery El Mango 500Ml,https://www.tesco.com/groceries/en-GB/shop/fresh-food/all?department=Chilled%20Soup%2C%20Sandwiches%20%26%20Salad%20Pots&viewAll=department&page=,£1.00,£0.20/100ml,"£3.40 Meal Deal Clubcard Price £3.90 Meal Deal Regular Price - Selected Drink, Snack, Wrap, Sandwich, Roll, Pasty Or Salad",,/groceries/en-GB/products/305056818,https://digitalcontent.api.tesco.com/v2/media/ghs/c88ca101-c2c7-4d11-ad9b-9ac9cdc12c71/a908835d-e434-4a77-a9c3-feb235111b5d_663929673.jpeg?h=225&w=225,
272582527,Rockstar Punched Tropical Guava Drink 500Ml,https://www.tesco.com/groceries/en-GB/shop/fresh-food/all?department=Chilled%20Soup%2C%20Sandwiches%20%26%20Salad%20Pots&viewAll=department&page=,£1.00,£0.20/100ml,"£3.40 Meal Deal Clubcard Price £3.90 Meal Deal Regular Price - Selected Drink, Snack, Wrap, Sandwich, Roll, Pasty Or Salad",,/groceries/en-GB/products/272582527,https://digitalcontent.api.tesco.com/v2/media/ghs/2766428c-d52f-4132-a093-585d166ced9d/959c3eba-f3d6-469c-b2d4-5cfdf910ca34_1589196388.jpeg?h=225&w=225,
297596290,"Love,Corn Sea Salt Roasted Corn Snack 45G",https://www.tesco.com/groceries/en-GB/shop/fresh-food/all?department=Chilled%20Soup%2C%20Sandwiches%20%26%20Salad%20Pots&viewAll=department&page=,£1.00,£2.23/100g,"£3.40 Meal Deal Clubcard Price £3.90 Meal Deal Regular Price - Selected Drink, Snack, Wrap, Sandwich, Roll, Pasty Or Salad",,/groceries/en-GB/products/297596290,https://digitalcontent.api.tesco.com/v2/media/ghs/e050659c-4bff-48a8-b89a-a7cab68ceff7/42da31a4-826b-4db6-8961-1af7336139ba_1391723017.jpeg?h=225&w=225,
252851390,Kellogg's Nutrigrain Strawberry 37G,https://www.tesco.com/groceries/en-GB/shop/fresh-food/all?department=Chilled%20Soup%2C%20Sandwiches%20%26%20Salad%20Pots&viewAll=department&page=,£0.60,£1.63/100g,"£3.40 Meal Deal Clubcard Price £3.90 Meal Deal Regular Price - Selected Drink, Snack, Wrap, Sandwich, Roll, Pasty Or Salad",,/groceries/en-GB/products/252851390,https://digitalcontent.api.tesco.com/v2/media/ghs/6d1dda1e-5e55-4304-ab67-ecdbddb9c4eb/7d1021ad-6d42-46a9-9603-00867f41c311_577143114.jpeg?h=225&w=225,
300274815,Itsu Salt And Vinegar Prawn Crackers 19G,https://www.tesco.com/groceries/en-GB/shop/fresh-food/all?department=Chilled%20Soup%2C%20Sandwiches%20%26%20Salad%20Pots&viewAll=department&page=,£0.85,£4.48/100g,"£3.40 Meal Deal Clubcard Price £3.90 Meal Deal Regular Price - Selected Drink, Snack, Wrap, Sandwich, Roll, Pasty Or Salad",,/groceries/en-GB/products/300274815,https://digitalcontent.api.tesco.com/v2/media/ghs/deef5343-2ef8-4731-9e2d-7b39d54e86ca/acbc28e2-f5e1-4093-854d-ba1e03c62b9d_1336223188.jpeg?h=225&w=225,
305829659,Twix Salted Caramel Xtra Twin Bars 75G,https://www.tesco.com/groceries/en-GB/shop/fresh-food/all?department=Chilled%20Soup%2C%20Sandwiches%20%26%20Salad%20Pots&viewAll=department&page=,£0.85,£1.14/100g,"£3.40 Meal Deal Clubcard Price £3.90 Meal Deal Regular Price - Selected Drink, Snack, Wrap, Sandwich, Roll, Pasty Or Salad",,/groceries/en-GB/products/305829659,https://digitalcontent.api.tesco.com/v2/media/ghs/e10c486b-4020-4272-be11-3a135dbf51c2/0933a690-849a-4c2e-929e-9a4d0febb8c1_1641166232.jpeg?h=225&w=225,
306859063,Nestle White Lion Bar Duo Pack 60G,https://www.tesco.com/groceries/en-GB/shop/fresh-food/all?department=Chilled%20Soup%2C%20Sandwiches%20%26%20Salad%20Pots&viewAll=department&page=,£0.85,£1.42/100g,"£3.40 Meal Deal Clubcard Price £3.90 Meal Deal Regular Price - Selected Drink, Snack, Wrap, Sandwich, Roll, Pasty Or Salad",,/groceries/en-GB/products/306859063,https://digitalcontent.api.tesco.com/v2/media/ghs/f99e29aa-4d85-48d7-a8d9-3b72094cc17a/47d48d5b-aa45-4705-9a0d-6206f9de4e12_42359601.jpeg?h=225&w=225,
312698854,Yo! Crispy Chicken & Duck Rolls 175G,https://www.tesco.com/groceries/en-GB/shop/fresh-food/all?department=Chilled%20Soup%2C%20Sandwiches%20%26%20Salad%20Pots&viewAll=department&page=,£3.75,£2.15/100g,,New,/groceries/en-GB/products/312698854,https://digitalcontent.api.tesco.com/v2/media/ghs/0c23310f-c141-4651-91e8-b3d33e6f2c5d/266296f1-6f69-4d07-be2c-f2b999d9a61b.jpeg?h=225&w=225,
310694280,Rustlers Peri Peri Chicken Tenders Burger 129G,https://www.tesco.com/groceries/en-GB/shop/fresh-food/all?department=Chilled%20Soup%2C%20Sandwiches%20%26%20Salad%20Pots&viewAll=department&page=,£2.50,£19.38/kg,"£3.40 Meal Deal Clubcard Price £3.90 Meal Deal Regular Price - Selected Drink, Snack, Wrap, Sandwich, Roll, Pasty Or Salad",,/groceries/en-GB/products/310694280,https://digitalcontent.api.tesco.com/v2/media/ghs/79016927-5132-42b4-85bd-53bd10c47adf/b9c0c102-f666-4605-a8c2-529b86f762c9.jpeg?h=225&w=225,
308496540,Tesco Beautifully Balanced Indian Inspired Onion Bhaji 255G,https://www.tesco.com/groceries/en-GB/shop/fresh-food/all?department=Chilled%20Soup%2C%20Sandwiches%20%26%20Salad%20Pots&viewAll=department&page=,£2.75,£1.08/100g,"£3.40 Meal Deal Clubcard Price £3.90 Meal Deal Regular Price - Selected Drink, Snack, Wrap, Sandwich, Roll, Pasty Or Salad",,/groceries/en-GB/products/308496540,https://digitalcontent.api.tesco.com/v2/media/ghs/1360b38b-2324-4956-9855-37f9daa66714/4c8fa78f-ba3a-473d-9349-12fbd0c0438c.jpeg?h=225&w=225,
293849072,Tesco Pigs Under Blankets Sub Roll,https://www.tesco.com/groceries/en-GB/shop/fresh-food/all?department=Chilled%20Soup%2C%20Sandwiches%20%26%20Salad%20Pots&viewAll=department&page=,£2.75,£2.75/each,"£3.40 Meal Deal Clubcard Price £3.90 Meal Deal Regular Price - Selected Drink, Snack, Wrap, Sandwich, Roll, Pasty Or Salad",,/groceries/en-GB/products/293849072,https://digitalcontent.api.tesco.com/v2/media/ghs/cf2fcf27-0450-4327-a42d-bdd979412e72/45994e8b-c15d-4059-80cc-e61cd6181db4.jpeg?h=225&w=225,
287439094,Tropicana Orange & Mango Juice 300Ml,https://www.tesco.com/groceries/en-GB/shop/fresh-food/all?department=Chilled%20Soup%2C%20Sandwiches%20%26%20Salad%20Pots&viewAll=department&page=,£1.65,£0.55/100ml,"£3.40 Meal Deal Clubcard Price £3.90 Meal Deal Regular Price - Selected Drink, Snack, Wrap, Sandwich, Roll, Pasty Or Salad",,/groceries/en-GB/products/287439094,https://digitalcontent.api.tesco.com/v2/media/ghs/6778eda5-7325-4471-9a07-0952192908c0/6c74227e-d512-47f8-b618-66ebef7cbb75.jpeg?h=225&w=225,
311800880,Itsu Chicken & Spring Onion Gourmet Gyoza 133G,https://www.tesco.com/groceries/en-GB/shop/fresh-food/all?department=Chilled%20Soup%2C%20Sandwiches%20%26%20Salad%20Pots&viewAll=department&page=,£3.50,£2.64/100g,£3.00 Clubcard Price,,/groceries/en-GB/products/311800880,https://digitalcontent.api.tesco.com/v2/media/ghs/f16d0439-f90c-4e00-8bae-e6ba71c4464b/2e3f7078-4e54-4c0a-96dc-2ca4da6943b1.jpeg?h=225&w=225,
305960364,Tesco Katsu Chicken Rice Bowl 300G,https://www.tesco.com/groceries/en-GB/shop/fresh-food/all?department=Chilled%20Soup%2C%20Sandwiches%20%26%20Salad%20Pots&viewAll=department&page=,£2.75,£0.92/100g,"£3.40 Meal Deal Clubcard Price £3.90 Meal Deal Regular Price - Selected Drink, Snack, Wrap, Sandwich, Roll, Pasty Or Salad",,/groceries/en-GB/products/305960364,https://digitalcontent.api.tesco.com/v2/media/ghs/b8845d22-d532-4d2b-8f86-407f46288236/f9921b47-6722-41c2-a384-f5a098db7167.jpeg?h=225&w=225,
307364018,Tesco Meatball Marinara,https://www.tesco.com/groceries/en-GB/shop/fresh-food/all?department=Chilled%20Soup%2C%20Sandwiches%20%26%20Salad%20Pots&viewAll=department&page=,£2.75,£2.75/each,"£3.40 Meal Deal Clubcard Price £3.90 Meal Deal Regular Price - Selected Drink, Snack, Wrap, Sandwich, Roll, Pasty Or Salad",,/groceries/en-GB/products/307364018,https://digitalcontent.api.tesco.com/v2/media/ghs/64da5d05-2ad8-4c88-a1b4-18a1fb928905/2da9aa42-61c4-4431-bf90-13319ba5f3a1.jpeg?h=225&w=225,
299970136,Tesco Chicken Salad Sub,https://www.tesco.com/groceries/en-GB/shop/fresh-food/all?department=Chilled%20Soup%2C%20Sandwiches%20%26%20Salad%20Pots&viewAll=department&page=,£2.75,£2.75/each,"£3.40 Meal Deal Clubcard Price £3.90 Meal Deal Regular Price - Selected Drink, Snack, Wrap, Sandwich, Roll, Pasty Or Salad",,/groceries/en-GB/products/299970136,https://digitalcontent.api.tesco.com/v2/media/ghs/868d82d1-5c52-470b-89e4-e9365a8a991a/826f84b7-5c34-438b-842a-36099ca9fe08.jpeg?h=225&w=225,
308456916,Tesco Smoked Bacon & Ketchup Sandwich,https://www.tesco.com/groceries/en-GB/shop/fresh-food/all?department=Chilled%20Soup%2C%20Sandwiches%20%26%20Salad%20Pots&viewAll=department&page=,£2.80,£2.80/each,"£3.40 Meal Deal Clubcard Price £3.90 Meal Deal Regular Price - Selected Drink, Snack, Wrap, Sandwich, Roll, Pasty Or Salad",,/groceries/en-GB/products/308456916,https://digitalcontent.api.tesco.com/v2/media/ghs/2e90f11e-4266-4db7-bf19-459eed5c8f85/d0e37dc5-4c51-42d7-a329-66cbf16283f9.jpeg?h=225&w=225,
287438020,Copella Apple Juice 300Ml,https://www.tesco.com/groceries/en-GB/shop/fresh-food/all?department=Chilled%20Soup%2C%20Sandwiches%20%26%20Salad%20Pots&viewAll=department&page=,£1.19,£0.40/100ml,"£3.40 Meal Deal Clubcard Price £3.90 Meal Deal Regular Price - Selected Drink, Snack, Wrap, Sandwich, Roll, Pasty Or Salad",,/groceries/en-GB/products/287438020,https://digitalcontent.api.tesco.com/v2/media/ghs/6a95bee7-462b-4896-b7b7-a43f5f1dd281/2c63a8bc-60f8-4ec2-bbbc-0a344da85422.jpeg?h=225&w=225,
302727675,Tesco Pulled Beef & Red Leicester Sandwich,https://www.tesco.com/groceries/en-GB/shop/fresh-food/all?department=Chilled%20Soup%2C%20Sandwiches%20%26%20Salad%20Pots&viewAll=department&page=,£2.50,£2.50/each,"£3.40 Meal Deal Clubcard Price £3.90 Meal Deal Regular Price - Selected Drink, Snack, Wrap, Sandwich, Roll, Pasty Or Salad",,/groceries/en-GB/products/302727675,https://digitalcontent.api.tesco.com/v2/media/ghs/1ce16dbd-e6b6-4691-a194-4e1074b5834f/9403b7c9-553c-4a80-a768-0250732b294e.jpeg?h=225&w=225,
310694942,Itsu The Original Chicken Big Bao 180G,https://www.tesco.com/groceries/en-GB/shop/fresh-food/all?department=Chilled%20Soup%2C%20Sandwiches%20%26%20Salad%20Pots&viewAll=department&page=,£3.00,£1.67/100g,£2.50 Clubcard Price,,/groceries/en-GB/products/310694942,https://digitalcontent.api.tesco.com/v2/media/ghs/1232c85a-f0b6-49fe-bae4-830a53af004f/00f65d49-4cfb-4865-8973-11a9f9505017.jpeg?h=225&w=225,
289545425,Orangina 420Ml,https://www.tesco.com/groceries/en-GB/shop/fresh-food/all?department=Chilled%20Soup%2C%20Sandwiches%20%26%20Salad%20Pots&viewAll=department&page=,£1.60,£0.38/100ml,"£3.40 Meal Deal Clubcard Price £3.90 Meal Deal Regular Price - Selected Drink, Snack, Wrap, Sandwich, Roll, Pasty Or Salad",,/groceries/en-GB/products/289545425,https://digitalcontent.api.tesco.com/v2/media/ghs/57e7119b-f5ea-45cc-99e4-26a08be2b1ec/09489edd-de48-4d3d-b7d8-d517cd18300f_1511865503.jpeg?h=225&w=225,
292215645,Lucozade Energy Zero Pink Lemonade 500Ml,https://www.tesco.com/groceries/en-GB/shop/fresh-food/all?department=Chilled%20Soup%2C%20Sandwiches%20%26%20Salad%20Pots&viewAll=department&page=,£1.60,£0.32/100ml,"£3.40 Meal Deal Clubcard Price £3.90 Meal Deal Regular Price - Selected Drink, Snack, Wrap, Sandwich, Roll, Pasty Or Salad",,/groceries/en-GB/products/292215645,https://digitalcontent.api.tesco.com/v2/media/ghs/67368713-0814-4022-9ff2-d468c8df29b2/3e9be865-9560-4b92-87d2-241f88852342_952594156.jpeg?h=225&w=225,
305990725,"Tesco Beautifully Balanced Chicken, Broccoli & Almond Salad 265G",https://www.tesco.com/groceries/en-GB/shop/fresh-food/all?department=Chilled%20Soup%2C%20Sandwiches%20%26%20Salad%20Pots&viewAll=department&page=,£2.75,£1.04/100g,"£3.40 Meal Deal Clubcard Price £3.90 Meal Deal Regular Price - Selected Drink, Snack, Wrap, Sandwich, Roll, Pasty Or Salad",,/groceries/en-GB/products/305990725,https://digitalcontent.api.tesco.com/v2/media/ghs/7a613b7e-c14a-442d-a33a-d9e117af5545/90146213-d83c-411e-a120-99de2ca6ae72.jpeg?h=225&w=225,
274649544,Tesco Smoked Ham & Mustard Sandwich,https://www.tesco.com/groceries/en-GB/shop/fresh-food/all?department=Chilled%20Soup%2C%20Sandwiches%20%26%20Salad%20Pots&viewAll=department&page=,£2.00,£2.00/each,"£3.40 Meal Deal Clubcard Price £3.90 Meal Deal Regular Price - Selected Drink, Snack, Wrap, Sandwich, Roll, Pasty Or Salad",,/groceries/en-GB/products/274649544,https://digitalcontent.api.tesco.com/v2/media/ghs/5c790174-c826-4bae-883f-673a8423fec1/759affaa-fe3e-4b16-84cd-23133cfe11b1.jpeg?h=225&w=225,
251496293,Tango Orange 500Ml,https://www.tesco.com/groceries/en-GB/shop/fresh-food/all?department=Chilled%20Soup%2C%20Sandwiches%20%26%20Salad%20Pots&viewAll=department&page=,£1.45,£0.29/100ml,"£3.40 Meal Deal Clubcard Price £3.90 Meal Deal Regular Price - Selected Drink, Snack, Wrap, Sandwich, Roll, Pasty Or Salad",,/groceries/en-GB/products/251496293,https://digitalcontent.api.tesco.com/v2/media/ghs/72718e75-14ea-4da1-9cff-9d1ca6900925/ab9c334c-bade-4527-8b9d-17460db77482_499085091.jpeg?h=225&w=225,
268352610,Volvic Touch Of Fruit Lemon & Lime 750Ml,https://www.tesco.com/groceries/en-GB/shop/fresh-food/all?department=Chilled%20Soup%2C%20Sandwiches%20%26%20Salad%20Pots&viewAll=department&page=,£1.40,£0.19/100ml,"£3.40 Meal Deal Clubcard Price £3.90 Meal Deal Regular Price - Selected Drink, Snack, Wrap, Sandwich, Roll, Pasty Or Salad",,/groceries/en-GB/products/268352610,https://digitalcontent.api.tesco.com/v2/media/ghs/c48ab234-d5df-436f-a8f4-fd53dfdb7cac/d659a29b-aecf-4bd9-8e10-0f01bb1670cd_110270362.jpeg?h=225&w=225,
296870560,Rubicon Spring Black Cherry & Raspberry 500Ml,https://www.tesco.com/groceries/en-GB/shop/fresh-food/all?department=Chilled%20Soup%2C%20Sandwiches%20%26%20Salad%20Pots&viewAll=department&page=,£1.30,£0.26/100ml,"£3.40 Meal Deal Clubcard Price £3.90 Meal Deal Regular Price - Selected Drink, Snack, Wrap, Sandwich, Roll, Pasty Or Salad",,/groceries/en-GB/products/296870560,https://digitalcontent.api.tesco.com/v2/media/ghs/0aa56b00-5bbb-4f61-89ef-31c5c030a67f/57692264-e245-440c-925d-3cb2b070d76f_374068170.jpeg?h=225&w=225,
296747717,Peperami Red Hot Stick 22.5G,https://www.tesco.com/groceries/en-GB/shop/fresh-food/all?department=Chilled%20Soup%2C%20Sandwiches%20%26%20Salad%20Pots&viewAll=department&page=,£1.15,£5.12/100g,"£3.40 Meal Deal Clubcard Price £3.90 Meal Deal Regular Price - Selected Drink, Snack, Wrap, Sandwich, Roll, Pasty Or Salad",,/groceries/en-GB/products/296747717,https://digitalcontent.api.tesco.com/v2/media/ghs/b8f4d058-82fa-4408-8e6c-40e026d8cc43/19a35f38-36a6-4a83-9417-721656c3f023_441149700.jpeg?h=225&w=225,
305982902,Tesco Indian Style Selection With Mango Dip 95G,https://www.tesco.com/groceries/en-GB/shop/fresh-food/all?department=Chilled%20Soup%2C%20Sandwiches%20%26%20Salad%20Pots&viewAll=department&page=,£1.15,£1.22/100g,"£3.40 Meal Deal Clubcard Price £3.90 Meal Deal Regular Price - Selected Drink, Snack, Wrap, Sandwich, Roll, Pasty Or Salad",,/groceries/en-GB/products/305982902,https://digitalcontent.api.tesco.com/v2/media/ghs/d87811b5-17fa-47b3-8f54-293b2f8886a9/65b0ebb2-7754-4a91-a87d-586b046c576e.jpeg?h=225&w=225,
256128751,Red Bull Sugar Free Energy Drink 250Ml,https://www.tesco.com/groceries/en-GB/shop/fresh-food/all?department=Chilled%20Soup%2C%20Sandwiches%20%26%20Salad%20Pots&viewAll=department&page=,£1.40,£0.56/100ml,"£3.40 Meal Deal Clubcard Price £3.90 Meal Deal Regular Price - Selected Drink, Snack, Wrap, Sandwich, Roll, Pasty Or Salad",,/groceries/en-GB/products/256128751,https://digitalcontent.api.tesco.com/v2/media/ghs/49dedf8d-64e2-4431-8056-74b927c831b6/5ccaef00-aae2-4a35-b723-b5eb2e0664df_1463849066.jpeg?h=225&w=225,
303007570,Taste Inc. 100% Chargrilled Chicken Fillet Bbq 35G,https://www.tesco.com/groceries/en-GB/shop/fresh-food/all?department=Chilled%20Soup%2C%20Sandwiches%20%26%20Salad%20Pots&viewAll=department&page=,£1.15,£3.29/100g,"£3.40 Meal Deal Clubcard Price £3.90 Meal Deal Regular Price - Selected Drink, Snack, Wrap, Sandwich, Roll, Pasty Or Salad",,/groceries/en-GB/products/303007570,https://digitalcontent.api.tesco.com/v2/media/ghs/22c7ba81-cdb0-4ce2-a05a-7d0a75c84128/9b4b5198-d8a0-455c-ae76-b5bfad95bce1.jpeg?h=225&w=225,
292559860,Urban Fruit Snack Pack Strawberry 35G,https://www.tesco.com/groceries/en-GB/shop/fresh-food/all?department=Chilled%20Soup%2C%20Sandwiches%20%26%20Salad%20Pots&viewAll=department&page=,£1.00,£2.86/100g,"£3.40 Meal Deal Clubcard Price £3.90 Meal Deal Regular Price - Selected Drink, Snack, Wrap, Sandwich, Roll, Pasty Or Salad",,/groceries/en-GB/products/292559860,https://digitalcontent.api.tesco.com/v2/media/ghs/23238c7a-8ee5-4ea3-9c89-0a2ed9e412ea/391364f5-b3e6-4670-933d-b071b35c06ae_1639921989.jpeg?h=225&w=225,
287089069,Eat Natural Protein Bar 45G,https://www.tesco.com/groceries/en-GB/shop/fresh-food/all?department=Chilled%20Soup%2C%20Sandwiches%20%26%20Salad%20Pots&viewAll=department&page=,£1.00,£2.23/100g,"£3.40 Meal Deal Clubcard Price £3.90 Meal Deal Regular Price - Selected Drink, Snack, Wrap, Sandwich, Roll, Pasty Or Salad",,/groceries/en-GB/products/287089069,https://digitalcontent.api.tesco.com/v2/media/ghs/b424ad40-d247-43e7-846a-1686c1281b83/52388e17-75a8-4ac1-a143-ccbb2346540d_360416765.jpeg?h=225&w=225,
306500418,Rockstar Juiced Tropical Punched Juice 500Ml,https://www.tesco.com/groceries/en-GB/shop/fresh-food/all?department=Chilled%20Soup%2C%20Sandwiches%20%26%20Salad%20Pots&viewAll=department&page=,£1.00,£0.20/100ml,"£3.40 Meal Deal Clubcard Price £3.90 Meal Deal Regular Price - Selected Drink, Snack, Wrap, Sandwich, Roll, Pasty Or Salad",,/groceries/en-GB/products/306500418,https://digitalcontent.api.tesco.com/v2/media/ghs/60d8d5c9-a910-41cc-8dfb-e3e6e7322fe2/385b58e7-16ea-48d3-8632-16e8f098ccf9_1318191948.jpeg?h=225&w=225,
264443123,Walkers Monster Munch Mega Roast Beef Snack 40G,https://www.tesco.com/groceries/en-GB/shop/fresh-food/all?department=Chilled%20Soup%2C%20Sandwiches%20%26%20Salad%20Pots&viewAll=department&page=,£0.90,£2.25/100g,"£3.40 Meal Deal Clubcard Price £3.90 Meal Deal Regular Price - Selected Drink, Snack, Wrap, Sandwich, Roll, Pasty Or Salad",,/groceries/en-GB/products/264443123,https://digitalcontent.api.tesco.com/v2/media/ghs/b7e87816-6038-4285-90bf-e288bce7df78/ec614c58-af1e-48f7-8fc7-bab3070df54d_1030683249.jpeg?h=225&w=225,
302440570,Nestle Kit Kat Chunky Duo 64G,https://www.tesco.com/groceries/en-GB/shop/fresh-food/all?department=Chilled%20Soup%2C%20Sandwiches%20%26%20Salad%20Pots&viewAll=department&page=,£0.85,£1.33/100g,"£3.40 Meal Deal Clubcard Price £3.90 Meal Deal Regular Price - Selected Drink, Snack, Wrap, Sandwich, Roll, Pasty Or Salad",,/groceries/en-GB/products/302440570,https://digitalcontent.api.tesco.com/v2/media/ghs/aca107d0-74e5-47fa-bd35-fd3b9c1aefe0/0d85b76c-1de9-4741-b80a-4ec61ecc532d_1622988168.jpeg?h=225&w=225,
304393119,Soreen Malt Loaf Bar 42G,https://www.tesco.com/groceries/en-GB/shop/fresh-food/all?department=Chilled%20Soup%2C%20Sandwiches%20%26%20Salad%20Pots&viewAll=department&page=,£0.80,£1.91/100g,"£3.40 Meal Deal Clubcard Price £3.90 Meal Deal Regular Price - Selected Drink, Snack, Wrap, Sandwich, Roll, Pasty Or Salad",,/groceries/en-GB/products/304393119,https://digitalcontent.api.tesco.com/v2/media/ghs/d7f34a14-7911-44ba-816d-51959c4da715/c705d642-8b62-4b85-80d3-a2f5a2ecd8bb_545498172.jpeg?h=225&w=225,
267528186,Yorkshire Prov Root Vegetable Soup 600 (L),https://www.tesco.com/groceries/en-GB/shop/fresh-food/all?department=Chilled%20Soup%2C%20Sandwiches%20%26%20Salad%20Pots&viewAll=department&page=,£3.00,£0.50/100g,,,/groceries/en-GB/products/267528186,https://digitalcontent.api.tesco.com/v2/media/ghs/4592acff-f336-429a-90c5-716c850f4e2c/41f4877f-eeb6-4048-a2fb-51c830e13d78.jpeg?h=225&w=225,
306651515,Yo! Salmon Deluxe 206G,https://www.tesco.com/groceries/en-GB/shop/fresh-food/all?department=Chilled%20Soup%2C%20Sandwiches%20%26%20Salad%20Pots&viewAll=department&page=,£5.00,£2.43/100g,,,/groceries/en-GB/products/306651515,https://digitalcontent.api.tesco.com/v2/media/ghs/343164d5-107c-418e-9fb8-13ea1333cdbc/f8c4e5ef-7552-43d0-be96-bd9100e62cd4.jpeg?h=225&w=225,
305958575,Tesco Finest Mozzarella & Pesto Pasta Salad 240G,https://www.tesco.com/groceries/en-GB/shop/fresh-food/all?department=Chilled%20Soup%2C%20Sandwiches%20%26%20Salad%20Pots&viewAll=department&page=,£3.00,£1.28/100g,,,/groceries/en-GB/products/305958575,https://digitalcontent.api.tesco.com/v2/media/ghs/adec22d5-2102-405a-9c8a-e658750d1663/f54f2880-0047-4141-a8db-a53d5184c352.jpeg?h=225&w=225,
311201385,Yo! Salmon & Avocado Poke 318G,https://www.tesco.com/groceries/en-GB/shop/fresh-food/all?department=Chilled%20Soup%2C%20Sandwiches%20%26%20Salad%20Pots&viewAll=department&page=,£5.00,£1.58/100g,,,/groceries/en-GB/products/311201385,https://digitalcontent.api.tesco.com/v2/media/ghs/51f5536b-5c2a-453e-a876-cf958b06c311/e138ba51-4447-48a1-858e-607bcfc01e12.jpeg?h=225&w=225,
311953796,Itsu Vegetable Festival Gourmet Gyoza 133G,https://www.tesco.com/groceries/en-GB/shop/fresh-food/all?department=Chilled%20Soup%2C%20Sandwiches%20%26%20Salad%20Pots&viewAll=department&page=,£3.50,£2.64/100g,£3.00 Clubcard Price,,/groceries/en-GB/products/311953796,https://digitalcontent.api.tesco.com/v2/media/ghs/cced0260-c7d6-4a11-99a8-d0dffceaa14d/1d682bd2-7de8-41a1-9baa-db392206d860.jpeg?h=225&w=225,
307742464,T.P/Chef Mexican Inspired Falafel & Rice Salad 235G,https://www.tesco.com/groceries/en-GB/shop/fresh-food/all?department=Chilled%20Soup%2C%20Sandwiches%20%26%20Salad%20Pots&viewAll=department&page=,£2.75,£1.18/100g,"£3.40 Meal Deal Clubcard Price £3.90 Meal Deal Regular Price - Selected Drink, Snack, Wrap, Sandwich, Roll, Pasty Or Salad",,/groceries/en-GB/products/307742464,https://digitalcontent.api.tesco.com/v2/media/ghs/34c50e68-661b-48d2-b417-231b83829621/1e173a6d-706e-4352-82e5-082d5a22277a.jpeg?h=225&w=225,
304409909,Tesco Chicken Tikka With Onion Bhaji Wrap,https://www.tesco.com/groceries/en-GB/shop/fresh-food/all?department=Chilled%20Soup%2C%20Sandwiches%20%26%20Salad%20Pots&viewAll=department&page=,£2.75,£2.75/each,"£3.40 Meal Deal Clubcard Price £3.90 Meal Deal Regular Price - Selected Drink, Snack, Wrap, Sandwich, Roll, Pasty Or Salad",,/groceries/en-GB/products/304409909,https://digitalcontent.api.tesco.com/v2/media/ghs/8646764e-8b35-4180-b13a-96bdebef5515/790bd9f1-49cb-47f6-8c5f-e1573f3c234d.jpeg?h=225&w=225,
305432828,Innocent Blue Spark Super Smoothie 300Ml,https://www.tesco.com/groceries/en-GB/shop/fresh-food/all?department=Chilled%20Soup%2C%20Sandwiches%20%26%20Salad%20Pots&viewAll=department&page=,£2.36,£0.79/100ml,"£3.40 Meal Deal Clubcard Price £3.90 Meal Deal Regular Price - Selected Drink, Snack, Wrap, Sandwich, Roll, Pasty Or Salad",,/groceries/en-GB/products/305432828,https://digitalcontent.api.tesco.com/v2/media/ghs/080249b9-2f23-4ade-991c-d629639c5e2a/679523c3-1183-407e-8877-6a457e9068c4.jpeg?h=225&w=225,
307740996,Tesco Three Cheese Toastie,https://www.tesco.com/groceries/en-GB/shop/fresh-food/all?department=Chilled%20Soup%2C%20Sandwiches%20%26%20Salad%20Pots&viewAll=department&page=,£2.50,£2.50/each,"£3.40 Meal Deal Clubcard Price £3.90 Meal Deal Regular Price - Selected Drink, Snack, Wrap, Sandwich, Roll, Pasty Or Salad",,/groceries/en-GB/products/307740996,https://digitalcontent.api.tesco.com/v2/media/ghs/f92bc3be-ab97-40e6-b332-e8907da798b9/97a7cb67-ada9-407e-ab56-7837a5657b79.jpeg?h=225&w=225,
309483409,Tesco Yule Hog Wrap,https://www.tesco.com/groceries/en-GB/shop/fresh-food/all?department=Chilled%20Soup%2C%20Sandwiches%20%26%20Salad%20Pots&viewAll=department&page=,£2.75,£2.75/each,"£3.40 Meal Deal Clubcard Price £3.90 Meal Deal Regular Price - Selected Drink, Snack, Wrap, Sandwich, Roll, Pasty Or Salad",,/groceries/en-GB/products/309483409,https://digitalcontent.api.tesco.com/v2/media/ghs/e242caaf-7d0a-4ab6-8487-c30779108646/9ece22ce-f198-4872-a0ba-3b5ed380d6ae.jpeg?h=225&w=225,
299980153,Tesco Roast Chicken Mozzarella & Pesto Sandwich 223G,https://www.tesco.com/groceries/en-GB/shop/fresh-food/all?department=Chilled%20Soup%2C%20Sandwiches%20%26%20Salad%20Pots&viewAll=department&page=,£2.50,£1.13/100g,"£3.40 Meal Deal Clubcard Price £3.90 Meal Deal Regular Price - Selected Drink, Snack, Wrap, Sandwich, Roll, Pasty Or Salad",,/groceries/en-GB/products/299980153,https://digitalcontent.api.tesco.com/v2/media/ghs/5cb34497-5d1f-4d96-b700-d9e9b4df6c7f/fb350b45-695b-45c0-a53c-e4b2bc82b80d.jpeg?h=225&w=225,
300017849,Tesco Smoked Ham And Egg Sandwich,https://www.tesco.com/groceries/en-GB/shop/fresh-food/all?department=Chilled%20Soup%2C%20Sandwiches%20%26%20Salad%20Pots&viewAll=department&page=,£2.30,£2.30/each,"£3.40 Meal Deal Clubcard Price £3.90 Meal Deal Regular Price - Selected Drink, Snack, Wrap, Sandwich, Roll, Pasty Or Salad",,/groceries/en-GB/products/300017849,https://digitalcontent.api.tesco.com/v2/media/ghs/e43ce225-0220-477b-8e53-105f972b0f82/2c3836c0-76eb-4cb6-8376-6f0117fb12dc.jpeg?h=225&w=225,
304386636,Tenzing Energy Drink Raspberry & Yuzu 250Ml,https://www.tesco.com/groceries/en-GB/shop/fresh-food/all?department=Chilled%20Soup%2C%20Sandwiches%20%26%20Salad%20Pots&viewAll=department&page=,£1.45,£0.58/100ml,"£3.40 Meal Deal Clubcard Price £3.90 Meal Deal Regular Price - Selected Drink, Snack, Wrap, Sandwich, Roll, Pasty Or Salad",,/groceries/en-GB/products/304386636,https://digitalcontent.api.tesco.com/v2/media/ghs/a3f00425-72e5-4892-9697-a0661a8de156/8f0eb65b-454b-4ae3-8c81-74109450cb7d_748579478.jpeg?h=225&w=225,
310153932,Fridge Raiders Meat Free Slow Roasted Tasty Bites 45G,https://www.tesco.com/groceries/en-GB/shop/fresh-food/all?department=Chilled%20Soup%2C%20Sandwiches%20%26%20Salad%20Pots&viewAll=department&page=,£1.15,£2.56/100g,"£3.40 Meal Deal Clubcard Price £3.90 Meal Deal Regular Price - Selected Drink, Snack, Wrap, Sandwich, Roll, Pasty Or Salad",,/groceries/en-GB/products/310153932,https://digitalcontent.api.tesco.com/v2/media/ghs/b27a97f4-1507-4689-9929-5df6f7bf9c6e/fbf21f7b-2a5f-48c6-9a3e-a2260bf8b555.jpeg?h=225&w=225,
253217725,Pepsi Regular 500Ml,https://www.tesco.com/groceries/en-GB/shop/fresh-food/all?department=Chilled%20Soup%2C%20Sandwiches%20%26%20Salad%20Pots&viewAll=department&page=,£1.65,£0.33/100ml,"£3.40 Meal Deal Clubcard Price £3.90 Meal Deal Regular Price - Selected Drink, Snack, Wrap, Sandwich, Roll, Pasty Or Salad",,/groceries/en-GB/products/253217725,https://digitalcontent.api.tesco.com/v2/media/ghs/a88c35cc-f087-4b94-9ac5-be340de1d50b/e83a6cbf-2cb3-4530-a346-269da9b0f4b7_1790914034.jpeg?h=225&w=225,
305431759,Innocent Invigorate Super Smoothie 300Ml,https://www.tesco.com/groceries/en-GB/shop/fresh-food/all?department=Chilled%20Soup%2C%20Sandwiches%20%26%20Salad%20Pots&viewAll=department&page=,£2.36,£0.79/100ml,"£3.40 Meal Deal Clubcard Price £3.90 Meal Deal Regular Price - Selected Drink, Snack, Wrap, Sandwich, Roll, Pasty Or Salad",,/groceries/en-GB/products/305431759,https://digitalcontent.api.tesco.com/v2/media/ghs/3e7013f1-8f2e-4540-a895-d740b0a98316/3fc4de8f-4232-4b45-a18b-f7a1d5b7957f.jpeg?h=225&w=225,
308478314,Tesco Egg & Salad Cream 130G,https://www.tesco.com/groceries/en-GB/shop/fresh-food/all?department=Chilled%20Soup%2C%20Sandwiches%20%26%20Salad%20Pots&viewAll=department&page=,£1.15,£0.88/100g,"£3.40 Meal Deal Clubcard Price £3.90 Meal Deal Regular Price - Selected Drink, Snack, Wrap, Sandwich, Roll, Pasty Or Salad",,/groceries/en-GB/products/308478314,https://digitalcontent.api.tesco.com/v2/media/ghs/90e9a8f4-30ab-44df-9e43-99bed512d432/a501a2fe-e2ef-4086-90a1-429ca63adec7.jpeg?h=225&w=225,
303177091,Nakd Blueberry Muffin Bar 35G,https://www.tesco.com/groceries/en-GB/shop/fresh-food/all?department=Chilled%20Soup%2C%20Sandwiches%20%26%20Salad%20Pots&viewAll=department&page=,£1.00,£2.86/100g,"£3.40 Meal Deal Clubcard Price £3.90 Meal Deal Regular Price - Selected Drink, Snack, Wrap, Sandwich, Roll, Pasty Or Salad",,/groceries/en-GB/products/303177091,https://digitalcontent.api.tesco.com/v2/media/ghs/9597e1d2-06cb-4586-868f-e6ae37a52542/cf23c697-76a5-4b72-80db-ef46b08f2409_1539561592.jpeg?h=225&w=225,
301674346,Cano Water Still Spring Water Resealable 500Ml,https://www.tesco.com/groceries/en-GB/shop/fresh-food/all?department=Chilled%20Soup%2C%20Sandwiches%20%26%20Salad%20Pots&viewAll=department&page=,£1.00,£0.20/100ml,"£3.40 Meal Deal Clubcard Price £3.90 Meal Deal Regular Price - Selected Drink, Snack, Wrap, Sandwich, Roll, Pasty Or Salad",,/groceries/en-GB/products/301674346,https://digitalcontent.api.tesco.com/v2/media/ghs/e09e8019-a8a7-4132-b6cb-6fbc174cdee9/a47e8ff1-f9ec-433d-9edd-7670367635a5_260216821.jpeg?h=225&w=225,
275236334,Popchips Sour Cream & Onion Potato Chips 23G,https://www.tesco.com/groceries/en-GB/shop/fresh-food/all?department=Chilled%20Soup%2C%20Sandwiches%20%26%20Salad%20Pots&viewAll=department&page=,£0.90,£3.92/100g,"£3.40 Meal Deal Clubcard Price £3.90 Meal Deal Regular Price - Selected Drink, Snack, Wrap, Sandwich, Roll, Pasty Or Salad",,/groceries/en-GB/products/275236334,https://digitalcontent.api.tesco.com/v2/media/ghs/a26394e9-0e72-4cf1-8054-6a837363d5c3/28b92514-d04d-4b0c-b2db-d6b4664904a5_1116570209.jpeg?h=225&w=225,
254176022,Eat Natural Gold Cranberry & Macadamia Fruit Bar 45G,https://www.tesco.com/groceries/en-GB/shop/fresh-food/all?department=Chilled%20Soup%2C%20Sandwiches%20%26%20Salad%20Pots&viewAll=department&page=,£1.00,£2.23/100g,"£3.40 Meal Deal Clubcard Price £3.90 Meal Deal Regular Price - Selected Drink, Snack, Wrap, Sandwich, Roll, Pasty Or Salad",,/groceries/en-GB/products/254176022,https://digitalcontent.api.tesco.com/v2/media/ghs/d31196f2-14d7-40ce-a3ee-1c96030f0bcb/ff6e3ca8-06ab-4bb1-a284-4fb050eb6c1e_834309114.jpeg?h=225&w=225,
252961461,Eat Natural Almond & Apricot Yogurt Coated Bar 50G,https://www.tesco.com/groceries/en-GB/shop/fresh-food/all?department=Chilled%20Soup%2C%20Sandwiches%20%26%20Salad%20Pots&viewAll=department&page=,£1.00,£2.00/100g,"£3.40 Meal Deal Clubcard Price £3.90 Meal Deal Regular Price - Selected Drink, Snack, Wrap, Sandwich, Roll, Pasty Or Salad",,/groceries/en-GB/products/252961461,https://digitalcontent.api.tesco.com/v2/media/ghs/38ef1c63-53d1-4192-9480-711fa5a67cdf/1e5d196d-ce2f-4336-98e9-ef0e5331277c_1178859938.jpeg?h=225&w=225,
295229181,Nakd Peanut Delight 35G Bar,https://www.tesco.com/groceries/en-GB/shop/fresh-food/all?department=Chilled%20Soup%2C%20Sandwiches%20%26%20Salad%20Pots&viewAll=department&page=,£1.00,£2.86/100g,"£3.40 Meal Deal Clubcard Price £3.90 Meal Deal Regular Price - Selected Drink, Snack, Wrap, Sandwich, Roll, Pasty Or Salad",,/groceries/en-GB/products/295229181,https://digitalcontent.api.tesco.com/v2/media/ghs/a0d77433-0d91-4de0-9297-b2479e94fef3/ff1897cf-0954-4f65-82d8-ebe29ebb4d70_1640629080.jpeg?h=225&w=225,
294459128,Nature Valley Protein Chocolate & Peanut Bar 40G,https://www.tesco.com/groceries/en-GB/shop/fresh-food/all?department=Chilled%20Soup%2C%20Sandwiches%20%26%20Salad%20Pots&viewAll=department&page=,£1.00,£2.50/100g,"£3.40 Meal Deal Clubcard Price £3.90 Meal Deal Regular Price - Selected Drink, Snack, Wrap, Sandwich, Roll, Pasty Or Salad",,/groceries/en-GB/products/294459128,https://digitalcontent.api.tesco.com/v2/media/ghs/518ff4ac-38c2-427b-9ee0-5f2cdd45d9e0/eb69b027-f18e-47e7-83ae-7d4a3d6ae300_882077384.jpeg?h=225&w=225,
307735317,Cadbury Nuttier Peanut & Almond Bar 40G,https://www.tesco.com/groceries/en-GB/shop/fresh-food/all?department=Chilled%20Soup%2C%20Sandwiches%20%26%20Salad%20Pots&viewAll=department&page=,£1.20,£3.00/100g,"£3.40 Meal Deal Clubcard Price £3.90 Meal Deal Regular Price - Selected Drink, Snack, Wrap, Sandwich, Roll, Pasty Or Salad",,/groceries/en-GB/products/307735317,https://digitalcontent.api.tesco.com/v2/media/ghs/db276389-c43a-43a8-9e7f-fd2668ecac81/5605f51f-eca5-4c99-a00e-aabe4da6cf77_1424473987.jpeg?h=225&w=225,
250073150,Nature Valley Crunchy Granola Oats & Honey Bar 42G,https://www.tesco.com/groceries/en-GB/shop/fresh-food/all?department=Chilled%20Soup%2C%20Sandwiches%20%26%20Salad%20Pots&viewAll=department&page=,£0.65,£1.55/100g,"£3.40 Meal Deal Clubcard Price £3.90 Meal Deal Regular Price - Selected Drink, Snack, Wrap, Sandwich, Roll, Pasty Or Salad",,/groceries/en-GB/products/250073150,https://digitalcontent.api.tesco.com/v2/media/ghs/66f8e3d0-0381-4a8b-819c-b67093f9f5c9/270f24d9-b990-4ee3-ab70-8af9d839c1a4_1423997204.jpeg?h=225&w=225,
279344603,Bear Pure Fruit Yoyos Strawberry 20G,https://www.tesco.com/groceries/en-GB/shop/fresh-food/all?department=Chilled%20Soup%2C%20Sandwiches%20%26%20Salad%20Pots&viewAll=department&page=,£0.60,£3.00/100g,"£3.40 Meal Deal Clubcard Price £3.90 Meal Deal Regular Price - Selected Drink, Snack, Wrap, Sandwich, Roll, Pasty Or Salad",,/groceries/en-GB/products/279344603,https://digitalcontent.api.tesco.com/v2/media/ghs/6aa7f6aa-d7fc-443a-8520-9041d82769af/01055519-d069-44b6-8c5c-838f65c035c7_276571989.jpeg?h=225&w=225,
311230897,Yo! Chicken Poke 326G,https://www.tesco.com/groceries/en-GB/shop/fresh-food/all?department=Chilled%20Soup%2C%20Sandwiches%20%26%20Salad%20Pots&viewAll=department&page=,£5.00,£1.54/100g,,,/groceries/en-GB/products/311230897,https://digitalcontent.api.tesco.com/v2/media/ghs/4d9ff22e-d588-49b0-9446-4b99c392aa81/8ea0c708-be0a-4d1c-8bdc-6094a57cc59c.jpeg?h=225&w=225,
305983170,Tesco Finest Chicken Chorizo & Pasta Salad 235G,https://www.tesco.com/groceries/en-GB/shop/fresh-food/all?department=Chilled%20Soup%2C%20Sandwiches%20%26%20Salad%20Pots&viewAll=department&page=,£3.00,£1.28/100g,,,/groceries/en-GB/products/305983170,https://digitalcontent.api.tesco.com/v2/media/ghs/ebf121b0-7d68-43cf-9f36-fd7b1b0b98ce/05463cbd-6ad8-4de4-9a13-17995591cb8c.jpeg?h=225&w=225,
304368854,Tesco Chicken Peanut Satay Wrap,https://www.tesco.com/groceries/en-GB/shop/fresh-food/all?department=Chilled%20Soup%2C%20Sandwiches%20%26%20Salad%20Pots&viewAll=department&page=,£2.75,£2.75/each,"£3.40 Meal Deal Clubcard Price £3.90 Meal Deal Regular Price - Selected Drink, Snack, Wrap, Sandwich, Roll, Pasty Or Salad",,/groceries/en-GB/products/304368854,https://digitalcontent.api.tesco.com/v2/media/ghs/8eb73f3a-f01c-4992-a2a9-bae217080696/a035f345-a81c-45a2-be87-3e416c57fd2f.jpeg?h=225&w=225,
283522122,Express Cuisine Chicken & Sweetcorn Mayonnaise Wrap 200G,https://www.tesco.com/groceries/en-GB/shop/fresh-food/all?department=Chilled%20Soup%2C%20Sandwiches%20%26%20Salad%20Pots&viewAll=department&page=,£2.50,£1.25/100g,"£3.40 Meal Deal Clubcard Price £3.90 Meal Deal Regular Price - Selected Drink, Snack, Wrap, Sandwich, Roll, Pasty Or Salad",,/groceries/en-GB/products/283522122,https://digitalcontent.api.tesco.com/v2/media/ghs-mktg/b0b04216-fa73-466d-a9d7-c9fcfa1ce9b3/no-image.jpeg,
304391324,Tesco Gluten Free Turkey & Trimmings Sandwich,https://www.tesco.com/groceries/en-GB/shop/fresh-food/all?department=Chilled%20Soup%2C%20Sandwiches%20%26%20Salad%20Pots&viewAll=department&page=,£3.00,£3.00/each,"£3.40 Meal Deal Clubcard Price £3.90 Meal Deal Regular Price - Selected Drink, Snack, Wrap, Sandwich, Roll, Pasty Or Salad",,/groceries/en-GB/products/304391324,https://digitalcontent.api.tesco.com/v2/media/ghs/9c56b0ab-22b9-4038-a274-0956294386b1/1d27f226-d567-4b1b-9beb-994dd76c910d.jpeg?h=225&w=225,
312702948,Tesco Finest Smoked Turkey & Truffle Club Sandwich,https://www.tesco.com/groceries/en-GB/shop/fresh-food/all?department=Chilled%20Soup%2C%20Sandwiches%20%26%20Salad%20Pots&viewAll=department&page=,£3.25,£3.25/each,,New,/groceries/en-GB/products/312702948,https://digitalcontent.api.tesco.com/v2/media/ghs/947db8c5-5606-45d4-8e71-0c33a87ffaf5/604d7fb7-80c1-4ccd-bf1b-304450dae429.jpeg?h=225&w=225,
305963862,Tesco Chicken & Avocado Sandwich,https://www.tesco.com/groceries/en-GB/shop/fresh-food/all?department=Chilled%20Soup%2C%20Sandwiches%20%26%20Salad%20Pots&viewAll=department&page=,£2.50,£2.50/each,"£3.40 Meal Deal Clubcard Price £3.90 Meal Deal Regular Price - Selected Drink, Snack, Wrap, Sandwich, Roll, Pasty Or Salad",,/groceries/en-GB/products/305963862,https://digitalcontent.api.tesco.com/v2/media/ghs/d0d84189-74d2-4ddf-9b9b-9c5ee0eef792/3b208f27-0e00-41b2-b6cf-2b73cf5705fa.jpeg?h=225&w=225,
309745890,Tesco Beautifully Balanced Greek Inspired Chicken & Feta Sandwich,https://www.tesco.com/groceries/en-GB/shop/fresh-food/all?department=Chilled%20Soup%2C%20Sandwiches%20%26%20Salad%20Pots&viewAll=department&page=,£2.80,£2.80/each,"£3.40 Meal Deal Clubcard Price £3.90 Meal Deal Regular Price - Selected Drink, Snack, Wrap, Sandwich, Roll, Pasty Or Salad",,/groceries/en-GB/products/309745890,https://digitalcontent.api.tesco.com/v2/media/ghs/1b3b9cfd-1334-4253-b617-c5a474a76163/1ba9553b-c462-4889-9198-b1231ad3b0cb.jpeg?h=225&w=225,
310175157,Tesco Beautifully Balanced Tuna & Egg Salad Sandwich,https://www.tesco.com/groceries/en-GB/shop/fresh-food/all?department=Chilled%20Soup%2C%20Sandwiches%20%26%20Salad%20Pots&viewAll=department&page=,£2.80,£2.80/each,"£3.40 Meal Deal Clubcard Price £3.90 Meal Deal Regular Price - Selected Drink, Snack, Wrap, Sandwich, Roll, Pasty Or Salad",,/groceries/en-GB/products/310175157,https://digitalcontent.api.tesco.com/v2/media/ghs/5c7c6e55-14b1-4269-80f3-b3ab62acee1e/ce71e99a-b904-47d6-80f0-3fd009d573bc.jpeg?h=225&w=225,
302862519,Tesco Gluten Free Cheese & Onion Sandwich,https://www.tesco.com/groceries/en-GB/shop/fresh-food/all?department=Chilled%20Soup%2C%20Sandwiches%20%26%20Salad%20Pots&viewAll=department&page=,£2.30,£2.30/each,"£3.40 Meal Deal Clubcard Price £3.90 Meal Deal Regular Price - Selected Drink, Snack, Wrap, Sandwich, Roll, Pasty Or Salad",,/groceries/en-GB/products/302862519,https://digitalcontent.api.tesco.com/v2/media/ghs/dd1ee96f-aab0-49a8-8d28-da7d52cbfbc8/49016832-b745-46a2-8b9f-7f4df848e2b7.jpeg?h=225&w=225,
304396837,Tesco Plant Chef Houmous Harissa Vegetable Sandwich,https://www.tesco.com/groceries/en-GB/shop/fresh-food/all?department=Chilled%20Soup%2C%20Sandwiches%20%26%20Salad%20Pots&viewAll=department&page=,£2.30,£2.30/each,"£3.40 Meal Deal Clubcard Price £3.90 Meal Deal Regular Price - Selected Drink, Snack, Wrap, Sandwich, Roll, Pasty Or Salad",,/groceries/en-GB/products/304396837,https://digitalcontent.api.tesco.com/v2/media/ghs/ce7aff0e-0601-4498-acda-87eb829652e4/9a08733a-ba48-4641-853c-b712dae91949.jpeg?h=225&w=225,
306502111,Tesco Plant Chef Root Vegetable & Chestnut Wrap,https://www.tesco.com/groceries/en-GB/shop/fresh-food/all?department=Chilled%20Soup%2C%20Sandwiches%20%26%20Salad%20Pots&viewAll=department&page=,£2.75,£2.75/each,"£3.40 Meal Deal Clubcard Price £3.90 Meal Deal Regular Price - Selected Drink, Snack, Wrap, Sandwich, Roll, Pasty Or Salad",,/groceries/en-GB/products/306502111,https://digitalcontent.api.tesco.com/v2/media/ghs/99b20b99-81ce-4533-874b-2812fc13afc7/ca61fe45-864f-4359-a817-b1b268bff3f9.jpeg?h=225&w=225,
296660116,Tenzing Natural Energy Drink 250Ml,https://www.tesco.com/groceries/en-GB/shop/fresh-food/all?department=Chilled%20Soup%2C%20Sandwiches%20%26%20Salad%20Pots&viewAll=department&page=,£1.45,£0.58/100ml,"£3.40 Meal Deal Clubcard Price £3.90 Meal Deal Regular Price - Selected Drink, Snack, Wrap, Sandwich, Roll, Pasty Or Salad",,/groceries/en-GB/products/296660116,https://digitalcontent.api.tesco.com/v2/media/ghs/2291328c-a72a-455a-a82a-78e281a0c93c/1d298cb1-c554-48d3-b99a-0d8c310a27f5_320224914.jpeg?h=225&w=225,
274173594,Robinsons Fruit Shoot B/Crnt&Apl Low Sugar 275Ml,https://www.tesco.com/groceries/en-GB/shop/fresh-food/all?department=Chilled%20Soup%2C%20Sandwiches%20%26%20Salad%20Pots&viewAll=department&page=,£0.90,£0.33/100ml,"£3.40 Meal Deal Clubcard Price £3.90 Meal Deal Regular Price - Selected Drink, Snack, Wrap, Sandwich, Roll, Pasty Or Salad",,/groceries/en-GB/products/274173594,https://digitalcontent.api.tesco.com/v2/media/ghs/cbf04e8a-f390-4aaa-ad57-4288b92e22e9/3e3112e9-b028-485f-9979-e0bb31334fac_1487138.jpeg?h=225&w=225,
278942260,Nakd Cocoa Delight 35G,https://www.tesco.com/groceries/en-GB/shop/fresh-food/all?department=Chilled%20Soup%2C%20Sandwiches%20%26%20Salad%20Pots&viewAll=department&page=,£1.00,£2.86/100g,"£3.40 Meal Deal Clubcard Price £3.90 Meal Deal Regular Price - Selected Drink, Snack, Wrap, Sandwich, Roll, Pasty Or Salad",,/groceries/en-GB/products/278942260,https://digitalcontent.api.tesco.com/v2/media/ghs/77e444b2-6839-4df8-b362-9cbbd8cb927c/a966aac9-543c-4e4b-aabb-1d45bebe759b_996697166.jpeg?h=225&w=225,
279344424,Bear Pure Fruit Yoyos Mango 20G,https://www.tesco.com/groceries/en-GB/shop/fresh-food/all?department=Chilled%20Soup%2C%20Sandwiches%20%26%20Salad%20Pots&viewAll=department&page=,£0.60,£3.00/100g,"£3.40 Meal Deal Clubcard Price £3.90 Meal Deal Regular Price - Selected Drink, Snack, Wrap, Sandwich, Roll, Pasty Or Salad",,/groceries/en-GB/products/279344424,https://digitalcontent.api.tesco.com/v2/media/ghs/ea4c7439-ab2f-4952-9f21-a27802d7354f/b37f669b-6c52-4d6f-81df-d2da1476436a_362243060.jpeg?h=225&w=225,
302284852,Tesco Greek Kalamata Olives 150G,https://www.tesco.com/groceries/en-GB/shop/fresh-food/all?department=Counters&viewAll=department&page=,£3.50,£2.34/100g,,,/groceries/en-GB/products/302284852,https://digitalcontent.api.tesco.com/v2/media/ghs/7952aee1-56d4-4ea5-a1b3-6723a68ccda7/f5c9e579-3578-422b-8bff-27a33aa239ac_1944312790.jpeg?h=225&w=225,
272797642,Bastides Saucisson Sec 200G,https://www.tesco.com/groceries/en-GB/shop/fresh-food/all?department=Counters&viewAll=department&page=,£3.00,£1.50/100g,,,/groceries/en-GB/products/272797642,https://digitalcontent.api.tesco.com/v2/media/ghs/da1b409b-9554-44d9-b88f-09d6615cfa9c/f628299d-8b29-4989-a0d1-9e0eb44febfc.jpeg?h=225&w=225,
302321059,Tesco Garlic Stuffed Olives In A Garlic Dressing 130G,https://www.tesco.com/groceries/en-GB/shop/fresh-food/all?department=Counters&viewAll=department&page=,£3.50,£2.70/100g,,,/groceries/en-GB/products/302321059,https://digitalcontent.api.tesco.com/v2/media/ghs/3bb1c4fa-3fd2-4f13-9bb0-51500d5d42ed/90a5582c-6152-4809-be4c-2d2bb678b4ae.jpeg?h=225&w=225,
302288259,Tesco White Anchovy Fillets 170G,https://www.tesco.com/groceries/en-GB/shop/fresh-food/all?department=Counters&viewAll=department&page=,£3.50,£2.06/100g,,,/groceries/en-GB/products/302288259,https://digitalcontent.api.tesco.com/v2/media/ghs/d6c07aca-46e0-4f78-bc83-4b099ff8b7b1/778c5c75-684d-4318-8b3d-7cf58152ba9e.jpeg?h=225&w=225,
307750120,Noel Fuet Catalan 170G,https://www.tesco.com/groceries/en-GB/shop/fresh-food/all?department=Counters&viewAll=department&page=,£2.50,£1.48/100g,,,/groceries/en-GB/products/307750120,https://digitalcontent.api.tesco.com/v2/media/ghs/e99ef807-e74f-45cf-9f2a-b70f374d8395/3271737e-4884-4ad2-99e9-1056fd21c5e9_1758556455.jpeg?h=225&w=225,
304377780,Noel Sliced Tapas Selection 120G,https://www.tesco.com/groceries/en-GB/shop/fresh-food/all?department=Counters&viewAll=department&page=,£2.50,£2.09/100g,,,/groceries/en-GB/products/304377780,https://digitalcontent.api.tesco.com/v2/media/ghs/5131fd5d-210d-4c01-a0e3-716dc1eec422/872fcf69-077b-48ed-a38f-c689db8d3521_21591472.jpeg?h=225&w=225,
304404432,Tesco Finest Vintage Cheddar 200G,https://www.tesco.com/groceries/en-GB/shop/fresh-food/all?department=Counters&viewAll=department&page=,£2.75,£13.75/kg,Any 3 for £6 Clubcard Price - Selected Cheese And Sliced Cooked Meats 30g - 220g,,/groceries/en-GB/products/304404432,https://digitalcontent.api.tesco.com/v2/media/ghs/0e157789-16ba-4933-bee9-1bd25a4031b5/db9b125b-4d70-4f3b-9f63-76663e5ff8af_700394445.jpeg?h=225&w=225,
304403639,Beretta Antipasto 120G,https://www.tesco.com/groceries/en-GB/shop/fresh-food/all?department=Counters&viewAll=department&page=,£2.50,£2.09/100g,,,/groceries/en-GB/products/304403639,https://digitalcontent.api.tesco.com/v2/media/ghs/166be17a-eaf4-4e48-a007-e4b3e2cda146/9c41afea-1307-4140-871c-2f5f97979e24_118694024.jpeg?h=225&w=225,
308487292,Davidstow 36 Month Reserve Cheddar 200G,https://www.tesco.com/groceries/en-GB/shop/fresh-food/all?department=Counters&viewAll=department&page=,£2.75,£13.75/kg,Any 3 for £6 Clubcard Price - Selected Cheese And Sliced Cooked Meats 30g - 220g,,/groceries/en-GB/products/308487292,https://digitalcontent.api.tesco.com/v2/media/ghs/9e108d1e-01fb-4167-bc7b-de0b9357958a/31b41cdc-0fa9-4d4e-acb2-7bc6e38b0aa9_466759257.jpeg?h=225&w=225,
294203005,The Artisan Caramelised Onion Bruschetta 70G,https://www.tesco.com/groceries/en-GB/shop/fresh-food/all?department=Counters&viewAll=department&page=,£1.80,£2.58/100g,Any 2 for £2.50 Clubcard Price - Selected Cheese Accompaniments 70g - 150g,,/groceries/en-GB/products/294203005,https://digitalcontent.api.tesco.com/v2/media/ghs/734f419b-aba6-41c4-8d58-81b717683023/f2b59ace-da1c-480b-8a4b-35d550cd5972_1662494297.jpeg?h=225&w=225,
304417388,Beretta Whole Salami Milano 120G,https://www.tesco.com/groceries/en-GB/shop/fresh-food/all?department=Counters&viewAll=department&page=,£2.00,£1.67/100g,,,/groceries/en-GB/products/304417388,https://digitalcontent.api.tesco.com/v2/media/ghs/d79807ad-a517-471c-b4aa-8d1e33c6c2de/36269718-bdec-46a6-9228-7fc50b64a332_639684295.jpeg?h=225&w=225,
302744078,The Artisan Bread Co. Black Olive Flatbread 75G,https://www.tesco.com/groceries/en-GB/shop/fresh-food/all?department=Counters&viewAll=department&page=,£1.80,£2.40/100g,Any 2 for £2.50 Clubcard Price - Selected Cheese Accompaniments 70g - 150g,,/groceries/en-GB/products/302744078,https://digitalcontent.api.tesco.com/v2/media/ghs/7aee0bb3-9100-4ab7-bf0c-c8c4206a2127/4fac7fc0-be37-4a64-877f-4d8c6162f8f6_961175072.jpeg?h=225&w=225,
302744055,The Artisan Bread Co Garlic & Chilli Flatbread 75G,https://www.tesco.com/groceries/en-GB/shop/fresh-food/all?department=Counters&viewAll=department&page=,£1.80,£2.40/100g,Any 2 for £2.50 Clubcard Price - Selected Cheese Accompaniments 70g - 150g,,/groceries/en-GB/products/302744055,https://digitalcontent.api.tesco.com/v2/media/ghs/336e3326-bdc8-4f06-a09d-d5dba3ded149/3c54282c-1490-42dc-bdd0-54fe2a7dce30_994905458.jpeg?h=225&w=225,
308488095,Tesco Mini Salamis 85G 85G,https://www.tesco.com/groceries/en-GB/shop/fresh-food/all?department=Counters&viewAll=department&page=,£2.00,£23.53/kg,,,/groceries/en-GB/products/308488095,https://digitalcontent.api.tesco.com/v2/media/ghs/f3d038bf-9eda-4f94-b778-012fe830e97f/4bf9df2d-cd02-49cd-b2bc-f845201cf2c9_939027709.jpeg?h=225&w=225,
274972178,The Corner Deli Co. Chilli Crackers 65G,https://www.tesco.com/groceries/en-GB/shop/fresh-food/all?department=Counters&viewAll=department&page=,£1.60,£2.47/100g,£1.25 Clubcard Price,,/groceries/en-GB/products/274972178,https://digitalcontent.api.tesco.com/v2/media/ghs/570b1f92-baf7-4788-a1e7-48f32c354b0d/456eb094-1d7a-42b9-82f3-c54be73be535.jpeg?h=225&w=225,
304408595,Tesco Finest Iberico Cheese 150G,https://www.tesco.com/groceries/en-GB/shop/fresh-food/all?department=Counters&viewAll=department&page=,£2.75,£18.34/kg,Any 3 for £6 Clubcard Price - Selected Cheese And Sliced Cooked Meats 30g - 220g,,/groceries/en-GB/products/304408595,https://digitalcontent.api.tesco.com/v2/media/ghs/f2b57584-7e1c-48fa-b908-68d0701f36f1/60ebb6dc-0f7f-40cb-bb30-f6074b1699c9_1063561986.jpeg?h=225&w=225,
302743880,The Artisan Bread Company Classic Breadsticks 150G,https://www.tesco.com/groceries/en-GB/shop/fresh-food/all?department=Counters&viewAll=department&page=,£1.80,£1.20/100g,Any 2 for £2.50 Clubcard Price - Selected Cheese Accompaniments 70g - 150g,,/groceries/en-GB/products/302743880,https://digitalcontent.api.tesco.com/v2/media/ghs/48706283-341c-4e1b-b13e-a070e024c8a2/4e09d74e-b43a-4850-b8c6-3d7e3311f28f_1990539090.jpeg?h=225&w=225,
302744019,The Artisan Bread Company Rosemary Breadsticks 150G,https://www.tesco.com/groceries/en-GB/shop/fresh-food/all?department=Counters&viewAll=department&page=,£1.80,£1.20/100g,Any 2 for £2.50 Clubcard Price - Selected Cheese Accompaniments 70g - 150g,,/groceries/en-GB/products/302744019,https://digitalcontent.api.tesco.com/v2/media/ghs/6de76141-fa10-4ddc-9931-9485bfc7e373/fd2ce0ae-0830-42d2-9be2-da622b3bf74e_1379939951.jpeg?h=225&w=225,
302744032,The Artisan Bread Company Sesame Breadsticks 150G,https://www.tesco.com/groceries/en-GB/shop/fresh-food/all?department=Counters&viewAll=department&page=,£1.80,£1.20/100g,Any 2 for £2.50 Clubcard Price - Selected Cheese Accompaniments 70g - 150g,,/groceries/en-GB/products/302744032,https://digitalcontent.api.tesco.com/v2/media/ghs/bb64f3c6-0fe3-469b-a488-6b0997be7661/56a2a9c9-243e-4632-87d9-0fb924552779_683796644.jpeg?h=225&w=225,
308469792,Proper Tasty Lancashire Cheese 190G,https://www.tesco.com/groceries/en-GB/shop/fresh-food/all?department=Counters&viewAll=department&page=,£2.50,£13.16/kg,Any 3 for £6 Clubcard Price - Selected Cheese And Sliced Cooked Meats 30g - 220g,,/groceries/en-GB/products/308469792,https://digitalcontent.api.tesco.com/v2/media/ghs/e485034b-767a-4534-9fba-e5e538ec84da/fdc64835-9338-4419-9588-7581dfd47cb3_572895309.jpeg?h=225&w=225,
304379501,Tesco Finest Red Leicester Truckle 200G,https://www.tesco.com/groceries/en-GB/shop/fresh-food/all?department=Counters&viewAll=department&page=,£2.20,£11.00/kg,Any 3 for £6 Clubcard Price - Selected Cheese And Sliced Cooked Meats 30g - 220g,,/groceries/en-GB/products/304379501,https://digitalcontent.api.tesco.com/v2/media/ghs/4786c07b-bd6f-4bf9-9526-7a39e79c8574/cf4dd781-c64e-45da-8a32-dfc691b16fd7_1030476029.jpeg?h=225&w=225,
304383207,Tesco Finest Coastal Bite Cheddar 200G,https://www.tesco.com/groceries/en-GB/shop/fresh-food/all?department=Counters&viewAll=department&page=,£2.20,£11.00/kg,Any 3 for £6 Clubcard Price - Selected Cheese And Sliced Cooked Meats 30g - 220g,,/groceries/en-GB/products/304383207,https://digitalcontent.api.tesco.com/v2/media/ghs/8954db4e-85a6-4cf1-a367-0dc925307264/dfd086df-b433-4d3b-babb-01c481e817f1_1013739143.jpeg?h=225&w=225,
302308682,Tesco Finest Mature Blue Stilton 180G,https://www.tesco.com/groceries/en-GB/shop/fresh-food/all?department=Counters&viewAll=department&page=,£2.20,£12.23/kg,Any 3 for £6 Clubcard Price - Selected Cheese And Sliced Cooked Meats 30g - 220g,,/groceries/en-GB/products/302308682,https://digitalcontent.api.tesco.com/v2/media/ghs/9200137b-f0fb-45a6-aa00-49b9b6427668/65defe28-dcf7-478e-b1cf-aa4c47e66c27_98947111.jpeg?h=225&w=225,
302285959,Vintage Red Fox Cheese 200G,https://www.tesco.com/groceries/en-GB/shop/fresh-food/all?department=Counters&viewAll=department&page=,£2.75,£13.75/kg,Any 3 for £6 Clubcard Price - Selected Cheese And Sliced Cooked Meats 30g - 220g,,/groceries/en-GB/products/302285959,https://digitalcontent.api.tesco.com/v2/media/ghs/54ccd69b-4b54-4a48-903d-702a93859bca/b1761299-ed59-40a8-8c93-c2d5b60f829f_1975055176.jpeg?h=225&w=225,
308471206,Proper Goats Cheese 110G,https://www.tesco.com/groceries/en-GB/shop/fresh-food/all?department=Counters&viewAll=department&page=,£2.50,£22.73/kg,Any 3 for £6 Clubcard Price - Selected Cheese And Sliced Cooked Meats 30g - 220g,,/groceries/en-GB/products/308471206,https://digitalcontent.api.tesco.com/v2/media/ghs/5ec02204-56c4-4183-ae46-c55b929cc858/59cd05a9-7299-4c93-adfa-3722b9ec3fc8_623997381.jpeg?h=225&w=225,
302307176,Tesco Wensleydale & Cranberry Cheese 170G,https://www.tesco.com/groceries/en-GB/shop/fresh-food/all?department=Counters&viewAll=department&page=,£2.20,£12.95/kg,Any 3 for £6 Clubcard Price - Selected Cheese And Sliced Cooked Meats 30g - 220g,,/groceries/en-GB/products/302307176,https://digitalcontent.api.tesco.com/v2/media/ghs/e37c16d9-8bb9-4083-ae79-7162ebd3e7ad/c3bff381-f2b0-457e-a53d-5810841bee06.jpeg?h=225&w=225,
302300961,Hawes Traditional Wensleydale 190G,https://www.tesco.com/groceries/en-GB/shop/fresh-food/all?department=Counters&viewAll=department&page=,£2.20,£11.58/kg,Any 3 for £6 Clubcard Price - Selected Cheese And Sliced Cooked Meats 30g - 220g,,/groceries/en-GB/products/302300961,https://digitalcontent.api.tesco.com/v2/media/ghs/cf30e533-a83f-4b6b-98b9-9295a6f7a555/1601e56c-576d-4fd1-8622-dd519e2a0db9.jpeg?h=225&w=225,
308468286,Cricket St Thomas Somerset Camembert 220G,https://www.tesco.com/groceries/en-GB/shop/fresh-food/all?department=Counters&viewAll=department&page=,£2.50,£11.37/kg,Any 3 for £6 Clubcard Price - Selected Cheese And Sliced Cooked Meats 30g - 220g,,/groceries/en-GB/products/308468286,https://digitalcontent.api.tesco.com/v2/media/ghs/6389645a-3821-485e-b241-d2790232b138/e42823c4-d432-4238-82ad-cd79a3758400.jpeg?h=225&w=225,
309161756,Tesco Cheddar Pickled Onion & Chives 180G,https://www.tesco.com/groceries/en-GB/shop/fresh-food/all?department=Counters&viewAll=department&page=,£2.20,£12.23/kg,Any 3 for £6 Clubcard Price - Selected Cheese And Sliced Cooked Meats 30g - 220g,,/groceries/en-GB/products/309161756,https://digitalcontent.api.tesco.com/v2/media/ghs/2b0a763f-3556-4664-8c47-efaca7a73834/afb4be88-f25b-472b-a2f4-337a90d9bc60.jpeg?h=225&w=225,
302280469,Tesco Shropshire Blue Cheese 180G,https://www.tesco.com/groceries/en-GB/shop/fresh-food/all?department=Counters&viewAll=department&page=,£2.30,£12.78/kg,Any 3 for £6 Clubcard Price - Selected Cheese And Sliced Cooked Meats 30g - 220g,,/groceries/en-GB/products/302280469,https://digitalcontent.api.tesco.com/v2/media/ghs/c4b47a33-2fb1-4fb6-8598-4905a8ce01ad/5e0db4cb-6bc7-4b93-a32c-480ab19abbe8.jpeg?h=225&w=225,
302308722,Counter Old Amsterdam Mature Gouda Cheese 150G,https://www.tesco.com/groceries/en-GB/shop/fresh-food/all?department=Counters&viewAll=department&page=,£2.20,£14.67/kg,Any 3 for £6 Clubcard Price - Selected Cheese And Sliced Cooked Meats 30g - 220g,,/groceries/en-GB/products/302308722,https://digitalcontent.api.tesco.com/v2/media/ghs/7f681727-5504-4411-8571-0d7ab74d144a/4b6d2c85-68e6-4f1c-bde1-39b624da260d.jpeg?h=225&w=225,
302293229,Tesco White Stilton 180G,https://www.tesco.com/groceries/en-GB/shop/fresh-food/all?department=Counters&viewAll=department&page=,£2.20,£12.23/kg,Any 3 for £6 Clubcard Price - Selected Cheese And Sliced Cooked Meats 30g - 220g,,/groceries/en-GB/products/302293229,https://digitalcontent.api.tesco.com/v2/media/ghs/eb6101c8-d6fe-4730-bc65-cfd2e500c145/a399a1cc-0640-44b9-8cef-01d4386de494.jpeg?h=225&w=225,
309164995,Belton Farm Smoked Red Leicester Cheese 180G,https://www.tesco.com/groceries/en-GB/shop/fresh-food/all?department=Counters&viewAll=department&page=,£2.20,£12.23/kg,Any 3 for £6 Clubcard Price - Selected Cheese And Sliced Cooked Meats 30g - 220g,,/groceries/en-GB/products/309164995,https://digitalcontent.api.tesco.com/v2/media/ghs/2e9ad651-a318-4b21-b456-0b025720fb84/3bf44ad6-aa79-41d2-9b61-78a3cc4137a3.jpeg?h=225&w=225,
304792351,Le Superbe Raclette Cheese 150G,https://www.tesco.com/groceries/en-GB/shop/fresh-food/all?department=Counters&viewAll=department&page=,£2.75,£18.34/kg,Any 3 for £6 Clubcard Price - Selected Cheese And Sliced Cooked Meats 30g - 220g,,/groceries/en-GB/products/304792351,https://digitalcontent.api.tesco.com/v2/media/ghs/85f4e382-aee5-4034-b3cd-b3897d80b76a/d27233b6-f0c9-411f-9d96-d4faa10affb3_219025541.jpeg?h=225&w=225,
309185388,Applewood Vintage Smoke Flavoured Cheddar 170G,https://www.tesco.com/groceries/en-GB/shop/fresh-food/all?department=Counters&viewAll=department&page=,£2.30,£13.53/kg,Any 3 for £6 Clubcard Price - Selected Cheese And Sliced Cooked Meats 30g - 220g,,/groceries/en-GB/products/309185388,https://digitalcontent.api.tesco.com/v2/media/ghs/d2c0e0e6-43fa-4969-9a44-acf5be2eb6e2/b542d4ab-1965-4628-838b-ad74b67bd36c.jpeg?h=225&w=225,
302277302,Tesco White Stilton Mango & Ginger Cheese 200G,https://www.tesco.com/groceries/en-GB/shop/fresh-food/all?department=Counters&viewAll=department&page=,£2.75,£13.75/kg,Any 3 for £6 Clubcard Price - Selected Cheese And Sliced Cooked Meats 30g - 220g,,/groceries/en-GB/products/302277302,https://digitalcontent.api.tesco.com/v2/media/ghs/d89b1e4a-4858-400e-9e0c-e4dcdcca8904/14e96f32-9545-4f08-b8fa-b3b1d1463be2.jpeg?h=225&w=225,
302292462,Tesco Cheddar With Garlic & Herb 190G,https://www.tesco.com/groceries/en-GB/shop/fresh-food/all?department=Counters&viewAll=department&page=,£2.20,£11.58/kg,Any 3 for £6 Clubcard Price - Selected Cheese And Sliced Cooked Meats 30g - 220g,,/groceries/en-GB/products/302292462,https://digitalcontent.api.tesco.com/v2/media/ghs/43be3116-e3aa-434d-adc1-d78ed1be488f/760cc7fa-add8-4aa1-9c95-42769fd78a65.jpeg?h=225&w=225,
306940127,Tesco Caramelised Red Onion Cheddar 180G,https://www.tesco.com/groceries/en-GB/shop/fresh-food/all?department=Counters&viewAll=department&page=,£2.20,£12.23/kg,Any 3 for £6 Clubcard Price - Selected Cheese And Sliced Cooked Meats 30g - 220g,,/groceries/en-GB/products/306940127,https://digitalcontent.api.tesco.com/v2/media/ghs/2eab5b8a-5c25-4a00-a1bd-2c9c721ff646/3720e9bd-b09f-4f1e-a793-15e32e9e98e2.jpeg?h=225&w=225,
309201998,Tesco Finest Truffle Infused Iberico Cheese 150G,https://www.tesco.com/groceries/en-GB/shop/fresh-food/all?department=Counters&viewAll=department&page=,£2.75,£18.34/kg,Any 3 for £6 Clubcard Price - Selected Cheese And Sliced Cooked Meats 30g - 220g,,/groceries/en-GB/products/309201998,https://digitalcontent.api.tesco.com/v2/media/ghs/dac23321-792d-464a-974e-1a15834031c2/8f1be44c-ff4b-43e9-b2b5-53cfbb89f601_402358636.jpeg?h=225&w=225,
302280319,Tesco Cambozola Blue Brie 160G,https://www.tesco.com/groceries/en-GB/shop/fresh-food/all?department=Counters&viewAll=department&page=,£2.20,£13.75/kg,Any 3 for £6 Clubcard Price - Selected Cheese And Sliced Cooked Meats 30g - 220g,,/groceries/en-GB/products/302280319,https://digitalcontent.api.tesco.com/v2/media/ghs/f3f59e4a-4330-47ec-828d-0748ffbe3952/fc009ceb-a02d-4a3f-822b-5d3e44ebb429.jpeg?h=225&w=225,
302301597,Tesco Cheddar With Oak Smoked Jalapeno & Red Pepper 180G,https://www.tesco.com/groceries/en-GB/shop/fresh-food/all?department=Counters&viewAll=department&page=,£2.20,£12.23/kg,Any 3 for £6 Clubcard Price - Selected Cheese And Sliced Cooked Meats 30g - 220g,,/groceries/en-GB/products/302301597,https://digitalcontent.api.tesco.com/v2/media/ghs/7bf335a7-dcb3-4c24-a76f-b5b36b7f749c/4883bf80-e42a-4845-a657-1268b9a686f6.jpeg?h=225&w=225,
304370787,Tesco Chimmichurri Olives 150G,https://www.tesco.com/groceries/en-GB/shop/fresh-food/all?department=Counters&viewAll=department&page=,£3.50,£2.34/100g,,,/groceries/en-GB/products/304370787,https://digitalcontent.api.tesco.com/v2/media/ghs/e94f650e-cb71-4fd6-9aeb-f7a689b827d2/1b4b0ed6-58d8-400e-99b8-0e86ddf08a92_1830444506.jpeg?h=225&w=225,
302297232,Tesco Herb Dressed Italian Olive Selection 150G,https://www.tesco.com/groceries/en-GB/shop/fresh-food/all?department=Counters&viewAll=department&page=,£3.50,£2.34/100g,,,/groceries/en-GB/products/302297232,https://digitalcontent.api.tesco.com/v2/media/ghs/2357ea93-4439-46b8-8568-857983dd2eda/052ffb0d-b140-47e1-8e42-b5187018c678_1388571592.jpeg?h=225&w=225,
310107631,Tesco Italian Nocellara Olives 160G,https://www.tesco.com/groceries/en-GB/shop/fresh-food/all?department=Counters&viewAll=department&page=,£3.50,£2.19/100g,,,/groceries/en-GB/products/310107631,https://digitalcontent.api.tesco.com/v2/media/ghs/019384a9-d678-4cea-9efb-402f520ca26b/e1e8c596-0831-478c-a8ea-1c236edf05fe_809686154.jpeg?h=225&w=225,
310113669,Tesco Trio Of Greek Olives 380G,https://www.tesco.com/groceries/en-GB/shop/fresh-food/all?department=Counters&viewAll=department&page=,£4.50,£1.19/100g,,,/groceries/en-GB/products/310113669,https://digitalcontent.api.tesco.com/v2/media/ghs/399441f8-6479-4f45-9fc8-8bee377d7210/4ee23573-c87a-4635-8bfc-6165c3760774_1079410210.jpeg?h=225&w=225,
302317089,Tesco Greek Halkidiki Olives 170G,https://www.tesco.com/groceries/en-GB/shop/fresh-food/all?department=Counters&viewAll=department&page=,£3.50,£2.06/100g,,,/groceries/en-GB/products/302317089,https://digitalcontent.api.tesco.com/v2/media/ghs/a1905fdf-4f1b-47b5-a16f-7d1a90bedba6/56f18187-85dd-4f03-9780-0a63370b8306_2120468562.jpeg?h=225&w=225,
302274616,Tesco Chilli Spanish Olives With Cheese 160G,https://www.tesco.com/groceries/en-GB/shop/fresh-food/all?department=Counters&viewAll=department&page=,£3.50,£0.22/10g,,,/groceries/en-GB/products/302274616,https://digitalcontent.api.tesco.com/v2/media/ghs/387fe50e-9182-4669-b288-71e6e0cc0059/6b745325-f234-4baf-9da1-4e265caff221.jpeg?h=225&w=225,
310130907,Tesco Frozen Lobster Tails,https://www.tesco.com/groceries/en-GB/shop/fresh-food/all?department=Counters&viewAll=department&page=,£7.00,£7.00/each,,,/groceries/en-GB/products/310130907,https://digitalcontent.api.tesco.com/v2/media/ghs/84b837f0-da43-43d4-b17e-9beca5c89ba3/3ad8f08c-1eec-418b-98ad-33e92ba6a4db_63337611.jpeg?h=225&w=225,
307141081,Bretta Spicy Salami Napoli 250G,https://www.tesco.com/groceries/en-GB/shop/fresh-food/all?department=Counters&viewAll=department&page=,£4.00,£1.60/100g,,,/groceries/en-GB/products/307141081,https://digitalcontent.api.tesco.com/v2/media/ghs/9abf51d8-9c2b-495f-b0c8-a8ed53852eb0/53a39048-8b22-4f29-8924-1a7dff08c147_120995967.jpeg?h=225&w=225,
302285062,Tesco Vine Tomatoes With Pesto Mozzarella 210G,https://www.tesco.com/groceries/en-GB/shop/fresh-food/all?department=Counters&viewAll=department&page=,£3.50,£1.67/100g,,,/groceries/en-GB/products/302285062,https://digitalcontent.api.tesco.com/v2/media/ghs/5ffdf319-8d76-4c8a-9e28-07853c44c190/103dce3b-f74b-4859-a80a-f336d5907f2b.jpeg?h=225&w=225,
304368975,Tesco Mixed Feta Stuffed Peppers 150G,https://www.tesco.com/groceries/en-GB/shop/fresh-food/all?department=Counters&viewAll=department&page=,£3.50,£23.34/kg,,,/groceries/en-GB/products/304368975,https://digitalcontent.api.tesco.com/v2/media/ghs/d02cb671-0304-4618-bb3b-3aa6f7cfeb2e/79f8933a-7980-4236-9fc1-f4453dbd0ca6_120234495.jpeg?h=225&w=225,
307742209,Tesco Salami Selection Platter 110G,https://www.tesco.com/groceries/en-GB/shop/fresh-food/all?department=Counters&viewAll=department&page=,£3.00,£27.28/kg,,,/groceries/en-GB/products/307742209,https://digitalcontent.api.tesco.com/v2/media/ghs/12d99821-f955-420a-a2bf-3f3afd350f30/a7b934a1-d7bf-458b-a3aa-327a3f4a7eba_806283058.jpeg?h=225&w=225,
307759600,Tesco Serrano Ham & Chorizo 110G,https://www.tesco.com/groceries/en-GB/shop/fresh-food/all?department=Counters&viewAll=department&page=,£3.00,£27.28/kg,,,/groceries/en-GB/products/307759600,https://digitalcontent.api.tesco.com/v2/media/ghs/820be079-6339-4353-a1a5-8e1b66290453/8cb8d242-a0ac-46d5-8dca-0fc5013286c8_1250308819.jpeg?h=225&w=225,
305249929,Poeto Roasted Red Pepper & Spicy Chorizo Tortilla 500G,https://www.tesco.com/groceries/en-GB/shop/fresh-food/all?department=Counters&viewAll=department&page=,£3.00,£0.60/100g,,,/groceries/en-GB/products/305249929,https://digitalcontent.api.tesco.com/v2/media/ghs/8465c4ca-89d0-4102-b020-40ccbad19bc1/5544f78f-33df-430e-830c-e5b21574f402_213497420.jpeg?h=225&w=225,
304398265,The Corner Deli Co Salted Corn & Habas Fritas 80G,https://www.tesco.com/groceries/en-GB/shop/fresh-food/all?department=Counters&viewAll=department&page=,£1.70,£2.13/100g,£1.25 Clubcard Price,,/groceries/en-GB/products/304398265,https://digitalcontent.api.tesco.com/v2/media/ghs/3ad5d644-0e0a-4f1c-9b03-caa559d812df/de9efa3f-29ba-47a7-8864-022cc268ca10_663969258.jpeg?h=225&w=225,
307745167,Tesco Crostini Crackers With Rosemary 180G,https://www.tesco.com/groceries/en-GB/shop/fresh-food/all?department=Counters&viewAll=department&page=,£2.00,£11.12/kg,,,/groceries/en-GB/products/307745167,https://digitalcontent.api.tesco.com/v2/media/ghs/419bd766-2305-440b-8900-58238797b890/ea140779-fbf7-4da6-a5fa-e2127bf738e7_276996374.jpeg?h=225&w=225,
307337063,Tesco Finest Live Scottish Mussels 1Kg,https://www.tesco.com/groceries/en-GB/shop/fresh-food/all?department=Counters&viewAll=department&page=,£3.00,£3.00/kg,,,/groceries/en-GB/products/307337063,https://digitalcontent.api.tesco.com/v2/media/ghs/15e3b1e1-3391-4afd-b89d-e8c40fc8d8f9/03072753-c2d7-4d9a-b118-352a279d1cfe.jpeg?h=225&w=225,
308461368,Tesco Baking Feta 150G,https://www.tesco.com/groceries/en-GB/shop/fresh-food/all?department=Counters&viewAll=department&page=,£3.00,£20.00/kg,,,/groceries/en-GB/products/308461368,https://digitalcontent.api.tesco.com/v2/media/ghs/20813784-eab0-4fee-b667-4e39c0ee5080/7346bec6-388c-41a3-822a-8a1e6383ff07.jpeg?h=225&w=225,
308472129,Tesco Paprika Spiced Chickpea Houmous 180G,https://www.tesco.com/groceries/en-GB/shop/fresh-food/all?department=Counters&viewAll=department&page=,£2.00,£11.12/kg,,,/groceries/en-GB/products/308472129,https://digitalcontent.api.tesco.com/v2/media/ghs/e91d9946-faac-4df0-b7bb-a1d35cfcff08/daf34e65-c606-468d-8501-945a8c21ee75.jpeg?h=225&w=225,
307753508,Tesco Greek Olives In Garlic & Herbs 115G,https://www.tesco.com/groceries/en-GB/shop/fresh-food/all?department=Counters&viewAll=department&page=,£2.00,£17.40/kg,,,/groceries/en-GB/products/307753508,https://digitalcontent.api.tesco.com/v2/media/ghs/a8bed551-6740-487a-a187-bfa8252b9c2c/08bc47f6-5818-4106-86ef-1c7a58a0c512_782116171.jpeg?h=225&w=225,
304369012,The Corner Deli Co Smoked Paprika Corn 75G,https://www.tesco.com/groceries/en-GB/shop/fresh-food/all?department=Counters&viewAll=department&page=,£1.70,£2.27/100g,£1.25 Clubcard Price,,/groceries/en-GB/products/304369012,https://digitalcontent.api.tesco.com/v2/media/ghs/97760ab2-95f6-4b7f-8115-14d803b31588/2f3082ac-094a-46bf-b279-50e2d316295e_401311333.jpeg?h=225&w=225,
303106245,Mcgerty Farmhouse Chutney 110G,https://www.tesco.com/groceries/en-GB/shop/fresh-food/all?department=Counters&viewAll=department&page=,£1.80,£1.64/100g,Any 2 for £2.50 Clubcard Price - Selected Cheese Accompaniments 70g - 150g,,/groceries/en-GB/products/303106245,https://digitalcontent.api.tesco.com/v2/media/ghs/eb778e18-e14a-4a69-88d4-f0734e56dece/bda388ac-5a0c-4b34-a0bf-36b08d7c1839_613226679.jpeg?h=225&w=225,
274972074,The Corner Deli Co. Wasabi Peanuts 80G,https://www.tesco.com/groceries/en-GB/shop/fresh-food/all?department=Counters&viewAll=department&page=,£1.60,£2.00/100g,£1.25 Clubcard Price,,/groceries/en-GB/products/274972074,https://digitalcontent.api.tesco.com/v2/media/ghs/2ef9cad7-18d8-48ce-84fb-617744a4bbcd/af9af6f9-4e36-4871-b736-cf2d552a4bd6.jpeg?h=225&w=225,
300954322,Counter The Artisan Bread Company Tomato Sal Brus 70G,https://www.tesco.com/groceries/en-GB/shop/fresh-food/all?department=Counters&viewAll=department&page=,£1.80,£2.58/100g,Any 2 for £2.50 Clubcard Price - Selected Cheese Accompaniments 70g - 150g,,/groceries/en-GB/products/300954322,https://digitalcontent.api.tesco.com/v2/media/ghs/40859369-3ac2-4a84-8948-99be619f0305/c649c78f-9c7c-462d-bb3a-ced308b0b1ac_1156286487.jpeg?h=225&w=225,
303106222,Mcgerty Sweet Chilli Jelly 110G,https://www.tesco.com/groceries/en-GB/shop/fresh-food/all?department=Counters&viewAll=department&page=,£1.80,£1.64/100g,Any 2 for £2.50 Clubcard Price - Selected Cheese Accompaniments 70g - 150g,,/groceries/en-GB/products/303106222,https://digitalcontent.api.tesco.com/v2/media/ghs/2d00674f-0c56-4ee9-babd-faf5b86fe08c/280f909b-3b4d-4a94-8603-c6465d004a47_606085122.jpeg?h=225&w=225,
303106209,Mcgerty Caramelised Onion Relish 110G,https://www.tesco.com/groceries/en-GB/shop/fresh-food/all?department=Counters&viewAll=department&page=,£1.80,£1.64/100g,Any 2 for £2.50 Clubcard Price - Selected Cheese Accompaniments 70g - 150g,,/groceries/en-GB/products/303106209,https://digitalcontent.api.tesco.com/v2/media/ghs/e98fbcdf-3a6c-481b-befb-5580b3c57df4/145feb86-6983-4422-9700-5a28d900882c_453774577.jpeg?h=225&w=225,
308459959,Tesco Saucisson Sec 70G,https://www.tesco.com/groceries/en-GB/shop/fresh-food/all?department=Counters&viewAll=department&page=,£2.00,£28.58/kg,,,/groceries/en-GB/products/308459959,https://digitalcontent.api.tesco.com/v2/media/ghs/13285a34-e156-4e60-a20a-0c4ba4e93318/9265de54-72c5-4faa-8ec0-dd2940c09466_610519979.jpeg?h=225&w=225,
304400782,The Corner Deli Co Tomato & Oregano Pizza Bites 60G,https://www.tesco.com/groceries/en-GB/shop/fresh-food/all?department=Counters&viewAll=department&page=,£1.70,£2.84/100g,£1.25 Clubcard Price,,/groceries/en-GB/products/304400782,https://digitalcontent.api.tesco.com/v2/media/ghs/a75f0c2a-1417-4470-bda8-f061bccd7b8c/26f7f139-1401-425a-a14a-3ed398ec57d3_339797869.jpeg?h=225&w=225,
309197253,The Artisan Bread Company Mini Wheat Toast 90G,https://www.tesco.com/groceries/en-GB/shop/fresh-food/all?department=Counters&viewAll=department&page=,£1.80,£2.00/100g,Any 2 for £2.50 Clubcard Price - Selected Cheese Accompaniments 70g - 150g,,/groceries/en-GB/products/309197253,https://digitalcontent.api.tesco.com/v2/media/ghs/5495712c-3267-4bbd-8c48-3522c770b99c/fc5d090f-03d4-4e4e-8df0-bbbcb833204d_1701094768.jpeg?h=225&w=225,
309174050,The Artisan Bread Company Wheat Toast 150G,https://www.tesco.com/groceries/en-GB/shop/fresh-food/all?department=Counters&viewAll=department&page=,£1.80,£1.20/100g,Any 2 for £2.50 Clubcard Price - Selected Cheese Accompaniments 70g - 150g,,/groceries/en-GB/products/309174050,https://digitalcontent.api.tesco.com/v2/media/ghs/6f67d923-ce0e-43cd-ad79-da8e5eb59c61/d5d12bdd-70b2-4ce3-9cee-b1ee5ae6e7b9_1848471671.jpeg?h=225&w=225,
308486903,Tesco Garlic Ciabatta 135G,https://www.tesco.com/groceries/en-GB/shop/fresh-food/all?department=Counters&viewAll=department&page=,£2.00,£1.49/100g,,,/groceries/en-GB/products/308486903,https://digitalcontent.api.tesco.com/v2/media/ghs/0601ba81-41dd-4a8f-a2b2-3d0a82ac68f6/3fef9180-3c56-42f5-b07e-69170bdebc1e.jpeg?h=225&w=225,
311231216,The Artisan Bread Co Spanish Reganas 100G,https://www.tesco.com/groceries/en-GB/shop/fresh-food/all?department=Counters&viewAll=department&page=,£1.60,£1.60/100g,Any 2 for £2.50 Clubcard Price - Selected Cheese Accompaniments 70g - 150g,,/groceries/en-GB/products/311231216,https://digitalcontent.api.tesco.com/v2/media/ghs/2405561c-696e-46ce-b36b-05277679ded2/26590a61-65b3-4703-990b-a098466cec61_1980117839.jpeg?h=225&w=225,
309179275,The Artisan Bread Company Olive Oil Bruschetta 70G,https://www.tesco.com/groceries/en-GB/shop/fresh-food/all?department=Counters&viewAll=department&page=,£1.80,£2.58/100g,Any 2 for £2.50 Clubcard Price - Selected Cheese Accompaniments 70g - 150g,,/groceries/en-GB/products/309179275,https://digitalcontent.api.tesco.com/v2/media/ghs/d30cad67-67b1-41ab-a323-638a0ccd71f1/2910d67c-99ef-420b-b4cd-ddd67317f238_1179426723.jpeg?h=225&w=225,
308497602,Tesco Artichoke Crush 130G,https://www.tesco.com/groceries/en-GB/shop/fresh-food/all?department=Counters&viewAll=department&page=,£2.00,£15.39/kg,,,/groceries/en-GB/products/308497602,https://digitalcontent.api.tesco.com/v2/media/ghs/60849e05-f6a8-4736-9630-ae73549c3063/4c61c3a8-97af-4e6d-a2df-9bfb2333b658.jpeg?h=225&w=225,
307734733,Tesco Sundried Tomato & Red Pepper Crush 130G,https://www.tesco.com/groceries/en-GB/shop/fresh-food/all?department=Counters&viewAll=department&page=,£2.00,£15.39/kg,,,/groceries/en-GB/products/307734733,https://digitalcontent.api.tesco.com/v2/media/ghs/4a874c0e-0aa0-47ce-88a4-7ca8d2138f67/cf17d546-28ab-4d31-968d-73573026f874.jpeg?h=225&w=225,
311444707,The Artisan Bread Company Rosemary Fornaccini Crackers 100G,https://www.tesco.com/groceries/en-GB/shop/fresh-food/all?department=Counters&viewAll=department&page=,£1.60,£1.60/100g,Any 2 for £2.50 Clubcard Price - Selected Cheese Accompaniments 70g - 150g,,/groceries/en-GB/products/311444707,https://digitalcontent.api.tesco.com/v2/media/ghs/744fd607-a320-46ff-9cf8-bde69c50561e/66ff8473-4236-439d-8785-86e7b0dd08ab_1254447465.jpeg?h=225&w=225,
308456719,Tesco Meatballs In Smoky Tomato Sauce 200G,https://www.tesco.com/groceries/en-GB/shop/fresh-food/all?department=Counters&viewAll=department&page=,£3.00,£15.00/kg,,New,/groceries/en-GB/products/308456719,https://digitalcontent.api.tesco.com/v2/media/ghs/717db18c-03df-4a1b-a12c-0aa423f6b9e0/d6049ab5-b916-4b68-8f17-c02bd1f7a4d5.jpeg?h=225&w=225,
302312215,Counter Smoked Processed Cheese 200G,https://www.tesco.com/groceries/en-GB/shop/fresh-food/all?department=Counters&viewAll=department&page=,£2.20,£11.00/kg,Any 3 for £6 Clubcard Price - Selected Cheese And Sliced Cooked Meats 30g - 220g,,/groceries/en-GB/products/302312215,https://digitalcontent.api.tesco.com/v2/media/ghs/10838514-e643-41c7-9433-1d24af5367b9/9f8eb49f-4718-4048-90d2-0bd1ea6cf261_342471135.jpeg?h=225&w=225,
302301735,Counter Belton Farm Port Wine Derby Cheese 200G,https://www.tesco.com/groceries/en-GB/shop/fresh-food/all?department=Counters&viewAll=department&page=,£2.20,£11.00/kg,Any 3 for £6 Clubcard Price - Selected Cheese And Sliced Cooked Meats 30g - 220g,,/groceries/en-GB/products/302301735,https://digitalcontent.api.tesco.com/v2/media/ghs/0baa1493-0202-4d01-b21b-1659a4506ba6/d92ef989-9328-4009-9893-3ba0cf8c96fc_2124799987.jpeg?h=225&w=225,
304786756,Tesco Neufchatel Cheese 200G,https://www.tesco.com/groceries/en-GB/shop/fresh-food/all?department=Counters&viewAll=department&page=,£2.75,£13.75/kg,Any 3 for £6 Clubcard Price - Selected Cheese And Sliced Cooked Meats 30g - 220g,,/groceries/en-GB/products/304786756,https://digitalcontent.api.tesco.com/v2/media/ghs/d74346b4-e916-4f42-bf10-1bef9f227e4e/eed80f28-6079-4799-9ffa-20a322612579.jpeg?h=225&w=225,
308099964,Shepherds Purse Harrogate Blue 100G,https://www.tesco.com/groceries/en-GB/shop/fresh-food/all?department=Counters&viewAll=department&page=,£2.00,£20.00/kg,Any 3 for £6 Clubcard Price - Selected Cheese And Sliced Cooked Meats 30g - 220g,,/groceries/en-GB/products/308099964,https://digitalcontent.api.tesco.com/v2/media/ghs/8af99013-9ed9-495c-bbc1-d6e2cfa8571c/snapshotimagehandler_1752045660.jpeg?h=225&w=225,
310673351,Tesco Sicilian Giarraffa Olives 150G,https://www.tesco.com/groceries/en-GB/shop/fresh-food/all?department=Counters&viewAll=department&page=,£3.50,£2.34/100g,,,/groceries/en-GB/products/310673351,https://digitalcontent.api.tesco.com/v2/media/ghs/36f2e9bd-3175-4dea-a7df-486bd6ca0493/e50ae040-5ead-49dd-ae44-714c6a688cbe.jpeg?h=225&w=225,
310154787,Tesco Turkish Edremit Olives 140G,https://www.tesco.com/groceries/en-GB/shop/fresh-food/all?department=Counters&viewAll=department&page=,£3.50,£2.50/100g,,,/groceries/en-GB/products/310154787,https://digitalcontent.api.tesco.com/v2/media/ghs/1a185693-4de0-479e-a4fa-91652d062ae1/1a0b46fc-1cb7-4afe-b6dd-789580feaf37_1968272490.jpeg?h=225&w=225,
310680768,Tesco Borettane Onions 160G,https://www.tesco.com/groceries/en-GB/shop/fresh-food/all?department=Counters&viewAll=department&page=,£3.50,£21.88/kg,,,/groceries/en-GB/products/310680768,https://digitalcontent.api.tesco.com/v2/media/ghs/ca965b1e-59d8-40ad-b0af-bf77f535dcac/1cad4e12-2826-448a-94cb-47ac1c9cf1a2_1147206192.jpeg?h=225&w=225,
308452539,Tesco Chorizo & Iberico Cheese 110G,https://www.tesco.com/groceries/en-GB/shop/fresh-food/all?department=Counters&viewAll=department&page=,£3.00,£27.28/kg,,,/groceries/en-GB/products/308452539,https://digitalcontent.api.tesco.com/v2/media/ghs/7cb3c91b-4577-4af0-b784-9521ba31a156/62b999bc-dea9-4601-8b01-2b7cce0e8548.jpeg?h=225&w=225,
307752360,Tesco Garlic & Parsley Anchovies 110G,https://www.tesco.com/groceries/en-GB/shop/fresh-food/all?department=Counters&viewAll=department&page=,£3.00,£27.28/kg,,,/groceries/en-GB/products/307752360,https://digitalcontent.api.tesco.com/v2/media/ghs/cc17a5a6-9725-426a-a55f-d78261642515/3d7b29ea-7d4c-4a6b-a3e8-85d8f9ae9f77_1717993878.jpeg?h=225&w=225,
308484145,Tesco Patatas Bravas 250G,https://www.tesco.com/groceries/en-GB/shop/fresh-food/all?department=Counters&viewAll=department&page=,£3.00,£12.00/kg,,New,/groceries/en-GB/products/308484145,https://digitalcontent.api.tesco.com/v2/media/ghs/f03c4e4f-c9c6-4e52-8e60-d69da2d344c1/6c0f6b54-a92b-4cab-bd19-001122325729.jpeg?h=225&w=225,
310672571,"Tesco Anchovy, Olive & Red Pepper Skewers 90G",https://www.tesco.com/groceries/en-GB/shop/fresh-food/all?department=Counters&viewAll=department&page=,£3.50,£3.89/100g,,,/groceries/en-GB/products/310672571,https://digitalcontent.api.tesco.com/v2/media/ghs/d6883fc3-10b5-4e03-b406-cd75b7678e51/13ba6814-bf7c-4a4b-8b76-718b2b20409d_710788443.jpeg?h=225&w=225,
310679497,Tesco Aioli Dip With Basil Drizzle 170G,https://www.tesco.com/groceries/en-GB/shop/fresh-food/all?department=Counters&viewAll=department&page=,£2.00,£11.77/kg,,,/groceries/en-GB/products/310679497,https://digitalcontent.api.tesco.com/v2/media/ghs/c4726af5-0ead-464f-b6c6-baba542993b8/7b1bac7b-2fae-4db4-b127-2bab54df8469.jpeg?h=225&w=225,
282623160,Royal Port Beef & Cheese Patty 140G,https://www.tesco.com/groceries/en-GB/shop/fresh-food/all?department=World%20Foods&viewAll=department&page=,£1.10,£0.79/100g,,,/groceries/en-GB/products/282623160,https://digitalcontent.api.tesco.com/v2/media/ghs/036773f9-f513-400e-8553-9c486b558dac/df5ebe3f-e2ff-49bc-8933-25541fa8e660.jpeg?h=225&w=225,
309455196,Krakus Zywiecka Podsuszana 80G,https://www.tesco.com/groceries/en-GB/shop/fresh-food/all?department=World%20Foods&viewAll=department&page=,£1.05,£1.32/100g,,,/groceries/en-GB/products/309455196,https://digitalcontent.api.tesco.com/v2/media/ghs/b86cb0e7-16e1-4ea2-94c7-7e84e03258c6/cf269b50-883c-4a3d-9003-05cd52d759b7.jpeg?h=225&w=225,
309764348,Miekovita Gouda Cheese Slices 500G,https://www.tesco.com/groceries/en-GB/shop/fresh-food/all?department=World%20Foods&viewAll=department&page=,£3.25,£6.50/kg,,,/groceries/en-GB/products/309764348,https://digitalcontent.api.tesco.com/v2/media/ghs/453e0df9-a2ca-4cc8-ac75-3fe33dfbea53/bb69760c-4b47-47bc-b16c-11ab61588e85.jpeg?h=225&w=225,
309452372,Elit Chicken Hot Dogs 650G,https://www.tesco.com/groceries/en-GB/shop/fresh-food/all?department=World%20Foods&viewAll=department&page=,£1.85,£0.28/100g,,,/groceries/en-GB/products/309452372,https://digitalcontent.api.tesco.com/v2/media/ghs/5c81d09d-16ad-4683-a346-ab67cba32d43/59f3ac7f-8371-4fd1-9fad-acab4ae56224.jpeg?h=225&w=225,
310110799,Tarczynski Classic Chicken Kabanos 200G,https://www.tesco.com/groceries/en-GB/shop/fresh-food/all?department=World%20Foods&viewAll=department&page=,£2.10,£1.05/100g,,,/groceries/en-GB/products/310110799,https://digitalcontent.api.tesco.com/v2/media/ghs/7ef7442f-752e-402e-ab92-53b23614e9f9/f1605027-14dc-4440-891d-1004b7640e9e_2128482203.jpeg?h=225&w=225,
309484679,Krakus Kielbasa Slaska 550G,https://www.tesco.com/groceries/en-GB/shop/fresh-food/all?department=World%20Foods&viewAll=department&page=,£3.65,£0.66/100g,,,/groceries/en-GB/products/309484679,https://digitalcontent.api.tesco.com/v2/media/ghs/e7a83ac9-3c4d-49d9-8fc8-e461fe555dca/d0164557-ba6c-4070-9823-c271e0fd1e60.jpeg?h=225&w=225,
309205239,Tarczynski Exclusive Pork Kabanos 105G,https://www.tesco.com/groceries/en-GB/shop/fresh-food/all?department=World%20Foods&viewAll=department&page=,£2.10,£2.00/100g,,,/groceries/en-GB/products/309205239,https://digitalcontent.api.tesco.com/v2/media/ghs/e95c7415-817b-40bf-80ee-647edf2d408d/d1e4a13d-99cb-466f-a638-f33155a6ae2d_1202478863.jpeg?h=225&w=225,
291197275,Lisner Vegetable Salad With Green Peas 500G,https://www.tesco.com/groceries/en-GB/shop/fresh-food/all?department=World%20Foods&viewAll=department&page=,£2.00,£0.40/100g,,,/groceries/en-GB/products/291197275,https://digitalcontent.api.tesco.com/v2/media/ghs/55a506a8-78af-4bd4-8548-3e8b7090feb8/5cff6380-34bc-4e6b-b7f2-47e59f50d14c.jpeg?h=225&w=225,
264801783,Lisner Herring Creamy Sauce 280G,https://www.tesco.com/groceries/en-GB/shop/fresh-food/all?department=World%20Foods&viewAll=department&page=,£1.85,£6.61/kg,,,/groceries/en-GB/products/264801783,https://digitalcontent.api.tesco.com/v2/media/ghs/4b3bdb7e-8091-46cf-84d6-7ae86770e0f6/a29f7ab6-0387-463a-8540-0e9747d796b9.jpeg?h=225&w=225,
310171426,Duda Mini Dried Pork Kabanosy Sausage 50G,https://www.tesco.com/groceries/en-GB/shop/fresh-food/all?department=World%20Foods&viewAll=department&page=,£1.00,£2.00/100g,,,/groceries/en-GB/products/310171426,https://digitalcontent.api.tesco.com/v2/media/ghs/6b88dfc2-495e-4f48-bf23-b9931a0b79ed/9325a8be-69ac-4718-8186-1266abe22a97.jpeg?h=225&w=225,
309191985,Tarczynski Pork Kabanos & Chilli 105G,https://www.tesco.com/groceries/en-GB/shop/fresh-food/all?department=World%20Foods&viewAll=department&page=,£2.10,£2.00/100g,,,/groceries/en-GB/products/309191985,https://digitalcontent.api.tesco.com/v2/media/ghs/11a1092a-b93b-426c-9f4d-5b7c18966167/eb105a06-f966-4894-9299-1efc8768b098_1147519949.jpeg?h=225&w=225,
290359587,Lisner Matjas Herring Fillets 400G,https://www.tesco.com/groceries/en-GB/shop/fresh-food/all?department=World%20Foods&viewAll=department&page=,£2.60,£6.50/kg,,,/groceries/en-GB/products/290359587,https://digitalcontent.api.tesco.com/v2/media/ghs/1f27cfd4-f41f-4064-9a2d-7abc104b6948/837c6eb0-c18d-4ea5-8202-4c19f1a241e5_1767657427.jpeg?h=225&w=225,
309784785,Morliny Chicken Burger Patties 250G,https://www.tesco.com/groceries/en-GB/shop/fresh-food/all?department=World%20Foods&viewAll=department&page=,£1.00,£0.40/100g,,,/groceries/en-GB/products/309784785,https://digitalcontent.api.tesco.com/v2/media/ghs/f645d1b9-9cb5-43bb-b3c4-8377cd517994/88413237-ab0f-410d-8937-6f6359309299.jpeg?h=225&w=225,
293315617,Dawtona Carrots With Peas 510G,https://www.tesco.com/groceries/en-GB/shop/fresh-food/all?department=World%20Foods&viewAll=department&page=,£1.15,£0.35/100g DR.WT,,,/groceries/en-GB/products/293315617,https://digitalcontent.api.tesco.com/v2/media/ghs/b5bdce2a-b9fa-4860-8886-58f00c522031/5778d179-d1b8-4764-9952-091a6b293e49_975033161.jpeg?h=225&w=225,
311201460,Takul Halal Kitchen Chicken Tikka Samosas 160G,https://www.tesco.com/groceries/en-GB/shop/fresh-food/all?department=World%20Foods&viewAll=department&page=,£2.50,£15.63/kg,,,/groceries/en-GB/products/311201460,https://digitalcontent.api.tesco.com/v2/media/ghs/c4e8fce2-6609-42da-83fc-e64b11ed7c0d/fc175ded-d7ce-4e2c-875c-50dda9933b0a.jpeg?h=225&w=225,
309449808,Elit Carnati Bicaz Sausage 500G,https://www.tesco.com/groceries/en-GB/shop/fresh-food/all?department=World%20Foods&viewAll=department&page=,£1.90,£0.38/100g,,,/groceries/en-GB/products/309449808,https://digitalcontent.api.tesco.com/v2/media/ghs/97cd6eba-7c38-458a-9495-dec6c84956a6/ed4bc742-63f0-4b5d-b574-3b836d854a9f.jpeg?h=225&w=225,
309743385,Kiri Cheese Snack 35G,https://www.tesco.com/groceries/en-GB/shop/fresh-food/all?department=World%20Foods&viewAll=department&page=,£1.00,£28.58/kg,,,/groceries/en-GB/products/309743385,https://digitalcontent.api.tesco.com/v2/media/ghs/21fa54cb-2c5a-4402-bab9-753109de4d33/66e788d5-e09b-4303-8c7b-3ef30f122b5c.jpeg?h=225&w=225,
309472780,Sokolow Nordic Style Bacon In Block 480G,https://www.tesco.com/groceries/en-GB/shop/fresh-food/all?department=World%20Foods&viewAll=department&page=,£3.75,£0.78/100g,,,/groceries/en-GB/products/309472780,https://digitalcontent.api.tesco.com/v2/media/ghs/a5289d4f-d2b3-4f77-b831-2c06dcb4a6e4/0ffa7e69-4242-4c45-85aa-f0c2d5aed107_1655561560.jpeg?h=225&w=225,
310182396,Duda Silesian Sausage 380G,https://www.tesco.com/groceries/en-GB/shop/fresh-food/all?department=World%20Foods&viewAll=department&page=,£2.90,£0.76/100g,,,/groceries/en-GB/products/310182396,https://digitalcontent.api.tesco.com/v2/media/ghs/895f16d9-5b73-4e77-9db1-631e7f24493d/0d64283b-64af-4c9f-bee6-5bea37ac64b2.jpeg?h=225&w=225,
309748414,Zott Monte Snack Pack 8X29g,https://www.tesco.com/groceries/en-GB/shop/fresh-food/all?department=World%20Foods&viewAll=department&page=,£3.00,£1.30/100g,,,/groceries/en-GB/products/309748414,https://digitalcontent.api.tesco.com/v2/media/ghs/4cb56d8e-35b1-43f3-9725-05d3bca8e2bd/dc6a2fa0-9dc6-4bfc-85ba-f54c6a1e64ee_930425154.jpeg?h=225&w=225,
309205889,Krakus Golonka Canned Cured Pork Meat 300G,https://www.tesco.com/groceries/en-GB/shop/fresh-food/all?department=World%20Foods&viewAll=department&page=,£2.00,£0.67/100g,,,/groceries/en-GB/products/309205889,https://digitalcontent.api.tesco.com/v2/media/ghs/c52cfae0-e2e3-4d72-9511-566289074fdc/aa295f30-6256-40ec-82da-35dbd7600d05_590689819.jpeg?h=225&w=225,
309453584,Elit Summer Salami 400G,https://www.tesco.com/groceries/en-GB/shop/fresh-food/all?department=World%20Foods&viewAll=department&page=,£1.80,£0.45/100g,,,/groceries/en-GB/products/309453584,https://digitalcontent.api.tesco.com/v2/media/ghs/74b8cc39-2e6c-4537-b502-c188469c41ef/eb3b2695-a8e4-43e1-b605-eb6a7ee76721.jpeg?h=225&w=225,
311215432,Takul Turkey Salami Black Peppercorn 120G,https://www.tesco.com/groceries/en-GB/shop/fresh-food/all?department=World%20Foods&viewAll=department&page=,£1.50,£12.50/kg,,,/groceries/en-GB/products/311215432,https://digitalcontent.api.tesco.com/v2/media/ghs/cce3614f-ce68-40e6-82a7-7053a00ecff6/c897fe37-3095-4aec-9e9c-d222d6f5d776.jpeg?h=225&w=225,
309466033,Krakus Kielbasa Podsuszana 260G,https://www.tesco.com/groceries/en-GB/shop/fresh-food/all?department=World%20Foods&viewAll=department&page=,£2.60,£1.00/100g,,,/groceries/en-GB/products/309466033,https://digitalcontent.api.tesco.com/v2/media/ghs/5742a7ed-3663-47aa-9726-d8cace05859d/e826da40-9613-4c3f-a62a-323fb7b9bf97.jpeg?h=225&w=225,
312848050,Najma Premium Halal Chicken Slices With Baharat 130G,https://www.tesco.com/groceries/en-GB/shop/fresh-food/all?department=World%20Foods&viewAll=department&page=,£2.25,£1.74/100g,,,/groceries/en-GB/products/312848050,https://digitalcontent.api.tesco.com/v2/media/ghs/84a3f6fc-61dc-44f8-9257-d7fced767dbb/a19f4545-3dcd-4945-94df-58f24f0e09bb_707373112.jpeg?h=225&w=225,
311216120,Takul Halal Kitchen 10 Chilli Hot Dog 300G,https://www.tesco.com/groceries/en-GB/shop/fresh-food/all?department=World%20Foods&viewAll=department&page=,£2.00,£0.67/100g,,,/groceries/en-GB/products/311216120,https://digitalcontent.api.tesco.com/v2/media/ghs/d30ceeb4-4d1a-415a-ab9c-db91cabf13aa/680e680f-6b99-4544-98e8-a5e0144a6382.jpeg?h=225&w=225,
294285206,Contimax Mackerel,https://www.tesco.com/groceries/en-GB/shop/fresh-food/all?department=World%20Foods&viewAll=department&page=,£1.70,£10.00/kg,,,/groceries/en-GB/products/294285206,https://digitalcontent.api.tesco.com/v2/media/ghs/1ce9ca3b-0c76-4332-b7e9-3be1983c0b6a/79949209-a354-4385-8d8d-c8196ba478f6.jpeg?h=225&w=225,
310697017,Pakeeza Exotic Mango Lassi 1Kg,https://www.tesco.com/groceries/en-GB/shop/fresh-food/all?department=World%20Foods&viewAll=department&page=,£3.40,£3.40/kg,,,/groceries/en-GB/products/310697017,https://digitalcontent.api.tesco.com/v2/media/ghs-mktg/b0b04216-fa73-466d-a9d7-c9fcfa1ce9b3/no-image.jpeg,
310680048,Pakeeza Ayran Lassi 1Kg,https://www.tesco.com/groceries/en-GB/shop/fresh-food/all?department=World%20Foods&viewAll=department&page=,£2.40,£0.24/100g,,,/groceries/en-GB/products/310680048,https://digitalcontent.api.tesco.com/v2/media/ghs-mktg/b0b04216-fa73-466d-a9d7-c9fcfa1ce9b3/no-image.jpeg,
262479736,Tesco Fresh Double Cream 600Ml,https://www.tesco.com/groceries/en-GB/shop/fresh-food/all?department=Chilled%20Desserts&viewAll=department&page=,£2.30,£0.38/100ml,,,/groceries/en-GB/products/262479736,https://digitalcontent.api.tesco.com/v2/media/ghs/a82a08ec-238b-405a-a895-805c0f5c92bf/da1f2525-7d42-4f7a-8803-7ea45f36252c.jpeg?h=225&w=225,
261945191,Tesco Finest Belgian Chocolate Mousse 100G,https://www.tesco.com/groceries/en-GB/shop/fresh-food/all?department=Chilled%20Desserts&viewAll=department&page=,£1.00,£1.00/100g,,,/groceries/en-GB/products/261945191,https://digitalcontent.api.tesco.com/v2/media/ghs/1226c535-22c1-467e-a67e-a49293be58eb/09ef569a-0e4d-43fe-8814-cba1f24b9654.jpeg?h=225&w=225,
311807037,Cadbury Flake Milk Chocolate Dessert 75G,https://www.tesco.com/groceries/en-GB/shop/fresh-food/all?department=Chilled%20Desserts&viewAll=department&page=,£1.00,£1.34/100g,,,/groceries/en-GB/products/311807037,https://digitalcontent.api.tesco.com/v2/media/ghs/39a5db1e-f0b9-466f-87c5-200c1ee175bb/5a76c449-acee-411e-af99-343c82c5baa6.jpeg?h=225&w=225,
310130017,Lindahls Protein Pudding Chocolate 140G,https://www.tesco.com/groceries/en-GB/shop/fresh-food/all?department=Chilled%20Desserts&viewAll=department&page=,£1.25,£8.93/kg,£1.00 Clubcard Price,,/groceries/en-GB/products/310130017,https://digitalcontent.api.tesco.com/v2/media/ghs/5c566be0-6cad-4853-8b00-3ccf65491fd8/adb68002-c2c6-445c-86fe-4d826867cbdb.jpeg?h=225&w=225,
311781296,Cadbury Dairy Milk Buttons Chocolate Dessert 75G,https://www.tesco.com/groceries/en-GB/shop/fresh-food/all?department=Chilled%20Desserts&viewAll=department&page=,£1.00,£1.34/100g,,,/groceries/en-GB/products/311781296,https://digitalcontent.api.tesco.com/v2/media/ghs/22f78698-79eb-4d27-92a6-14a3c4a1e374/b854e653-a74d-4552-930d-4d9b61db0dc6.jpeg?h=225&w=225,
276884964,Muller Light Chocolate Fix Milk Chocolate 4 Pack 400G,https://www.tesco.com/groceries/en-GB/shop/fresh-food/all?department=Chilled%20Desserts&viewAll=department&page=,£2.00,£0.50/100g,,,/groceries/en-GB/products/276884964,https://digitalcontent.api.tesco.com/v2/media/ghs/d93447ca-b756-4fa0-9770-fbab455ebbd6/21561953-63d0-49da-a39a-759924213805.jpeg?h=225&w=225,
276760656,Cadbury Wispa Bubbles Of Joy Chocolate Mss 4X45g,https://www.tesco.com/groceries/en-GB/shop/fresh-food/all?department=Chilled%20Desserts&viewAll=department&page=,£1.85,£1.03/100g,,,/groceries/en-GB/products/276760656,https://digitalcontent.api.tesco.com/v2/media/ghs/161ec5cb-4a48-41da-80a4-7268ce5edcda/9013ec80-5d6a-4fe0-a59e-7434a3328f2a.jpeg?h=225&w=225,
308822161,Elmlea Single Alternative To Cream 270Ml,https://www.tesco.com/groceries/en-GB/shop/fresh-food/all?department=Chilled%20Desserts&viewAll=department&page=,£1.35,£0.50/100ml,,,/groceries/en-GB/products/308822161,https://digitalcontent.api.tesco.com/v2/media/ghs/7a671bfa-5859-4360-9cf0-f3d71ed46c5a/1be8ee70-0f73-4cb8-a971-0e4031144d97_814071791.jpeg?h=225&w=225,
310182701,Nestle Rolo Dessert 2X65g,https://www.tesco.com/groceries/en-GB/shop/fresh-food/all?department=Chilled%20Desserts&viewAll=department&page=,£1.50,£1.16/100g,£1.00 Clubcard Price,,/groceries/en-GB/products/310182701,https://digitalcontent.api.tesco.com/v2/media/ghs/b1bcb6f6-3db1-4206-b6c2-df42a8dff26c/0593ea35-296f-458a-8ed6-f6fdc75f8cfd.jpeg?h=225&w=225,
262479533,Tesco Fresh Double Cream 300Ml,https://www.tesco.com/groceries/en-GB/shop/fresh-food/all?department=Chilled%20Desserts&viewAll=department&page=,£1.35,£0.45/100ml,,,/groceries/en-GB/products/262479533,https://digitalcontent.api.tesco.com/v2/media/ghs/966dc0d4-5cd9-47b0-8e67-6a53779f3828/d3591c76-6f76-45c9-844b-5c6d60bfce55.jpeg?h=225&w=225,
285897521,Tesco Original Real Dairy Spray Cream 250G,https://www.tesco.com/groceries/en-GB/shop/fresh-food/all?department=Chilled%20Desserts&viewAll=department&page=,£1.45,£0.58/100g,,,/groceries/en-GB/products/285897521,https://digitalcontent.api.tesco.com/v2/media/ghs/14c0e910-7614-459a-affa-36d7ba6ab685/8b17427e-a970-40af-9c0f-d1f9f4a44dc0.jpeg?h=225&w=225,
262480058,Tesco Fresh Extra Thick Double Cream 300Ml,https://www.tesco.com/groceries/en-GB/shop/fresh-food/all?department=Chilled%20Desserts&viewAll=department&page=,£1.30,£0.43/100ml,,,/groceries/en-GB/products/262480058,https://digitalcontent.api.tesco.com/v2/media/ghs/9a96dce3-4ce4-4263-8c7e-e5aa785f9ddf/787618e8-5ef9-4652-9203-cc00aeb51f47.jpeg?h=225&w=225,
263772685,Tesco 50% Less Fat Creme Fraiche 300Ml,https://www.tesco.com/groceries/en-GB/shop/fresh-food/all?department=Chilled%20Desserts&viewAll=department&page=,,,,,/groceries/en-GB/products/263772685,https://digitalcontent.api.tesco.com/v2/media/ghs/e0039a49-5274-4420-9bda-db4f8ea07629/4dcf04db-f2d9-4d39-802b-d9a1b295e122.jpeg?h=225&w=225,This product's currently out of stock
311950056,Muller Rice Low Fat Original Pudding 170G,https://www.tesco.com/groceries/en-GB/shop/fresh-food/all?department=Chilled%20Desserts&viewAll=department&page=,£0.75,£0.44/100g,6 for £3 or 10 for £4 Clubcard Price - Muller Yoghurt 124g-170g,,/groceries/en-GB/products/311950056,https://digitalcontent.api.tesco.com/v2/media/ghs/9497e02c-cb89-493f-b7bc-d772a9a2204f/c0dcbbc3-2254-4bba-859d-1b6cc7a76623.jpeg?h=225&w=225,
262479245,Tesco Fresh Single Cream 300Ml,https://www.tesco.com/groceries/en-GB/shop/fresh-food/all?department=Chilled%20Desserts&viewAll=department&page=,£1.10,£0.37/100ml,,,/groceries/en-GB/products/262479245,https://digitalcontent.api.tesco.com/v2/media/ghs/40c2c23f-ad2f-4a9e-9785-2f984c402b31/be50c1df-69de-42c6-b12c-d26b066c3c18.jpeg?h=225&w=225,
285897711,Tesco 30% Less Fat Dairy Spray Cream 250G,https://www.tesco.com/groceries/en-GB/shop/fresh-food/all?department=Chilled%20Desserts&viewAll=department&page=,£1.45,£0.58/100g,,,/groceries/en-GB/products/285897711,https://digitalcontent.api.tesco.com/v2/media/ghs/dae198e9-d6e6-42e7-b0ce-971a319b9a80/c4c97513-f3b1-4ae0-bd62-912072c3b302.jpeg?h=225&w=225,
311948209,Cadbury Dairy Milk Pots Of Joy Chocolate Dessert 4X60g,https://www.tesco.com/groceries/en-GB/shop/fresh-food/all?department=Chilled%20Desserts&viewAll=department&page=,£2.50,£1.05/100g,£1.50 Clubcard Price,,/groceries/en-GB/products/311948209,https://digitalcontent.api.tesco.com/v2/media/ghs/83dc3fed-93e5-449e-bfbc-f1e62000de7a/ae17ba1d-cc20-46b0-be5d-2a9c8e10d839.jpeg?h=225&w=225,
303116924,Creamfields Double Cream 300Ml,https://www.tesco.com/groceries/en-GB/shop/fresh-food/all?department=Chilled%20Desserts&viewAll=department&page=,£1.15,£0.38/100ml,Aldi Price Match,,/groceries/en-GB/products/303116924,https://digitalcontent.api.tesco.com/v2/media/ghs/0bbe8e48-f9c7-46aa-8095-87531eec03f1/c057b8c5-e5cd-49d4-9d49-58d18af76810.jpeg?h=225&w=225,
311252721,Muller Rice Low Fat Vanilla Custard Pudding 170G,https://www.tesco.com/groceries/en-GB/shop/fresh-food/all?department=Chilled%20Desserts&viewAll=department&page=,£0.75,£0.44/100g,6 for £3 or 10 for £4 Clubcard Price - Muller Yoghurt 124g-170g,,/groceries/en-GB/products/311252721,https://digitalcontent.api.tesco.com/v2/media/ghs/29fe5818-8b2d-489f-af95-c7b9e9624787/5645943d-e1ff-47e6-b8f5-a101d8b8d36b.jpeg?h=225&w=225,
265166259,Tesco Soured Cream 300Ml,https://www.tesco.com/groceries/en-GB/shop/fresh-food/all?department=Chilled%20Desserts&viewAll=department&page=,£1.05,£0.35/100ml,Aldi Price Match,,/groceries/en-GB/products/265166259,https://digitalcontent.api.tesco.com/v2/media/ghs/28f2fc13-c7b0-4df3-b477-18cc12f922e2/2da55a2a-122d-443e-89bc-c067c9159eec_1541749718.jpeg?h=225&w=225,
252857372,Nestle Aero Chocolate Mousse 4 Pack 236G,https://www.tesco.com/groceries/en-GB/shop/fresh-food/all?department=Chilled%20Desserts&viewAll=department&page=,,,,,/groceries/en-GB/products/252857372,https://digitalcontent.api.tesco.com/v2/media/ghs/32ba9cb8-38ec-4fe3-a179-a31edecd99ae/80b945c3-cb41-45e1-ac1d-c97c6f0a633b.jpeg?h=225&w=225,This product's currently out of stock
308088804,Elmlea Double Alternative To Cream 270Ml,https://www.tesco.com/groceries/en-GB/shop/fresh-food/all?department=Chilled%20Desserts&viewAll=department&page=,£1.45,£0.54/100ml,Aldi Price Match,,/groceries/en-GB/products/308088804,,
263772662,Tesco Full Fat Creme Fraiche 300Ml,https://www.tesco.com/groceries/en-GB/shop/fresh-food/all?department=Chilled%20Desserts&viewAll=department&page=,,,,,/groceries/en-GB/products/263772662,,This product's currently out of stock
303116901,Creamfields Single Cream 300Ml,https://www.tesco.com/groceries/en-GB/shop/fresh-food/all?department=Chilled%20Desserts&viewAll=department&page=,£0.99,£0.33/100ml,Aldi Price Match,,/groceries/en-GB/products/303116901,,
262478586,Tesco Fresh Single Cream 150Ml,https://www.tesco.com/groceries/en-GB/shop/fresh-food/all?department=Chilled%20Desserts&viewAll=department&page=,£0.80,£0.53/100ml,,,/groceries/en-GB/products/262478586,https://digitalcontent.api.tesco.com/v2/media/ghs/fed95636-2c76-4143-befb-5431405a1c15/538984fd-5623-42fd-8864-cb44dccf8139.jpeg?h=225&w=225,
304398956,Tesco Strawberry Trifles 405G (3X135g),https://www.tesco.com/groceries/en-GB/shop/fresh-food/all?department=Chilled%20Desserts&viewAll=department&page=,£1.70,£0.42/100g,,,/groceries/en-GB/products/304398956,https://digitalcontent.api.tesco.com/v2/media/ghs/3018111d-f8f2-4e86-9b0b-cb6f967f430a/fa2af2b0-e504-45e9-835c-28f85a23f07d.jpeg?h=225&w=225,
311261606,Muller Rice Low Fat Apple Pudding 170G,https://www.tesco.com/groceries/en-GB/shop/fresh-food/all?department=Chilled%20Desserts&viewAll=department&page=,£0.75,£0.44/100g,6 for £3 or 10 for £4 Clubcard Price - Muller Yoghurt 124g-170g,,/groceries/en-GB/products/311261606,https://digitalcontent.api.tesco.com/v2/media/ghs/aba88b96-7a07-4453-ba6e-0b0b63646d75/11d5db59-938c-40c3-b76a-d5f64db42089.jpeg?h=225&w=225,
289043126,Milkybar Mousse 4 X 55G,https://www.tesco.com/groceries/en-GB/shop/fresh-food/all?department=Chilled%20Desserts&viewAll=department&page=,£1.65,£0.75/100g,£1.00 Clubcard Price,,/groceries/en-GB/products/289043126,https://digitalcontent.api.tesco.com/v2/media/ghs/ed91e036-1fa0-44d0-9720-5c4f599f4c2c/72369496-c5a4-44a2-892f-6afc74f09e4d.jpeg?h=225&w=225,
265166150,Tesco Soured Cream 150Ml,https://www.tesco.com/groceries/en-GB/shop/fresh-food/all?department=Chilled%20Desserts&viewAll=department&page=,£0.75,£0.50/100ml,,,/groceries/en-GB/products/265166150,https://digitalcontent.api.tesco.com/v2/media/ghs/ce0924d7-224b-4239-b26f-55c713ac6d90/b32347f6-30bc-496e-a803-0ac20b5f08c8.jpeg?h=225&w=225,
287661132,Tesco Chocolate Mousse 6X60g,https://www.tesco.com/groceries/en-GB/shop/fresh-food/all?department=Chilled%20Desserts&viewAll=department&page=,£1.00,£0.28/100g,,,/groceries/en-GB/products/287661132,https://digitalcontent.api.tesco.com/v2/media/ghs/9ed489a9-c33a-414a-bf99-57dabbc9d00d/9d2f25a3-1f33-4d6e-aa0c-ff984058bd6c.jpeg?h=225&w=225,
251111323,Tesco 4 Belgian Chocolate Eclairs,https://www.tesco.com/groceries/en-GB/shop/fresh-food/all?department=Chilled%20Desserts&viewAll=department&page=,£1.60,£0.40/each,£1.40 Clubcard Price,,/groceries/en-GB/products/251111323,https://digitalcontent.api.tesco.com/v2/media/ghs/e7e6e6de-e39e-4e7c-b1bf-b9a05dc37c78/50a4d2ec-0bf8-4865-8fe2-edfad61bde09.jpeg?h=225&w=225,
311668391,Muller Rice Low Fat Strawberry Pudding 170G,https://www.tesco.com/groceries/en-GB/shop/fresh-food/all?department=Chilled%20Desserts&viewAll=department&page=,£0.75,£0.44/100g,6 for £3 or 10 for £4 Clubcard Price - Muller Yoghurt 124g-170g,,/groceries/en-GB/products/311668391,https://digitalcontent.api.tesco.com/v2/media/ghs/cdd47899-860c-441b-92e9-3a6c736874d9/bb8647f3-365e-4b56-bcc7-6bfbbe852827.jpeg?h=225&w=225,
304373634,Tesco Raspberry Trifles 405G (3X135g),https://www.tesco.com/groceries/en-GB/shop/fresh-food/all?department=Chilled%20Desserts&viewAll=department&page=,£1.70,£0.42/100g,,,/groceries/en-GB/products/304373634,https://digitalcontent.api.tesco.com/v2/media/ghs/ede35707-5160-41e2-a13f-8d7421d4f08d/76c2be9f-1156-4421-92d6-9aca4d67bb9b.jpeg?h=225&w=225,
302064479,Ms Mollys Toffee Layered Dessert 100G,https://www.tesco.com/groceries/en-GB/shop/fresh-food/all?department=Chilled%20Desserts&viewAll=department&page=,£0.49,£0.49/100g,,,/groceries/en-GB/products/302064479,https://digitalcontent.api.tesco.com/v2/media/ghs/8fc9c587-d095-4b3e-aea0-fa2cfa53faa7/3dafe08f-4871-43b0-b3fe-092ae6d28d53.jpeg?h=225&w=225,
302064491,Ms Mollys Chocolate Layered Dessert 100G,https://www.tesco.com/groceries/en-GB/shop/fresh-food/all?department=Chilled%20Desserts&viewAll=department&page=,£0.49,£0.49/100g,,,/groceries/en-GB/products/302064491,https://digitalcontent.api.tesco.com/v2/media/ghs/54944185-22b4-4e16-9cf8-7c5bd3746363/5688b010-9bf7-495e-b450-02febf7758de.jpeg?h=225&w=225,
257471105,Tesco Fresh Egg Custard Tarts 2 Pack,https://www.tesco.com/groceries/en-GB/shop/fresh-food/all?department=Chilled%20Desserts&viewAll=department&page=,£0.85,£0.42/each,,,/groceries/en-GB/products/257471105,https://digitalcontent.api.tesco.com/v2/media/ghs/ade4ed9d-c599-4361-96e0-aa5339e40cdb/a5e44d4f-ac94-49f9-afb3-f992477e775a.jpeg?h=225&w=225,
254985769,Tesco 2 Fresh Cream Belgian Chocolate Eclairs,https://www.tesco.com/groceries/en-GB/shop/fresh-food/all?department=Chilled%20Desserts&viewAll=department&page=,£0.85,£0.42/each,Aldi Price Match,,/groceries/en-GB/products/254985769,https://digitalcontent.api.tesco.com/v2/media/ghs/6aa6f8bb-65d1-43a1-82c6-841a75ea19bd/db2e8bae-4b6d-46ba-8a8d-296496908b1a.jpeg?h=225&w=225,
300990854,Ms Molly's Strawberry Trifle (2X115g) 230G,https://www.tesco.com/groceries/en-GB/shop/fresh-food/all?department=Chilled%20Desserts&viewAll=department&page=,£0.67,£0.29/100g,Aldi Price Match,,/groceries/en-GB/products/300990854,https://digitalcontent.api.tesco.com/v2/media/ghs/dd5e71aa-fdfc-42fc-988a-1cc47de226fa/5289a486-ba23-429b-adc1-e16c20eb6fe9.jpeg?h=225&w=225,
257471134,Tesco Egg Custard Tarts 4 Pack,https://www.tesco.com/groceries/en-GB/shop/fresh-food/all?department=Chilled%20Desserts&viewAll=department&page=,£1.05,£0.26/each,Aldi Price Match,,/groceries/en-GB/products/257471134,https://digitalcontent.api.tesco.com/v2/media/ghs/cc2f48ee-525c-4f17-b3fa-b65f602cb674/f803ecd1-3ce3-4141-b858-bdff75264de0_221959397.jpeg?h=225&w=225,
254985809,Tesco Cream & Strawberry Jam Doughnuts 2 Pack,https://www.tesco.com/groceries/en-GB/shop/fresh-food/all?department=Chilled%20Desserts&viewAll=department&page=,£0.85,£0.42/each,Aldi Price Match,,/groceries/en-GB/products/254985809,https://digitalcontent.api.tesco.com/v2/media/ghs/43772b7e-4be6-4748-ab38-992ae12f9fc3/412d4a0b-968b-42f7-9a73-542fe7a9af8f.jpeg?h=225&w=225,
311683850,Mul/Rce Strawberry & Original Low Fat Dessert 6X170g,https://www.tesco.com/groceries/en-GB/shop/fresh-food/all?department=Chilled%20Desserts&viewAll=department&page=,£3.75,£0.37/100g,£2.75 Clubcard Price,,/groceries/en-GB/products/311683850,https://digitalcontent.api.tesco.com/v2/media/ghs/fa15bdeb-8138-46a9-9011-8ad466837318/b27912b7-a165-4fc9-aecb-875ba5bd5534.jpeg?h=225&w=225,
262479625,Tesco Fresh Single Cream 600Ml,https://www.tesco.com/groceries/en-GB/shop/fresh-food/all?department=Chilled%20Desserts&viewAll=department&page=,£1.95,£0.32/100ml,,,/groceries/en-GB/products/262479625,https://digitalcontent.api.tesco.com/v2/media/ghs/c30f0541-95cf-4424-b582-1bbda35b5b12/131dd5e0-a1e3-46de-8720-6b226dee26e1.jpeg?h=225&w=225,
311941009,Mul/Rce Apple & Raspberry Low Fat Dessert 6X170g,https://www.tesco.com/groceries/en-GB/shop/fresh-food/all?department=Chilled%20Desserts&viewAll=department&page=,£3.75,£0.37/100g,£2.75 Clubcard Price,,/groceries/en-GB/products/311941009,https://digitalcontent.api.tesco.com/v2/media/ghs/8f28c894-d924-419a-b3b1-a1793426ee23/81fdcb19-c5dd-4ad6-81b0-e71315d69550.jpeg?h=225&w=225,
256859922,Bramley Apple Pie Each,https://www.tesco.com/groceries/en-GB/shop/fresh-food/all?department=Chilled%20Desserts&viewAll=department&page=,£1.50,£1.50/each,,,/groceries/en-GB/products/256859922,https://digitalcontent.api.tesco.com/v2/media/ghs/7acb88b6-45c3-43bf-9cb2-9f1bfc53260a/b48c2b24-8389-4479-bcd7-c2dfbfbc16e7.jpeg?h=225&w=225,
256186068,Rachel's Organic Divine Rice Twin Traditional 2X150g,https://www.tesco.com/groceries/en-GB/shop/fresh-food/all?department=Chilled%20Desserts&viewAll=department&page=,£1.65,£0.55/100g,,,/groceries/en-GB/products/256186068,https://digitalcontent.api.tesco.com/v2/media/ghs/64a209b6-9148-4d86-949e-05de5682da15/4dffea4f-24b0-4f86-be47-86eaba29c121.jpeg?h=225&w=225,
264115299,Bonne Maman Creme Caramel 4X100g,https://www.tesco.com/groceries/en-GB/shop/fresh-food/all?department=Chilled%20Desserts&viewAll=department&page=,£2.70,£0.68/100g,£2.40 Clubcard Price,,/groceries/en-GB/products/264115299,https://digitalcontent.api.tesco.com/v2/media/ghs/34508ba5-c9f2-45e2-b713-e5db8cfbaffd/7e9ab6bd-5d61-49c6-b513-0cdfb255e654.jpeg?h=225&w=225,
287999893,Muller Light Chocolate Fix Layers 4X80g,https://www.tesco.com/groceries/en-GB/shop/fresh-food/all?department=Chilled%20Desserts&viewAll=department&page=,£2.00,£0.62/100g,,,/groceries/en-GB/products/287999893,https://digitalcontent.api.tesco.com/v2/media/ghs/55792894-a23b-4eeb-9a01-a1f85d5427fa/c4608e16-36f0-43a4-8134-47d8bbd794d2.jpeg?h=225&w=225,
262480260,Tesco Fresh British Extra Thick Double Cream 600Ml,https://www.tesco.com/groceries/en-GB/shop/fresh-food/all?department=Chilled%20Desserts&viewAll=department&page=,£2.10,£0.35/100ml,,,/groceries/en-GB/products/262480260,https://digitalcontent.api.tesco.com/v2/media/ghs/64b1be91-b208-49fd-b986-60d2d9d212f6/00b88e07-4fd2-4616-b46c-0dfe08b62c4a.jpeg?h=225&w=225,
252645749,Rodda's Clotted Cream 227G,https://www.tesco.com/groceries/en-GB/shop/fresh-food/all?department=Chilled%20Desserts&viewAll=department&page=,£2.60,£1.15/100g,,,/groceries/en-GB/products/252645749,https://digitalcontent.api.tesco.com/v2/media/ghs/6be37b65-63da-46b6-9a3d-2f32f676010d/5987f475-9bb0-46ff-9a44-cbbc847ce7f1.jpeg?h=225&w=225,
253689428,Tesco Strawberry Cheesecake 3 X 100G,https://www.tesco.com/groceries/en-GB/shop/fresh-food/all?department=Chilled%20Desserts&viewAll=department&page=,£2.05,£0.68/100g,,,/groceries/en-GB/products/253689428,https://digitalcontent.api.tesco.com/v2/media/ghs/a2ebd782-6f85-47f3-9c41-cbce43e54ada/629c1147-1751-4bab-92a6-7c403ed5ac51.jpeg?h=225&w=225,
311959421,Muller Light Chocolate Orange Low Fat Dessert 4X80g,https://www.tesco.com/groceries/en-GB/shop/fresh-food/all?department=Chilled%20Desserts&viewAll=department&page=,£2.00,£0.62/100g,,,/groceries/en-GB/products/311959421,https://digitalcontent.api.tesco.com/v2/media/ghs/ed542540-6691-49b3-afcf-d7293e8359f2/a99562b8-2f18-4f5b-827e-74ec35d98229.jpeg?h=225&w=225,
279629146,Muller Light Mint Chocolate Fix Dessert 4 X 100G,https://www.tesco.com/groceries/en-GB/shop/fresh-food/all?department=Chilled%20Desserts&viewAll=department&page=,£2.00,£0.50/100g,,,/groceries/en-GB/products/279629146,https://digitalcontent.api.tesco.com/v2/media/ghs/860ec6ba-7e0d-4cfa-9aca-a0411c86db25/2d723add-3eb9-4062-b4c1-cc96110c3a1e.jpeg?h=225&w=225,
300474164,Tesco Tiramisu 2X85g,https://www.tesco.com/groceries/en-GB/shop/fresh-food/all?department=Chilled%20Desserts&viewAll=department&page=,£1.70,£1.00/100g,,,/groceries/en-GB/products/300474164,https://digitalcontent.api.tesco.com/v2/media/ghs/c2f3e908-7f0e-427d-b3a3-7ae2f2cae3bb/ffb74932-50c3-4aa1-a173-fa4a24ad3934.jpeg?h=225&w=225,
262478920,Tesco Fresh Whipping Cream 300Ml,https://www.tesco.com/groceries/en-GB/shop/fresh-food/all?department=Chilled%20Desserts&viewAll=department&page=,£1.25,£0.42/100ml,,,/groceries/en-GB/products/262478920,https://digitalcontent.api.tesco.com/v2/media/ghs/17497dab-806b-42c2-8ff3-b3742237e245/89d4955e-ed7b-4e47-9448-fbc49bd8c22d.jpeg?h=225&w=225,
311801406,Lindahls Salted Caramel Protein Pudding 140G,https://www.tesco.com/groceries/en-GB/shop/fresh-food/all?department=Chilled%20Desserts&viewAll=department&page=,£1.25,£0.89/100g,£1.00 Clubcard Price,,/groceries/en-GB/products/311801406,https://digitalcontent.api.tesco.com/v2/media/ghs/905cf055-8cb4-4c5e-a29f-e8fa0b2b0039/c7c25b95-12fe-4199-8261-2b980f11eeda.jpeg?h=225&w=225,
254154653,Tesco Strawberry Trifle 600G,https://www.tesco.com/groceries/en-GB/shop/fresh-food/all?department=Chilled%20Desserts&viewAll=department&page=,£2.65,£0.44/100g,£2.35 Clubcard Price,,/groceries/en-GB/products/254154653,https://digitalcontent.api.tesco.com/v2/media/ghs/d4d4361c-2216-450e-9344-e59021375952/95de307f-8a0a-4cea-83f5-fcfe5362889b.jpeg?h=225&w=225,
293836605,Oatly Creamy Oat 250Ml,https://www.tesco.com/groceries/en-GB/shop/fresh-food/all?department=Chilled%20Desserts&viewAll=department&page=,£1.20,£0.48/100ml,,,/groceries/en-GB/products/293836605,https://digitalcontent.api.tesco.com/v2/media/ghs/7aab6a4d-43b1-4279-b328-aed375cfd4aa/e079469e-e216-4088-b181-669b116dff88_914470490.jpeg?h=225&w=225,
262696949,Tesco Melt In The Middle Chocolate Sponge Pudding 2 X 135G,https://www.tesco.com/groceries/en-GB/shop/fresh-food/all?department=Chilled%20Desserts&viewAll=department&page=,£2.20,£0.82/100g,,,/groceries/en-GB/products/262696949,https://digitalcontent.api.tesco.com/v2/media/ghs/880f2eef-e590-483f-ba29-6834ee080d5f/92de3c5c-02bd-4774-bb3c-27c2c5546681.jpeg?h=225&w=225,
311277755,Nestle Milkybar Dessert 2X65g,https://www.tesco.com/groceries/en-GB/shop/fresh-food/all?department=Chilled%20Desserts&viewAll=department&page=,£1.50,£1.16/100g,£1.00 Clubcard Price,,/groceries/en-GB/products/311277755,https://digitalcontent.api.tesco.com/v2/media/ghs/8eb2b543-b9d3-4223-81ea-9b5e6eef2135/9064af78-15b4-4ca4-9a9e-01e4860618ad.jpeg?h=225&w=225,
253154977,Tesco Finest Custard 500G,https://www.tesco.com/groceries/en-GB/shop/fresh-food/all?department=Chilled%20Desserts&viewAll=department&page=,£2.20,£0.44/100g,,,/groceries/en-GB/products/253154977,https://digitalcontent.api.tesco.com/v2/media/ghs/ca25e3af-4740-482d-9856-29f389518b88/36dc63b9-9421-43d4-9d65-aa54d85731c2.jpeg?h=225&w=225,
299935900,Tesco 2 Cream Slices,https://www.tesco.com/groceries/en-GB/shop/fresh-food/all?department=Chilled%20Desserts&viewAll=department&page=,£1.60,£0.80/each,,,/groceries/en-GB/products/299935900,https://digitalcontent.api.tesco.com/v2/media/ghs/76c9d65e-ada1-446d-a48d-07d10794290a/4c9d079c-d5e3-4d81-8733-c41c00365041.jpeg?h=225&w=225,
280711911,Tesco Fruit Fool Lemon 114G,https://www.tesco.com/groceries/en-GB/shop/fresh-food/all?department=Chilled%20Desserts&viewAll=department&page=,£0.85,£0.75/100g,,,/groceries/en-GB/products/280711911,https://digitalcontent.api.tesco.com/v2/media/ghs/514f3194-cb3f-437c-a243-ef28d8adccec/88821daf-c896-49b6-87a9-f0032d242e40.jpeg?h=225&w=225,
259953235,Aero Mint Chocolate Mousse 4X58g,https://www.tesco.com/groceries/en-GB/shop/fresh-food/all?department=Chilled%20Desserts&viewAll=department&page=,£1.65,£0.71/100g,£1.25 Clubcard Price,,/groceries/en-GB/products/259953235,https://digitalcontent.api.tesco.com/v2/media/ghs/08e1e40f-bafb-44bc-98d2-c4721c3af6d6/7b0dfdf8-08a6-403b-aad9-4c33c95b6858.jpeg?h=225&w=225,
300601648,Tesco 2 Chocolate Choux Buns,https://www.tesco.com/groceries/en-GB/shop/fresh-food/all?department=Chilled%20Desserts&viewAll=department&page=,£1.50,£0.75/each,,,/groceries/en-GB/products/300601648,https://digitalcontent.api.tesco.com/v2/media/ghs/9e5fa1bd-1bbb-4d3f-a4d7-1ac52077dcf0/81ac83ab-17f4-4e40-b4be-fe87c827031a.jpeg?h=225&w=225,
299935922,Tesco 2 Custard Slices,https://www.tesco.com/groceries/en-GB/shop/fresh-food/all?department=Chilled%20Desserts&viewAll=department&page=,£1.60,£0.80/each,,,/groceries/en-GB/products/299935922,https://digitalcontent.api.tesco.com/v2/media/ghs/50e250d5-35ac-43f0-8490-07367453fb3c/29ead43a-ed05-435b-9f85-ad8f56d01151.jpeg?h=225&w=225,
280711842,Tesco Fruit Fool Gooseberry 114G,https://www.tesco.com/groceries/en-GB/shop/fresh-food/all?department=Chilled%20Desserts&viewAll=department&page=,£0.85,£0.75/100g,,,/groceries/en-GB/products/280711842,https://digitalcontent.api.tesco.com/v2/media/ghs/0d078ff7-8c45-4e5e-b1e9-bf5fc31b4110/78724995-c1ea-4bcb-97e9-318ee09bb269.jpeg?h=225&w=225,
286690153,Nestle Nesquik Milk Slice Chocolate Flavour 4X26g,https://www.tesco.com/groceries/en-GB/shop/fresh-food/all?department=Chilled%20Desserts&viewAll=department&page=,£1.10,£1.06/100g,,,/groceries/en-GB/products/286690153,https://digitalcontent.api.tesco.com/v2/media/ghs/f008d296-5a3b-4be1-9c30-c3c75a619fcf/c8898bfc-43a9-41c1-8481-9645ca5478c7.jpeg?h=225&w=225,
295790856,Milkybar Milk Slices 4X26g,https://www.tesco.com/groceries/en-GB/shop/fresh-food/all?department=Chilled%20Desserts&viewAll=department&page=,£1.10,£1.06/100g,,,/groceries/en-GB/products/295790856,https://digitalcontent.api.tesco.com/v2/media/ghs/5f3aa85e-7598-4337-862f-bb60291efd5b/c790a731-134c-413c-aed2-e445535493b7.jpeg?h=225&w=225,
297297274,Tesco 2 Fresh Cream Bramley Apple Turnovers 160G,https://www.tesco.com/groceries/en-GB/shop/fresh-food/all?department=Chilled%20Desserts&viewAll=department&page=,£1.60,£1.00/100g,,,/groceries/en-GB/products/297297274,https://digitalcontent.api.tesco.com/v2/media/ghs/6da8eef6-c4c1-4ff8-b08b-456bdb5a6cd1/f55c60c2-fda1-482c-aa2f-03816571a369.jpeg?h=225&w=225,
271935014,Ski Fruit Mousse Strawberry & Strawberry 4X60g,https://www.tesco.com/groceries/en-GB/shop/fresh-food/all?department=Chilled%20Desserts&viewAll=department&page=,£1.10,£0.46/100g,,,/groceries/en-GB/products/271935014,https://digitalcontent.api.tesco.com/v2/media/ghs/3edbf15a-3898-49f8-bc2d-8d7b3530ce75/ff4901c8-4661-4e01-b6e3-cd988496b88b.jpeg?h=225&w=225,
254262853,St Ivel Buttermilk 284Ml,https://www.tesco.com/groceries/en-GB/shop/fresh-food/all?department=Chilled%20Desserts&viewAll=department&page=,£0.90,£3.17/litre,,,/groceries/en-GB/products/254262853,https://digitalcontent.api.tesco.com/v2/media/ghs/c93fc40b-693f-4b74-a2d5-793556072c36/07151a50-1e9c-465c-ae0b-398eb7239655.jpeg?h=225&w=225,
251614235,Yeo Valley Half Fat Organic Creme Fraiche 200G,https://www.tesco.com/groceries/en-GB/shop/fresh-food/all?department=Chilled%20Desserts&viewAll=department&page=,£1.30,£0.65/100g,95p Clubcard Price,,/groceries/en-GB/products/251614235,https://digitalcontent.api.tesco.com/v2/media/ghs/6ac55596-9b71-42ac-afb9-64b357bfc7c9/d8c511b7-1ef2-4206-9090-fffeda9e673f.jpeg?h=225&w=225,
271935153,Ski Fruit Mousse Lemon Meringue 4X60g,https://www.tesco.com/groceries/en-GB/shop/fresh-food/all?department=Chilled%20Desserts&viewAll=department&page=,£1.10,£0.46/100g,,,/groceries/en-GB/products/271935153,https://digitalcontent.api.tesco.com/v2/media/ghs/836ed1a8-173c-4592-b7c2-3d96701e9dba/eeee2c06-989a-45db-bb82-722f1a472ef9.jpeg?h=225&w=225,
303823231,Tesco Chocolate Trifle 3 X 119G,https://www.tesco.com/groceries/en-GB/shop/fresh-food/all?department=Chilled%20Desserts&viewAll=department&page=,£1.70,£0.48/100g,,,/groceries/en-GB/products/303823231,https://digitalcontent.api.tesco.com/v2/media/ghs/a673e7b7-d599-40fb-ab57-0b527da9751b/cac36c4f-61de-4787-bcbc-3df8a63d07c1.jpeg?h=225&w=225,
258263068,Tesco Fresh Cream Horns 2 Pack 110G,https://www.tesco.com/groceries/en-GB/shop/fresh-food/all?department=Chilled%20Desserts&viewAll=department&page=,£1.60,£1.46/100g,,,/groceries/en-GB/products/258263068,https://digitalcontent.api.tesco.com/v2/media/ghs/6e986dc5-db9d-4617-9cf3-b91b6c0baddf/20963f7c-7c3b-4333-83f0-8f907f491804.jpeg?h=225&w=225,
300990779,Ms Molly's Fruit Cocktail Trifle 472G,https://www.tesco.com/groceries/en-GB/shop/fresh-food/all?department=Chilled%20Desserts&viewAll=department&page=,£1.17,£0.25/100g,,,/groceries/en-GB/products/300990779,https://digitalcontent.api.tesco.com/v2/media/ghs/cf41c0e6-7292-43f8-b120-429bac575600/def6a558-5eb8-4393-a53f-c7132d473812.jpeg?h=225&w=225,
302355446,Gu Salted Caramel Cheesecake 2X92g,https://www.tesco.com/groceries/en-GB/shop/fresh-food/all?department=Chilled%20Desserts&viewAll=department&page=,£3.75,£2.04/100g,,,/groceries/en-GB/products/302355446,https://digitalcontent.api.tesco.com/v2/media/ghs/2838a5c0-98ee-47d4-9414-415160430090/9144132a-feed-428b-a3c9-8fd80723b899.jpeg?h=225&w=225,
257305048,Gu Lemon Cheesecake 2X90g,https://www.tesco.com/groceries/en-GB/shop/fresh-food/all?department=Chilled%20Desserts&viewAll=department&page=,£3.75,£2.09/100g,,,/groceries/en-GB/products/257305048,https://digitalcontent.api.tesco.com/v2/media/ghs/e2760295-de96-450f-8be3-8a6940920bd1/504d7ce1-fbb6-457a-80fd-e99fe5ed59b0.jpeg?h=225&w=225,
280738200,Gu-Zillionaire Cheesecake 2X91.5G,https://www.tesco.com/groceries/en-GB/shop/fresh-food/all?department=Chilled%20Desserts&viewAll=department&page=,£3.75,£2.05/100g,,,/groceries/en-GB/products/280738200,https://digitalcontent.api.tesco.com/v2/media/ghs/b298e144-5353-49f4-ad26-7ec1482693cd/511fc0e1-e3e1-4f2f-93a9-741071483d25.jpeg?h=225&w=225,
293624597,Coconut Collaborative Little Chocolate Pots Dairy Free 4X45g,https://www.tesco.com/groceries/en-GB/shop/fresh-food/all?department=Chilled%20Desserts&viewAll=department&page=,£2.75,£1.53/100g,,,/groceries/en-GB/products/293624597,https://digitalcontent.api.tesco.com/v2/media/ghs/d1002e85-60c8-4540-ab8d-c62cc80637f5/5895268e-fa49-4d12-aa69-57e4b70ac879_1178309194.jpeg?h=225&w=225,
299936161,Tesco Chocolate Profiterole 12 Stack,https://www.tesco.com/groceries/en-GB/shop/fresh-food/all?department=Chilled%20Desserts&viewAll=department&page=,£3.50,£0.29/each,,,/groceries/en-GB/products/299936161,https://digitalcontent.api.tesco.com/v2/media/ghs/9c9a3439-bd57-4330-b7a9-94d1bb2d94da/e6bfadf2-debc-40e7-b49c-e3d620226b78.jpeg?h=225&w=225,
272407558,Abra Ca Debora 6 Sweet Pancakes 375G,https://www.tesco.com/groceries/en-GB/shop/fresh-food/all?department=Chilled%20Desserts&viewAll=department&page=,£2.30,£0.61/100g,,,/groceries/en-GB/products/272407558,https://digitalcontent.api.tesco.com/v2/media/ghs/3ead10f3-ab7f-481d-8f77-0b693659c96f/bc7b963c-11d6-4e68-a2f6-6e2dc3a87c81_837694731.jpeg?h=225&w=225,
253922368,Tesco Family Tiramisu 500G,https://www.tesco.com/groceries/en-GB/shop/fresh-food/all?department=Chilled%20Desserts&viewAll=department&page=,£3.00,£0.60/100g,,,/groceries/en-GB/products/253922368,https://digitalcontent.api.tesco.com/v2/media/ghs/9a4661ce-07f7-4b5b-a369-c3c04e1d9b99/e59d3989-3620-4865-9f8d-7c7924381351.jpeg?h=225&w=225,
307136220,Tesco Apple Crumble 500G,https://www.tesco.com/groceries/en-GB/shop/fresh-food/all?department=Chilled%20Desserts&viewAll=department&page=,£3.50,£0.70/100g,,,/groceries/en-GB/products/307136220,https://digitalcontent.api.tesco.com/v2/media/ghs/2568397f-514e-4564-8436-8a5867b2d340/00bcc1a4-087d-43bc-bd85-675fd1833d0c.jpeg?h=225&w=225,
265949520,Tesco Caramel Panna Cotta 2X120g,https://www.tesco.com/groceries/en-GB/shop/fresh-food/all?department=Chilled%20Desserts&viewAll=department&page=,£2.00,£0.83/100g,,,/groceries/en-GB/products/265949520,https://digitalcontent.api.tesco.com/v2/media/ghs/1c456bc6-2cad-4fda-85bf-9bc69b6f6006/c43af631-9c62-4b82-8bc1-bc5d9a4729d1.jpeg?h=225&w=225,
254735283,Tesco Rhubarb Pie Each,https://www.tesco.com/groceries/en-GB/shop/fresh-food/all?department=Chilled%20Desserts&viewAll=department&page=,£1.50,£1.50/each,,,/groceries/en-GB/products/254735283,https://digitalcontent.api.tesco.com/v2/media/ghs/401b0e98-2f81-4057-989c-3d27772a281d/5a63bf0e-0144-4c36-87d5-01513ad7ec35.jpeg?h=225&w=225,
267018676,Tesco Apple Lattice Pie 500G,https://www.tesco.com/groceries/en-GB/shop/fresh-food/all?department=Chilled%20Desserts&viewAll=department&page=,£2.95,£0.59/100g,,,/groceries/en-GB/products/267018676,https://digitalcontent.api.tesco.com/v2/media/ghs/70f41aee-4148-4231-b3b5-288a3f37c8ea/e8b06585-f957-4d62-83e1-f24f83f9ce19.jpeg?h=225&w=225,
277302334,Tesco Lemon Cheesecake 3X100g,https://www.tesco.com/groceries/en-GB/shop/fresh-food/all?department=Chilled%20Desserts&viewAll=department&page=,£2.05,£0.68/100g,,,/groceries/en-GB/products/277302334,https://digitalcontent.api.tesco.com/v2/media/ghs/1544cd30-8f0b-4a89-ae38-75f7da8e4d8f/a2a51503-d716-4371-acb8-f796f31ad780.jpeg?h=225&w=225,
256270878,Tesco Creme Brulee 2X96g,https://www.tesco.com/groceries/en-GB/shop/fresh-food/all?department=Chilled%20Desserts&viewAll=department&page=,£2.00,£1.05/100g,,,/groceries/en-GB/products/256270878,https://digitalcontent.api.tesco.com/v2/media/ghs/35242329-3045-4d38-a38d-aa846aef1864/e655e146-da2b-44a2-95de-2c2da5a2f155.jpeg?h=225&w=225,
297657822,Tesco 2 Jam Sponge Puddings 220G,https://www.tesco.com/groceries/en-GB/shop/fresh-food/all?department=Chilled%20Desserts&viewAll=department&page=,£2.20,£1.00/100g,,,/groceries/en-GB/products/297657822,https://digitalcontent.api.tesco.com/v2/media/ghs/65699879-2fdc-4daf-9c95-f3b5f6a40e77/917a97f5-1841-48a6-b7c4-b4ab0954722d.jpeg?h=225&w=225,
302296694,Food Heaven Whipped Spray Cream Vegan 200Ml,https://www.tesco.com/groceries/en-GB/shop/fresh-food/all?department=Chilled%20Desserts&viewAll=department&page=,£2.00,£1.00/100ml,,,/groceries/en-GB/products/302296694,https://digitalcontent.api.tesco.com/v2/media/ghs/cb89a54d-8b51-49a5-8462-6843392c019f/a268292e-1044-447a-a5c6-948d4ee46064_1449234183.jpeg?h=225&w=225,
278609932,Tesco Double Chocolate Chocolate Sundae 200G,https://www.tesco.com/groceries/en-GB/shop/fresh-food/all?department=Chilled%20Desserts&viewAll=department&page=,£1.80,£0.90/100g,,,/groceries/en-GB/products/278609932,https://digitalcontent.api.tesco.com/v2/media/ghs/45c30f1c-286b-44fe-b2dc-0e6224b8b15b/6e5c47fe-e870-4058-9454-1f8744947047.jpeg?h=225&w=225,
265544549,Cadbury Layers Of Joy 2 Pack Chocolate 2X90g,https://www.tesco.com/groceries/en-GB/shop/fresh-food/all?department=Chilled%20Desserts&viewAll=department&page=,£1.50,£0.83/100g,,,/groceries/en-GB/products/265544549,https://digitalcontent.api.tesco.com/v2/media/ghs/a9411e74-bee8-47d1-9f91-bd5a82071915/fa6b4bb0-7300-4fa0-ac7f-df55c9c4b1ef.jpeg?h=225&w=225,
264797493,Tesco Sundae Swirly Toffee 136G,https://www.tesco.com/groceries/en-GB/shop/fresh-food/all?department=Chilled%20Desserts&viewAll=department&page=,£1.35,£0.99/100g,,,/groceries/en-GB/products/264797493,https://digitalcontent.api.tesco.com/v2/media/ghs/3095cf5f-cd94-4c7c-a729-4486f138e074/4796db2c-3739-4f03-a7d8-865bd907a86a.jpeg?h=225&w=225,
309777644,Tesco Finest 2 Sticky Toffee Pudding 260G,https://www.tesco.com/groceries/en-GB/shop/fresh-food/all?department=Chilled%20Desserts&viewAll=department&page=,£3.00,£1.16/100g,"Tesco Finest* Meal Deal for £12 Clubcard Price - Buy 1 Main, 1 Side, 1 Dessert & A Drink",,/groceries/en-GB/products/309777644,https://digitalcontent.api.tesco.com/v2/media/ghs/59eb452d-d3b3-4ac9-a203-cc60cd6ef396/52537550-1c2c-4185-b771-519f589d8aae.jpeg?h=225&w=225,
293789460,Tesco Finest Salted Caramel Mousse 100G,https://www.tesco.com/groceries/en-GB/shop/fresh-food/all?department=Chilled%20Desserts&viewAll=department&page=,£1.00,£1.00/100g,,,/groceries/en-GB/products/293789460,https://digitalcontent.api.tesco.com/v2/media/ghs/25203001-9d87-4cfb-947f-a101147366c5/e6450ee4-5c1d-4dbe-9c51-e5190175ebe4.jpeg?h=225&w=225,
272153454,Lactofree Cream 250Ml,https://www.tesco.com/groceries/en-GB/shop/fresh-food/all?department=Chilled%20Desserts&viewAll=department&page=,£1.60,£0.64/100ml,,,/groceries/en-GB/products/272153454,https://digitalcontent.api.tesco.com/v2/media/ghs/1df0c497-6cf3-4926-9b5d-b21cefc3caac/dee529a3-6715-482a-8bb9-8e8d5b4df3db.jpeg?h=225&w=225,
259208151,Tesco 2 Pack Bread & Butter Pudding 2 X 120G,https://www.tesco.com/groceries/en-GB/shop/fresh-food/all?department=Chilled%20Desserts&viewAll=department&page=,£2.20,£0.92/100g,,,/groceries/en-GB/products/259208151,https://digitalcontent.api.tesco.com/v2/media/ghs/f52ad173-1920-436c-bb8a-b8236a862940/4b0d31d2-1cd3-4daa-b134-d28767ecf7ce.jpeg?h=225&w=225,
311957360,Cadbury Heroes Wispa & Dairy Milk Chocolate Desserts 4X75g,https://www.tesco.com/groceries/en-GB/shop/fresh-food/all?department=Chilled%20Desserts&viewAll=department&page=,£3.00,£1.00/100g,£2.00 Clubcard Price,,/groceries/en-GB/products/311957360,https://digitalcontent.api.tesco.com/v2/media/ghs/91385c3c-88e9-40cb-a023-257a9aeb77d1/90542a40-437d-4df2-a2d9-3cc7db6401c1.jpeg?h=225&w=225,
289708182,Bonne Maman Strawberry Mousse 2 X 70G,https://www.tesco.com/groceries/en-GB/shop/fresh-food/all?department=Chilled%20Desserts&viewAll=department&page=,£1.80,£1.29/100g,£1.40 Clubcard Price,,/groceries/en-GB/products/289708182,https://digitalcontent.api.tesco.com/v2/media/ghs/0a18e8e2-9ad1-47bd-b6fd-6b79f75be773/c61908d7-fc44-43d3-9428-e8544a5d423f.jpeg?h=225&w=225,
296161511,Bonne Maman Salted Caramel Creme 2X90g,https://www.tesco.com/groceries/en-GB/shop/fresh-food/all?department=Chilled%20Desserts&viewAll=department&page=,£1.80,£1.00/100g,£1.40 Clubcard Price,,/groceries/en-GB/products/296161511,https://digitalcontent.api.tesco.com/v2/media/ghs/0995d871-8dcf-4983-a711-633f56664803/96383828-a257-4d19-b653-ca6d52935f06.jpeg?h=225&w=225,
268018483,Tesco 2 Fresh Toffee Cream Meringues 60G,https://www.tesco.com/groceries/en-GB/shop/fresh-food/all?department=Chilled%20Desserts&viewAll=department&page=,£1.40,£2.34/100g,,,/groceries/en-GB/products/268018483,https://digitalcontent.api.tesco.com/v2/media/ghs/4fe1e69c-a9af-4912-b6c7-7ee7da227238/af98f139-5c17-4d49-8749-f27030eb053b.jpeg?h=225&w=225,
307135970,Kinder Milk Slice Milk And Honey 3 X 28G,https://www.tesco.com/groceries/en-GB/shop/fresh-food/all?department=Chilled%20Desserts&viewAll=department&page=,£1.00,£1.20/100g,,,/groceries/en-GB/products/307135970,https://digitalcontent.api.tesco.com/v2/media/ghs/8d614e97-3d12-480a-8a40-c607ef9e5f8e/3d9af043-4220-4205-b34d-775727ffff96.jpeg?h=225&w=225,
254154797,Tesco Raspberry Trifle 600G,https://www.tesco.com/groceries/en-GB/shop/fresh-food/all?department=Chilled%20Desserts&viewAll=department&page=,£2.65,£0.44/100g,,,/groceries/en-GB/products/254154797,https://digitalcontent.api.tesco.com/v2/media/ghs/4c4cac98-f717-4d2d-b421-2c7eedd04470/f4ae5c8e-83d8-4c5b-8517-93137810680c.jpeg?h=225&w=225,
304375724,Tesco Finest Chocolate & Orange Cheesecake Slices 180G,https://www.tesco.com/groceries/en-GB/shop/fresh-food/all?department=Chilled%20Desserts&viewAll=department&page=,£3.15,£1.75/100g,"Tesco Finest* Meal Deal for £12 Clubcard Price - Buy 1 Main, 1 Side, 1 Dessert & A Drink",,/groceries/en-GB/products/304375724,https://digitalcontent.api.tesco.com/v2/media/ghs/9f7671a8-c4bd-419b-b171-6a791c5990d1/27ec2343-317a-4709-8110-1e3b3e1b089f.jpeg?h=225&w=225,
264797527,Tesco Chocolate Brownie Sundae 136G,https://www.tesco.com/groceries/en-GB/shop/fresh-food/all?department=Chilled%20Desserts&viewAll=department&page=,£1.35,£0.99/100g,,,/groceries/en-GB/products/264797527,https://digitalcontent.api.tesco.com/v2/media/ghs/d040b313-dda2-49a0-af9e-670f5344d189/2c2579eb-8f75-4594-9db4-aef880b6beb2.jpeg?h=225&w=225,
304387284,Tesco Finest Raspberry & Cream Cheesecake Slices 180G,https://www.tesco.com/groceries/en-GB/shop/fresh-food/all?department=Chilled%20Desserts&viewAll=department&page=,£3.15,£1.75/100g,"Tesco Finest* Meal Deal for £12 Clubcard Price - Buy 1 Main, 1 Side, 1 Dessert & A Drink",,/groceries/en-GB/products/304387284,https://digitalcontent.api.tesco.com/v2/media/ghs/8d3c273d-499a-4c44-8c27-d420d9ca78d3/2875ac1c-ce46-40c9-9126-fbdd68cee7a7.jpeg?h=225&w=225,
268018496,Tesco Fresh Cream Meringues 2 Pack,https://www.tesco.com/groceries/en-GB/shop/fresh-food/all?department=Chilled%20Desserts&viewAll=department&page=,£1.40,£2.34/100g,,,/groceries/en-GB/products/268018496,https://digitalcontent.api.tesco.com/v2/media/ghs/146183f2-c8ca-4e02-af5a-cd42820048d0/6bac7b40-e287-488c-9430-ee9e6046a2dc.jpeg?h=225&w=225,
311797145,Cadbury Dairy Milk Pots Of Joy Caramel Chocolate Dessert 4 X 60G,https://www.tesco.com/groceries/en-GB/shop/fresh-food/all?department=Chilled%20Desserts&viewAll=department&page=,£2.50,£1.05/100g,£1.50 Clubcard Price,,/groceries/en-GB/products/311797145,https://digitalcontent.api.tesco.com/v2/media/ghs/ce3b8494-652f-4714-971d-e87a17daab4c/4b169e5e-bc53-4a68-b33b-a75b90d1c950.jpeg?h=225&w=225,
312107426,Aero Dark & Milk Mousse 4 X 55G,https://www.tesco.com/groceries/en-GB/shop/fresh-food/all?department=Chilled%20Desserts&viewAll=department&page=,£1.65,£0.75/100g,£1.25 Clubcard Price,,/groceries/en-GB/products/312107426,https://digitalcontent.api.tesco.com/v2/media/ghs/7da9f733-7957-469b-9e6a-9f4b1e46ceda/45862a47-777d-4012-a665-412212f4a647.jpeg?h=225&w=225,
262478806,Tesco Fresh Double Cream 150Ml,https://www.tesco.com/groceries/en-GB/shop/fresh-food/all?department=Chilled%20Desserts&viewAll=department&page=,£0.90,£0.60/100ml,,,/groceries/en-GB/products/262478806,https://digitalcontent.api.tesco.com/v2/media/ghs/101a9fda-efb0-4f62-8b47-279c1ae21898/c9ee11d7-392d-4e2c-b0fb-141d74cf280e.jpeg?h=225&w=225,
311936448,Aero Chocolate Caramel Mousse 4 X 58G,https://www.tesco.com/groceries/en-GB/shop/fresh-food/all?department=Chilled%20Desserts&viewAll=department&page=,£1.65,£0.71/100g,£1.25 Clubcard Price,,/groceries/en-GB/products/311936448,https://digitalcontent.api.tesco.com/v2/media/ghs/5f982963-7ae3-4d36-a4bc-0dc2f3fef44d/9a6035af-423b-4552-b2e0-d132a72b199f.jpeg?h=225&w=225,
285421181,Yeo Valley 0% Creme Fraiche 200G,https://www.tesco.com/groceries/en-GB/shop/fresh-food/all?department=Chilled%20Desserts&viewAll=department&page=,£1.30,£0.65/100g,95p Clubcard Price,,/groceries/en-GB/products/285421181,https://digitalcontent.api.tesco.com/v2/media/ghs/ebb2b04b-a68a-46bc-9b3e-bc8b7a70abe5/d5afdaec-f6ca-48bc-bcf7-ef16d5e10a4a.jpeg?h=225&w=225,
297297412,Tesco Fresh Cream Strawberry Victoria Sponge 360G,https://www.tesco.com/groceries/en-GB/shop/fresh-food/all?department=Chilled%20Desserts&viewAll=department&page=,£2.95,£0.82/100g,,,/groceries/en-GB/products/297297412,https://digitalcontent.api.tesco.com/v2/media/ghs/ea92cb7b-0463-471e-9997-3c6e9f69d9d3/759fc3e2-5455-400a-86a1-a2623fe49a9b.jpeg?h=225&w=225,
253552538,Tesco 2 Fresh Cream Raspberry Turnovers 148G,https://www.tesco.com/groceries/en-GB/shop/fresh-food/all?department=Chilled%20Desserts&viewAll=department&page=,£1.60,£1.09/100g,,,/groceries/en-GB/products/253552538,https://digitalcontent.api.tesco.com/v2/media/ghs/7fbd09a8-8bb9-4245-aa28-70032d39b162/c51b43e0-158e-438d-88d6-7ecdeb2f4b04.jpeg?h=225&w=225,
307160609,Tesco 2 Strawberry Jam & Cream Scones,https://www.tesco.com/groceries/en-GB/shop/fresh-food/all?department=Chilled%20Desserts&viewAll=department&page=,£1.45,£0.72/each,,,/groceries/en-GB/products/307160609,https://digitalcontent.api.tesco.com/v2/media/ghs/72a0cfa4-0cb3-4c3f-a101-bb8961112c34/65e7f586-fce9-4def-8da7-aa74e4acc765.jpeg?h=225&w=225,
310114714,Gu Double Chocolate & Vanilla Cheesecake Desserts 2X82g,https://www.tesco.com/groceries/en-GB/shop/fresh-food/all?department=Chilled%20Desserts&viewAll=department&page=,£3.75,£2.29/100g,,,/groceries/en-GB/products/310114714,https://digitalcontent.api.tesco.com/v2/media/ghs/9ab36efd-f110-4985-bcfe-16b57e3c13df/bf037e8b-c2dc-4fd3-a2dd-7ff6f2e9b66f.jpeg?h=225&w=225,
285379363,Abra Ca Debora 6 Plain Pancakes 375G,https://www.tesco.com/groceries/en-GB/shop/fresh-food/all?department=Chilled%20Desserts&viewAll=department&page=,£2.30,£0.61/100g,,,/groceries/en-GB/products/285379363,https://digitalcontent.api.tesco.com/v2/media/ghs/2a7a917e-486f-44d6-b39e-587236dae62e/bdcd0ff2-d2dd-44d1-ab59-0f9ed83cae69.jpeg?h=225&w=225,
311432301,Tesco Finest Coffee & Amaretto Tiramisu 400G,https://www.tesco.com/groceries/en-GB/shop/fresh-food/all?department=Chilled%20Desserts&viewAll=department&page=,£4.00,£1.00/100g,£3.25 Clubcard Price,,/groceries/en-GB/products/311432301,https://digitalcontent.api.tesco.com/v2/media/ghs/a3bc3961-bce8-4b46-9395-e7c76da29b11/362255e4-92a6-49f3-bd3b-7a4d429e9210.jpeg?h=225&w=225,
312851080,English Cheesecake Company Ltd Vanilla Cheesecake With Lotus Biscoff 214G,https://www.tesco.com/groceries/en-GB/shop/fresh-food/all?department=Chilled%20Desserts&viewAll=department&page=,£3.50,£1.64/100g,,,/groceries/en-GB/products/312851080,https://digitalcontent.api.tesco.com/v2/media/ghs/6787e6a6-6448-481c-a8cd-9284901b7196/32a378fd-ba2f-42e7-a0d0-1b08cc80b270.jpeg?h=225&w=225,
297539133,Gu Cheesecake Key Lime Pie (2X78g),https://www.tesco.com/groceries/en-GB/shop/fresh-food/all?department=Chilled%20Desserts&viewAll=department&page=,£3.75,£2.41/100g,,,/groceries/en-GB/products/297539133,https://digitalcontent.api.tesco.com/v2/media/ghs/a3fa4220-54df-4fc0-adec-ac8814ea2690/fbf7d766-7e8a-4b09-8e98-a8268bb41e05.jpeg?h=225&w=225,
311946125,Gu Tiramisu Dessert 2X85g,https://www.tesco.com/groceries/en-GB/shop/fresh-food/all?department=Chilled%20Desserts&viewAll=department&page=,£3.50,£2.06/100g,,,/groceries/en-GB/products/311946125,https://digitalcontent.api.tesco.com/v2/media/ghs/599e4eb8-1ab5-4ba4-bc80-5d176c9deb74/ded3c74e-283c-4e69-83a0-3bb1fe2c294e.jpeg?h=225&w=225,
295374203,Tesco Lemon Cheesecake 540G,https://www.tesco.com/groceries/en-GB/shop/fresh-food/all?department=Chilled%20Desserts&viewAll=department&page=,£3.90,£0.72/100g,£3.40 Clubcard Price,,/groceries/en-GB/products/295374203,https://digitalcontent.api.tesco.com/v2/media/ghs/ccdc2b33-3dfb-4a6a-8a48-acbbfcf3d345/5e885483-9250-425f-82a2-63032e94ee5b.jpeg?h=225&w=225,
295374226,Tesco Raspberry Cheesecake 540G,https://www.tesco.com/groceries/en-GB/shop/fresh-food/all?department=Chilled%20Desserts&viewAll=department&page=,£3.90,£0.72/100g,,,/groceries/en-GB/products/295374226,https://digitalcontent.api.tesco.com/v2/media/ghs/dc74bffc-325e-4fe1-b636-16256841f45c/2701bd69-90dd-409a-9ec0-ba869e4fb9c2.jpeg?h=225&w=225,
306659609,Gu Strawberry & Clotted Cream Cheesecake 2X87g,https://www.tesco.com/groceries/en-GB/shop/fresh-food/all?department=Chilled%20Desserts&viewAll=department&page=,£3.75,£2.16/100g,,,/groceries/en-GB/products/306659609,https://digitalcontent.api.tesco.com/v2/media/ghs/35d0085c-ba5e-4450-a597-56af8231a3cf/52c540ac-5677-4db4-87ec-7ebf714688d0.jpeg?h=225&w=225,
256727658,Tesco Fresh Custard 500G,https://www.tesco.com/groceries/en-GB/shop/fresh-food/all?department=Chilled%20Desserts&viewAll=department&page=,£2.05,£0.41/100g,,,/groceries/en-GB/products/256727658,https://digitalcontent.api.tesco.com/v2/media/ghs/9ee4d2b2-9544-4402-8935-740f2b9167e3/e03de97e-e60c-4ec7-8010-c7384680b5b7.jpeg?h=225&w=225,
299775356,Tesco Millionaires Cheesecake 3 X 100G,https://www.tesco.com/groceries/en-GB/shop/fresh-food/all?department=Chilled%20Desserts&viewAll=department&page=,£2.05,£0.68/100g,,,/groceries/en-GB/products/299775356,https://digitalcontent.api.tesco.com/v2/media/ghs/3ad43256-c7b8-433e-a4e4-587abfb66891/e3ba090d-27e6-437b-9420-fdf61bcdabbf.jpeg?h=225&w=225,
311783864,Gu Cherry Panna Cotta Dessert 2X90g,https://www.tesco.com/groceries/en-GB/shop/fresh-food/all?department=Chilled%20Desserts&viewAll=department&page=,£3.75,£2.09/100g,,,/groceries/en-GB/products/311783864,https://digitalcontent.api.tesco.com/v2/media/ghs/7a2fb0ff-8226-4d08-9bed-65cb911840d5/cf470d6d-6cef-41fa-a433-f9929debf8f9.jpeg?h=225&w=225,
308861429,Abra-Ca-Debora Buttermilk Pancakes 240G,https://www.tesco.com/groceries/en-GB/shop/fresh-food/all?department=Chilled%20Desserts&viewAll=department&page=,£2.30,£0.96/100g,,,/groceries/en-GB/products/308861429,https://digitalcontent.api.tesco.com/v2/media/ghs/ae7a8d56-4232-41ac-a2c1-244c6818f1ef/37f8a0ec-bb0f-4b2e-89d6-2ba6baae2344.jpeg?h=225&w=225,
297297350,Tesco 2 Creamy Rice Puddings 2 X 173G,https://www.tesco.com/groceries/en-GB/shop/fresh-food/all?department=Chilled%20Desserts&viewAll=department&page=,£2.20,£0.64/100g,,,/groceries/en-GB/products/297297350,https://digitalcontent.api.tesco.com/v2/media/ghs/694ea439-c947-43d1-8ea1-c6296fec129a/53bb6a15-5a2b-42c1-b3c1-4b1477537f88.jpeg?h=225&w=225,
295373924,Tesco 2 Raspberry Cheesecake Slices 180G,https://www.tesco.com/groceries/en-GB/shop/fresh-food/all?department=Chilled%20Desserts&viewAll=department&page=,£2.40,£1.34/100g,,,/groceries/en-GB/products/295373924,https://digitalcontent.api.tesco.com/v2/media/ghs/d37aec30-da11-4318-93bc-5a01d6cb61b9/b0e98586-e73a-4227-954b-4b1aced5554f.jpeg?h=225&w=225,
308845456,Gu Inspirations Chocolate & Honeycomb Desserts 2X86.5G,https://www.tesco.com/groceries/en-GB/shop/fresh-food/all?department=Chilled%20Desserts&viewAll=department&page=,£3.75,£2.17/100g,£2.75 Clubcard Price,,/groceries/en-GB/products/308845456,https://digitalcontent.api.tesco.com/v2/media/ghs/8fdd7e26-2e5f-42be-8ad7-f5a6741b4111/524711c2-9a58-4af6-92f0-a5da779fe2df.jpeg?h=225&w=225,
307741160,Alpro Double Choc Mousse Dessert 2X70g,https://www.tesco.com/groceries/en-GB/shop/fresh-food/all?department=Chilled%20Desserts&viewAll=department&page=,£2.20,£1.58/100g,,,/groceries/en-GB/products/307741160,https://digitalcontent.api.tesco.com/v2/media/ghs/ae304a4c-5ee8-487e-938c-85e1c574702c/e349bbd1-cb75-4de7-8583-233eb9a900c8.jpeg?h=225&w=225,
294303889,Oreo Spilt Pot Yogurt Dessert 4X120g,https://www.tesco.com/groceries/en-GB/shop/fresh-food/all?department=Chilled%20Desserts&viewAll=department&page=,£2.50,£0.52/100g,,,/groceries/en-GB/products/294303889,https://digitalcontent.api.tesco.com/v2/media/ghs/26f8b6f4-b331-47ff-8d65-ebab1765acc2/120b24eb-de70-4420-820b-c27997f1f31c.jpeg?h=225&w=225,
267153703,Tesco 2 Rhubarb Crumbles 270G,https://www.tesco.com/groceries/en-GB/shop/fresh-food/all?department=Chilled%20Desserts&viewAll=department&page=,£2.20,£0.82/100g,,,/groceries/en-GB/products/267153703,https://digitalcontent.api.tesco.com/v2/media/ghs/a4d6d099-b99c-4432-b4aa-badc5f0a91f8/8d81bb8e-7786-4bbc-919c-793a174de25d.jpeg?h=225&w=225,
295374140,Tesco Vanilla Cheesecake 540G,https://www.tesco.com/groceries/en-GB/shop/fresh-food/all?department=Chilled%20Desserts&viewAll=department&page=,£3.90,£0.72/100g,£3.40 Clubcard Price,,/groceries/en-GB/products/295374140,https://digitalcontent.api.tesco.com/v2/media/ghs/f38f9e1a-7ead-4dbb-8a23-1464569eaff9/0c05c0c2-3fba-41b4-bb73-61cd1db545d4.jpeg?h=225&w=225,
277201119,Gu Chocolate Melting Middles 2X100g,https://www.tesco.com/groceries/en-GB/shop/fresh-food/all?department=Chilled%20Desserts&viewAll=department&page=,£3.50,£1.75/100g,£2.50 Clubcard Price,,/groceries/en-GB/products/277201119,https://digitalcontent.api.tesco.com/v2/media/ghs/c93c73f4-9024-4c50-953b-5704b7b7799e/9188e1b9-1421-4de5-8234-de83f2988ecf.jpeg?h=225&w=225,
285693742,Bonne Maman Creme Brulee 2X100g,https://www.tesco.com/groceries/en-GB/shop/fresh-food/all?department=Chilled%20Desserts&viewAll=department&page=,£2.70,£1.35/100g,£2.40 Clubcard Price,,/groceries/en-GB/products/285693742,https://digitalcontent.api.tesco.com/v2/media/ghs/f2dbe359-1e65-44f1-ab80-0ac18b328304/1ed85946-5f3b-4fdd-aefb-1a553fecd24d.jpeg?h=225&w=225,
297005857,Tesco Super Rocky Road Sundae 200G,https://www.tesco.com/groceries/en-GB/shop/fresh-food/all?department=Chilled%20Desserts&viewAll=department&page=,£1.80,£0.90/100g,,,/groceries/en-GB/products/297005857,https://digitalcontent.api.tesco.com/v2/media/ghs/7ed82fb1-ff50-4afa-9644-e2c2b08f64fb/c93bd8af-3978-4329-917e-1daaac1d4179.jpeg?h=225&w=225,
299947142,Tesco Spotted Dick Puddings 210G,https://www.tesco.com/groceries/en-GB/shop/fresh-food/all?department=Chilled%20Desserts&viewAll=department&page=,£2.20,£1.05/100g,,,/groceries/en-GB/products/299947142,https://digitalcontent.api.tesco.com/v2/media/ghs/1a1bd948-6b91-4ec1-8d67-e965b1dfe0f8/c976d955-d98f-4438-94eb-233d9feb24a3.jpeg?h=225&w=225,
276372021,Tesco Free From Italian Style Coffee Dessert 2X90g,https://www.tesco.com/groceries/en-GB/shop/fresh-food/all?department=Chilled%20Desserts&viewAll=department&page=,£1.90,£1.06/100g,,,/groceries/en-GB/products/276372021,https://digitalcontent.api.tesco.com/v2/media/ghs/b7bfbe52-48d2-433b-93e2-bd66eaf26d87/fdf8fba4-d4a3-4dde-8c22-5c01336b1d80.jpeg?h=225&w=225,
285385424,Tesco Jam Roly Poly 460G,https://www.tesco.com/groceries/en-GB/shop/fresh-food/all?department=Chilled%20Desserts&viewAll=department&page=,£3.20,£0.70/100g,,,/groceries/en-GB/products/285385424,https://digitalcontent.api.tesco.com/v2/media/ghs/3a68b5a7-0152-45ca-a90b-af80aa122e9c/b8a387fa-da02-49bd-bb8a-dbdba0864398.jpeg?h=225&w=225,
259160159,Alpro Soya Single Chilled Soya Alternative To Cream 250Ml,https://www.tesco.com/groceries/en-GB/shop/fresh-food/all?department=Chilled%20Desserts&viewAll=department&page=,£1.15,£0.46/100ml,,,/groceries/en-GB/products/259160159,https://digitalcontent.api.tesco.com/v2/media/ghs/8ab166cd-de5f-47c0-9c6c-a147330a2d42/f2ac56a4-ebab-43e8-9c03-5cc41bf8d704.jpeg?h=225&w=225,
310190311,Delicious Desserts Sticky Toffee Eclair 2Pack,https://www.tesco.com/groceries/en-GB/shop/fresh-food/all?department=Chilled%20Desserts&viewAll=department&page=,£2.00,£1.00/each,,,/groceries/en-GB/products/310190311,https://digitalcontent.api.tesco.com/v2/media/ghs/39f1dedf-25be-482d-b024-3aea1dd2a9ed/b285391d-3cb4-438a-8c5c-5fc5d3a90cc3.jpeg?h=225&w=225,
311781169,Bonne Maman Clementine Mousse 2X70g,https://www.tesco.com/groceries/en-GB/shop/fresh-food/all?department=Chilled%20Desserts&viewAll=department&page=,£1.80,£1.29/100g,£1.40 Clubcard Price,,/groceries/en-GB/products/311781169,https://digitalcontent.api.tesco.com/v2/media/ghs/24e71e45-e291-4df8-9de9-07ab89d923a9/b4db7914-1a42-4201-9d10-9759aab6647b.jpeg?h=225&w=225,
283088088,Tesco Millionaires Shortcake Sundae 130G,https://www.tesco.com/groceries/en-GB/shop/fresh-food/all?department=Chilled%20Desserts&viewAll=department&page=,£1.35,£1.04/100g,,,/groceries/en-GB/products/283088088,https://digitalcontent.api.tesco.com/v2/media/ghs/3fd4bddb-17c6-4328-8640-c2f8be54d6d1/6e337752-18c7-457d-9ceb-c4389ba5d528.jpeg?h=225&w=225,
293836640,Oatly Vanilla Custard 250Ml,https://www.tesco.com/groceries/en-GB/shop/fresh-food/all?department=Chilled%20Desserts&viewAll=department&page=,£1.20,£0.48/100ml,,,/groceries/en-GB/products/293836640,https://digitalcontent.api.tesco.com/v2/media/ghs/5abb56ab-e612-4612-83f3-2b2202179bd3/c63457a4-6f7e-4e54-abcf-85cb0994e350_2127485981.jpeg?h=225&w=225,
298005775,Tesco Trifle Chocolate 500G,https://www.tesco.com/groceries/en-GB/shop/fresh-food/all?department=Chilled%20Desserts&viewAll=department&page=,£2.65,£0.53/100g,,,/groceries/en-GB/products/298005775,https://digitalcontent.api.tesco.com/v2/media/ghs/32f11d21-7f71-4917-aadd-3e55ba0b09b4/e4050fb6-d819-43d3-b898-ef212c5464de.jpeg?h=225&w=225,
274378864,Tesco Raspberry Jelly 2 X 140G,https://www.tesco.com/groceries/en-GB/shop/fresh-food/all?department=Chilled%20Desserts&viewAll=department&page=,£1.30,£0.46/100g,,,/groceries/en-GB/products/274378864,https://digitalcontent.api.tesco.com/v2/media/ghs/54c7ffec-35e4-4be7-9994-4b742882b770/595b3cd6-f3d5-423e-9832-7b1c258d2d45.jpeg?h=225&w=225,
305956829,The Pizza Company Cookie Dough Dessert 300G,https://www.tesco.com/groceries/en-GB/shop/fresh-food/all?department=Chilled%20Desserts&viewAll=department&page=,£3.00,£1.00/100g,"The Pizza Company Meal Deal for £6 Clubcard Price - Buy 1 Pizza, 1 Side & 1 Dips Stacker",,/groceries/en-GB/products/305956829,https://digitalcontent.api.tesco.com/v2/media/ghs/01f3367a-14fe-4b01-a256-a75c13b7fc28/0c418d34-6748-4129-91e6-c0e9c768ce29.jpeg?h=225&w=225,
312210332,Tesco Rhubarb Crumble 500G,https://www.tesco.com/groceries/en-GB/shop/fresh-food/all?department=Chilled%20Desserts&viewAll=department&page=,£3.50,£0.70/100g,,New,/groceries/en-GB/products/312210332,https://digitalcontent.api.tesco.com/v2/media/ghs/30f870ac-132a-4feb-a18b-86ded076fcd3/6879a53a-0aee-44a1-9f74-06121ae024e7.jpeg?h=225&w=225,
292727834,Pots & Co Little Pots Of 70% Chocolate 4X50g,https://www.tesco.com/groceries/en-GB/shop/fresh-food/all?department=Chilled%20Desserts&viewAll=department&page=,£3.25,£1.63/100g,,,/groceries/en-GB/products/292727834,https://digitalcontent.api.tesco.com/v2/media/ghs/e45d655c-0ae2-4d6c-af01-b42442b11a49/bead8623-9e4a-4e48-92de-7ca56d272a1d.jpeg?h=225&w=225,
277809714,Tesco Lemon Meringue Pie 520G,https://www.tesco.com/groceries/en-GB/shop/fresh-food/all?department=Chilled%20Desserts&viewAll=department&page=,£3.50,£0.67/100g,,,/groceries/en-GB/products/277809714,https://digitalcontent.api.tesco.com/v2/media/ghs/e3233458-eb16-439c-be19-ad18a4914302/b02de9d0-c081-4a25-bb00-7f9e8d07a847.jpeg?h=225&w=225,
311273794,Gu Double Caramel Creme Dessert 2X82g,https://www.tesco.com/groceries/en-GB/shop/fresh-food/all?department=Chilled%20Desserts&viewAll=department&page=,£3.75,£2.29/100g,,,/groceries/en-GB/products/311273794,https://digitalcontent.api.tesco.com/v2/media/ghs/11df85b5-5882-4fc4-9bf1-1fccb511b70a/322fff69-c241-4c70-b609-d02128ac94f2.jpeg?h=225&w=225,
299919959,Tesco Finest 2 Belgian Chocolate Truffle Cheesecakes 180G,https://www.tesco.com/groceries/en-GB/shop/fresh-food/all?department=Chilled%20Desserts&viewAll=department&page=,£3.25,£1.81/100g,,,/groceries/en-GB/products/299919959,https://digitalcontent.api.tesco.com/v2/media/ghs/6d5a1de9-2cc6-4186-bd73-ed2de6087c07/361f5616-c484-47a0-8d70-f5c3b9a8108b.jpeg?h=225&w=225,
307140842,Tesco Finest Billionaires Cheesecake 500G,https://www.tesco.com/groceries/en-GB/shop/fresh-food/all?department=Chilled%20Desserts&viewAll=department&page=,£4.20,£0.84/100g,,,/groceries/en-GB/products/307140842,https://digitalcontent.api.tesco.com/v2/media/ghs/ebb5e0b4-d941-451a-aa4e-75a946344438/f4db7e2b-4675-4fc9-8705-c296e2737c0a.jpeg?h=225&w=225,
306804710,Gu Dark Chocolate Mousse & Salted Caramel 2X70g,https://www.tesco.com/groceries/en-GB/shop/fresh-food/all?department=Chilled%20Desserts&viewAll=department&page=,£3.75,£2.68/100g,,,/groceries/en-GB/products/306804710,https://digitalcontent.api.tesco.com/v2/media/ghs/122d8566-b29f-47e7-aeac-df80a5ea1889/7e485046-b2a9-4912-8eda-563dec41ba1f.jpeg?h=225&w=225,
308111759,Gu Free From Lemon Cheesecakes 2X92g,https://www.tesco.com/groceries/en-GB/shop/fresh-food/all?department=Chilled%20Desserts&viewAll=department&page=,£3.85,£2.10/100g,,,/groceries/en-GB/products/308111759,https://digitalcontent.api.tesco.com/v2/media/ghs/940914ed-5ae5-4465-a849-caa15281b270/46a84711-7f3b-44c8-b08b-47c81bd0ac95.jpeg?h=225&w=225,
299948135,Tesco Finest Madagascan Vanilla Cheesecake 540G,https://www.tesco.com/groceries/en-GB/shop/fresh-food/all?department=Chilled%20Desserts&viewAll=department&page=,£4.20,£0.78/100g,,,/groceries/en-GB/products/299948135,https://digitalcontent.api.tesco.com/v2/media/ghs/b3e5cb22-6481-4a78-a7ab-94feac44f538/25be4174-c949-4f19-9a2e-2f19ba910f2c.jpeg?h=225&w=225,
306649450,Gu Free From Salted Caramel Cheesecake 2 X 83G,https://www.tesco.com/groceries/en-GB/shop/fresh-food/all?department=Chilled%20Desserts&viewAll=department&page=,£3.85,£2.32/100g,,,/groceries/en-GB/products/306649450,https://digitalcontent.api.tesco.com/v2/media/ghs/b3da3ea4-91de-45b9-9c0a-fc36b90b49d5/d1952441-7571-46f3-89d0-831042eb24e0.jpeg?h=225&w=225,
285416487,Gu Puddings Salted Caramel Melting Middle 2X95g,https://www.tesco.com/groceries/en-GB/shop/fresh-food/all?department=Chilled%20Desserts&viewAll=department&page=,£3.50,£1.85/100g,£2.50 Clubcard Price,,/groceries/en-GB/products/285416487,https://digitalcontent.api.tesco.com/v2/media/ghs/0e39f79c-1b6f-49f8-b71b-c47aa8ee38b4/ebd90752-91b7-4b1e-8a5f-0b5c9f945c2a.jpeg?h=225&w=225,
305437839,Tesco Chocolate Cheesecake 540G,https://www.tesco.com/groceries/en-GB/shop/fresh-food/all?department=Chilled%20Desserts&viewAll=department&page=,£3.90,£0.72/100g,£3.40 Clubcard Price,,/groceries/en-GB/products/305437839,https://digitalcontent.api.tesco.com/v2/media/ghs/2466319b-4ecf-4c56-9cee-4bdc6e2651aa/85995135-3baf-4356-a9d0-412a43020166.jpeg?h=225&w=225,
293789263,Tesco Raspberry Bakewell Tart 380G,https://www.tesco.com/groceries/en-GB/shop/fresh-food/all?department=Chilled%20Desserts&viewAll=department&page=,£3.55,£0.94/100g,,,/groceries/en-GB/products/293789263,https://digitalcontent.api.tesco.com/v2/media/ghs/9ccfc289-5d64-4434-93f9-9a82ee58973f/bf67f191-b6b8-4aa7-9397-7d8ab54844c8.jpeg?h=225&w=225,
285693848,Bonne Maman Baba Rhum 2X 140G,https://www.tesco.com/groceries/en-GB/shop/fresh-food/all?department=Chilled%20Desserts&viewAll=department&page=,£2.90,£1.04/100g,,,/groceries/en-GB/products/285693848,https://digitalcontent.api.tesco.com/v2/media/ghs/a973b220-4a61-459e-8791-7c90a942f7fc/8395b7e9-f180-479e-805e-bd91e3ae8e7e.jpeg?h=225&w=225,
308477367,Tesco Finest 2 Lemon Meringue Cheesecake Slices 180G,https://www.tesco.com/groceries/en-GB/shop/fresh-food/all?department=Chilled%20Desserts&viewAll=department&page=,£3.25,£1.81/100g,,,/groceries/en-GB/products/308477367,https://digitalcontent.api.tesco.com/v2/media/ghs/9c10b318-b0a9-4d84-8581-03c5aed87f7d/b168942f-0465-4789-9f75-3473593e5d1b.jpeg?h=225&w=225,
308866287,Gu Inspirations Red Velvet Dessert 2X82g,https://www.tesco.com/groceries/en-GB/shop/fresh-food/all?department=Chilled%20Desserts&viewAll=department&page=,£3.75,£2.29/100g,£2.75 Clubcard Price,,/groceries/en-GB/products/308866287,https://digitalcontent.api.tesco.com/v2/media/ghs/d42af0f4-f28d-4feb-b3d5-6e3478ae0c9d/83acc726-7dc2-4425-b550-828573d55f35.jpeg?h=225&w=225,
312576365,Gu Inspirations Brookie Desserts 2 X 80G,https://www.tesco.com/groceries/en-GB/shop/fresh-food/all?department=Chilled%20Desserts&viewAll=department&page=,£3.75,£2.35/100g,£2.75 Clubcard Price,,/groceries/en-GB/products/312576365,https://digitalcontent.api.tesco.com/v2/media/ghs/e7121583-94cf-4a69-ae4e-9f0b5e634a16/6d1d27eb-c72f-4250-b9b9-c423fb530ff5.jpeg?h=225&w=225,
299948331,Tesco Finest Cheesecake Passion Fruit & Raspberry 540G,https://www.tesco.com/groceries/en-GB/shop/fresh-food/all?department=Chilled%20Desserts&viewAll=department&page=,£4.20,£0.78/100g,,,/groceries/en-GB/products/299948331,https://digitalcontent.api.tesco.com/v2/media/ghs/8bd5f403-aa41-4b0c-ae23-8c322e609727/691efd4b-c7d2-4503-8275-bf9171a13cae.jpeg?h=225&w=225,
312836536,English Cheesecake Company Ltd Lemon & Mascarpone Cheesecake 214G,https://www.tesco.com/groceries/en-GB/shop/fresh-food/all?department=Chilled%20Desserts&viewAll=department&page=,£3.50,£1.64/100g,,,/groceries/en-GB/products/312836536,https://digitalcontent.api.tesco.com/v2/media/ghs/37967913-ff24-4390-9aa7-f29ac3d0917f/993cfd16-242c-41a3-8dff-a9f6d73c602f.jpeg?h=225&w=225,
285379501,Abra Ca Debora Diddy Pancakes 200G,https://www.tesco.com/groceries/en-GB/shop/fresh-food/all?department=Chilled%20Desserts&viewAll=department&page=,£2.05,£1.03/100g,,,/groceries/en-GB/products/285379501,https://digitalcontent.api.tesco.com/v2/media/ghs/e9b9dc62-e06b-4bd9-a2d8-6851307d0b57/960f8318-a2e8-47bd-8894-f7a068144b86.jpeg?h=225&w=225,
308832333,Tesco Loaded Triple Chocolate Brownie 380G,https://www.tesco.com/groceries/en-GB/shop/fresh-food/all?department=Chilled%20Desserts&viewAll=department&page=,£3.50,£0.92/100g,,,/groceries/en-GB/products/308832333,https://digitalcontent.api.tesco.com/v2/media/ghs/f016eddd-fdaf-464a-8a4c-f8cdc248f025/51704436-a767-4866-96d2-72b51145a838.jpeg?h=225&w=225,
308477217,Tesco Loaded Caramel & Honeycomb Cookie Dough 305G,https://www.tesco.com/groceries/en-GB/shop/fresh-food/all?department=Chilled%20Desserts&viewAll=department&page=,£3.50,£1.15/100g,,,/groceries/en-GB/products/308477217,https://digitalcontent.api.tesco.com/v2/media/ghs/43ea59f4-655f-44df-830f-d3db1677b790/ef52798a-b1ff-4143-aae7-fda8dd732d01.jpeg?h=225&w=225,
304783349,Gu Sticky Hot Toffee Puddings 2X85g,https://www.tesco.com/groceries/en-GB/shop/fresh-food/all?department=Chilled%20Desserts&viewAll=department&page=,£3.50,£2.06/100g,£2.50 Clubcard Price,,/groceries/en-GB/products/304783349,https://digitalcontent.api.tesco.com/v2/media/ghs/0bc520d0-9c4a-4642-81d3-40e2f6f39b2f/d402a434-c9ec-4aca-8a39-19d145401d21.jpeg?h=225&w=225,
295373884,Tesco 2 Vanilla & Chocolate Cheesecake Slices 180G,https://www.tesco.com/groceries/en-GB/shop/fresh-food/all?department=Chilled%20Desserts&viewAll=department&page=,£2.40,£1.34/100g,,,/groceries/en-GB/products/295373884,https://digitalcontent.api.tesco.com/v2/media/ghs/8ea20599-457f-4ae6-8278-58b4ee89d73c/f201b5b8-3303-4d41-8332-9b192bd2a968.jpeg?h=225&w=225,
311782709,Bonne Maman Pear & Chocolate Mousse 2X95g,https://www.tesco.com/groceries/en-GB/shop/fresh-food/all?department=Chilled%20Desserts&viewAll=department&page=,£2.30,£1.22/100g,,,/groceries/en-GB/products/311782709,https://digitalcontent.api.tesco.com/v2/media/ghs/79043e39-2cdf-4ec2-91b6-a9ad6a3a1905/db6d87a9-b24a-415e-afc5-9ba54d3df2bc.jpeg?h=225&w=225,
306495106,Alpro Chocolate Hazelnut 90 Calorie Dessert 2X113g,https://www.tesco.com/groceries/en-GB/shop/fresh-food/all?department=Chilled%20Desserts&viewAll=department&page=,£1.65,£0.73/100g,,,/groceries/en-GB/products/306495106,https://digitalcontent.api.tesco.com/v2/media/ghs/3bc450d0-676b-41ac-9d6f-7440a470d408/b59f5983-f96f-4bd6-afce-b3b92d39e83c.jpeg?h=225&w=225,
305957979,Tesco Chocolate Cake 375G,https://www.tesco.com/groceries/en-GB/shop/fresh-food/all?department=Chilled%20Desserts&viewAll=department&page=,£2.60,£0.69/100g,,,/groceries/en-GB/products/305957979,https://digitalcontent.api.tesco.com/v2/media/ghs/ea4a569c-8314-4c6a-9891-2d43fb0cf5bb/7c89fd5d-1c19-45c0-aa30-cd1e84cd22d9.jpeg?h=225&w=225,
300474187,Tesco Limoncello Dessert 2X85g,https://www.tesco.com/groceries/en-GB/shop/fresh-food/all?department=Chilled%20Desserts&viewAll=department&page=,£1.70,£1.00/100g,,,/groceries/en-GB/products/300474187,https://digitalcontent.api.tesco.com/v2/media/ghs/fdb30935-2dda-4b87-8b30-5a3b6f901dae/81a01e50-0047-44d7-ba9b-8f68145eb4b6.jpeg?h=225&w=225,
269031695,Tesco Strawberry Sundae 125G,https://www.tesco.com/groceries/en-GB/shop/fresh-food/all?department=Chilled%20Desserts&viewAll=department&page=,£1.35,£1.08/100g,,,/groceries/en-GB/products/269031695,https://digitalcontent.api.tesco.com/v2/media/ghs/01e61c65-cfac-47ce-8e8a-d965968cfcac/d428ccb2-0f17-46f4-a136-b48ca29a4b54.jpeg?h=225&w=225,
310138594,Delicious Desserts Strawberry & Cream Eclair 2Pack,https://www.tesco.com/groceries/en-GB/shop/fresh-food/all?department=Chilled%20Desserts&viewAll=department&page=,£2.00,£1.00/each,,,/groceries/en-GB/products/310138594,https://digitalcontent.api.tesco.com/v2/media/ghs/11db4495-3d7c-4166-b756-2bd04add60b2/6a1e0dcb-105c-4d75-ab29-7d0d3d3088ce.jpeg?h=225&w=225,
308827075,Pizza Express 2 Vanilla Cheesecake Slices 190G,https://www.tesco.com/groceries/en-GB/shop/fresh-food/all?department=Chilled%20Desserts&viewAll=department&page=,£3.70,£1.95/100g,Pizza Express Meal Deal for £12 Clubcard Price - Buy 2 Mains & 2 Sides Or Desserts,,/groceries/en-GB/products/308827075,https://digitalcontent.api.tesco.com/v2/media/ghs/e62b8e4b-914a-47bd-ac02-42671b7a052f/009fc005-b0f7-4ffb-bb1c-d5ad05016285.jpeg?h=225&w=225,
312697233,Pots & Co Lemon & Lime Posset 91G,https://www.tesco.com/groceries/en-GB/shop/fresh-food/all?department=Chilled%20Desserts&viewAll=department&page=,£2.10,£2.31/100g,£1.50 Clubcard Price,,/groceries/en-GB/products/312697233,https://digitalcontent.api.tesco.com/v2/media/ghs/a1450130-6e1f-4264-ae53-f41a9271c057/da8f995e-235d-4aa5-8440-4003aaf73463.jpeg?h=225&w=225,
308842033,Pizza Express 2 Chocolate & Salted Caramel Tarts 148G,https://www.tesco.com/groceries/en-GB/shop/fresh-food/all?department=Chilled%20Desserts&viewAll=department&page=,£3.70,£2.50/100g,Pizza Express Meal Deal for £12 Clubcard Price - Buy 2 Mains & 2 Sides Or Desserts,,/groceries/en-GB/products/308842033,https://digitalcontent.api.tesco.com/v2/media/ghs/2e651131-176a-4aca-9eca-110525ad779a/cc24fd70-1690-4167-900f-cab80161ea49.jpeg?h=225&w=225,
308096184,Toblerone Cheesecakes 2X85g,https://www.tesco.com/groceries/en-GB/shop/fresh-food/all?department=Chilled%20Desserts&viewAll=department&page=,£3.30,£1.95/100g,,,/groceries/en-GB/products/308096184,https://digitalcontent.api.tesco.com/v2/media/ghs/1e0c4ffe-bb0d-4286-9fb5-e63d022a06a0/43cee205-93f9-4b15-a120-f47f4b787dd3.jpeg?h=225&w=225,
308110554,Daim Cheesecakes 2 X 85G,https://www.tesco.com/groceries/en-GB/shop/fresh-food/all?department=Chilled%20Desserts&viewAll=department&page=,£3.30,£1.95/100g,,,/groceries/en-GB/products/308110554,https://digitalcontent.api.tesco.com/v2/media/ghs/9cb6be9e-b4f3-483a-8448-bc13bacbd247/dc5cc2f7-45ad-42f5-bb60-c51db1d98924.jpeg?h=225&w=225,
308094439,Oreo Cheesecake 2X80g,https://www.tesco.com/groceries/en-GB/shop/fresh-food/all?department=Chilled%20Desserts&viewAll=department&page=,£3.30,£2.07/100g,,,/groceries/en-GB/products/308094439,https://digitalcontent.api.tesco.com/v2/media/ghs/b16dcd48-6c89-4f0e-90af-efc157b92b42/618f8412-11f5-424c-a024-3dd169d7d10e.jpeg?h=225&w=225,
303673010,Thorntons Velvety Chocolate Trifle 550G,https://www.tesco.com/groceries/en-GB/shop/fresh-food/all?department=Chilled%20Desserts&viewAll=department&page=,£4.00,£0.73/100g,,,/groceries/en-GB/products/303673010,https://digitalcontent.api.tesco.com/v2/media/ghs/8555f0fb-3da9-4406-b122-ea29735af8ab/d6560513-18bf-450d-8e25-bd69fc3c678c.jpeg?h=225&w=225,
311676867,Bonne Maman Souffle With Cointreau 2X80g,https://www.tesco.com/groceries/en-GB/shop/fresh-food/all?department=Chilled%20Desserts&viewAll=department&page=,£2.75,£1.72/100g,£2.40 Clubcard Price,,/groceries/en-GB/products/311676867,https://digitalcontent.api.tesco.com/v2/media/ghs/9cbeee50-08ed-4906-8dde-eb4d3b9432af/88d577c0-02ce-4e4b-ad4a-6a47fd88016c.jpeg?h=225&w=225,
311934836,Bonne Maman Cherry & Chocolate Mousse 2X95g,https://www.tesco.com/groceries/en-GB/shop/fresh-food/all?department=Chilled%20Desserts&viewAll=department&page=,£2.30,£1.22/100g,,,/groceries/en-GB/products/311934836,https://digitalcontent.api.tesco.com/v2/media/ghs/fd71bf6c-8ce8-4fe5-b0b4-24be1bbeba6e/2629c9e2-ce20-46d2-b749-f5894eb2bdfd.jpeg?h=225&w=225,
312208416,Over The Spoon Dreamy Chocolate Pots 4 X 60G,https://www.tesco.com/groceries/en-GB/shop/fresh-food/all?department=Chilled%20Desserts&viewAll=department&page=,£3.00,£1.25/100g,,,/groceries/en-GB/products/312208416,https://digitalcontent.api.tesco.com/v2/media/ghs/446a86e3-7fd0-458c-a5ef-fb3a91e7edf0/bd026ee6-6986-4022-84e2-ffb3359c5f20.jpeg?h=225&w=225,
312563138,Over The Spoon Caramelly Chocolate Pots 4X60g,https://www.tesco.com/groceries/en-GB/shop/fresh-food/all?department=Chilled%20Desserts&viewAll=department&page=,£3.00,£1.25/100g,,,/groceries/en-GB/products/312563138,https://digitalcontent.api.tesco.com/v2/media/ghs/32a0ad0a-7344-421e-9eaf-ce6f2ad557a6/0a7414b0-1125-4317-973c-64e78e6e5dff.jpeg?h=225&w=225,
312339514,Tesco Finest Caramel Cascade Pudding Serves 8,https://www.tesco.com/groceries/en-GB/shop/fresh-food/all?department=Chilled%20Desserts&viewAll=department&page=,£12.00,£1.50/100g,,,/groceries/en-GB/products/312339514,https://digitalcontent.api.tesco.com/v2/media/ghs/7de2c2ae-c110-4bdc-9555-539d6cfd5364/75534b14-e6ed-4e00-9933-704af9c2bf25.jpeg?h=225&w=225,
312852378,Tesco Macaron Selection 24 pieces Serves 12,https://www.tesco.com/groceries/en-GB/shop/fresh-food/all?department=Chilled%20Desserts&viewAll=department&page=,£12.00,£4.55/100g,,,/groceries/en-GB/products/312852378,https://digitalcontent.api.tesco.com/v2/media/ghs/2f1cac6f-4206-42e5-82db-00134b0fb612/606614d8-1a54-4907-aede-5a8e73ee1ea9.jpeg?h=225&w=225,
304409784,Tesco Finest Mini Tarts Selection Serves 18,https://www.tesco.com/groceries/en-GB/shop/fresh-food/all?department=Chilled%20Desserts&viewAll=department&page=,£13.00,£0.72/each,,,/groceries/en-GB/products/304409784,https://digitalcontent.api.tesco.com/v2/media/ghs/b0128644-7f0a-40a7-996a-8f712ac4f176/b6f1a1e2-4a0b-43fc-9e81-6d3cea843a0e.jpeg?h=225&w=225,
312342291,Tesco Finest Christmas Present Blonde Chocolate Torte Bar Serves 6,https://www.tesco.com/groceries/en-GB/shop/fresh-food/all?department=Chilled%20Desserts&viewAll=department&page=,£11.00,£1.74/100g,,,/groceries/en-GB/products/312342291,https://digitalcontent.api.tesco.com/v2/media/ghs/b40887c3-35eb-4b08-a3f4-9856db569e63/cff0fa55-990c-4ef0-8894-9d673407db3b.jpeg?h=225&w=225,
309768655,Tesco Finest Triple Chocolate Celebration Cheesecake Serves 8,https://www.tesco.com/groceries/en-GB/shop/fresh-food/all?department=Chilled%20Desserts&viewAll=department&page=,£11.00,£1.28/100g,,,/groceries/en-GB/products/309768655,https://digitalcontent.api.tesco.com/v2/media/ghs/3eacb567-ca5d-4545-ba18-9fe8cfa00630/314ae28f-0990-4a1a-bc1c-592146d782f2.jpeg?h=225&w=225,
312230659,Tesco Finest Espresso Martini Dessert Serves 8,https://www.tesco.com/groceries/en-GB/shop/fresh-food/all?department=Chilled%20Desserts&viewAll=department&page=,£11.00,£1.38/100g,,,/groceries/en-GB/products/312230659,https://digitalcontent.api.tesco.com/v2/media/ghs/9c2acbc4-1fe4-456b-9165-98a3ed5db9bf/f1071aa7-b051-4f94-9bb0-ccd1b3791b77.jpeg?h=225&w=225,
309774912,Tesco Finest Raspberry & Peach Bellini Trifle Serves 8,https://www.tesco.com/groceries/en-GB/shop/fresh-food/all?department=Chilled%20Desserts&viewAll=department&page=,£9.00,£1.16/100g,,,/groceries/en-GB/products/309774912,https://digitalcontent.api.tesco.com/v2/media/ghs/63c2bd04-d5ec-4b38-be78-5adcc8900653/fe465cff-c836-484a-8733-ae72e5e78346.jpeg?h=225&w=225,
312845977,Wicked Kitchen Raspberry & Vanilla Layered Dessert Serves 6,https://www.tesco.com/groceries/en-GB/shop/fresh-food/all?department=Chilled%20Desserts&viewAll=department&page=,£7.00,£1.28/100g,,,/groceries/en-GB/products/312845977,https://digitalcontent.api.tesco.com/v2/media/ghs/88968138-7942-41c0-baf3-9202efdf4aff/eb693a46-f7fe-49db-a6ac-0304dc59050e.jpeg?h=225&w=225,
312827242,Tesco Finest Stem Ginger Tiffin Cracker Serves 12,https://www.tesco.com/groceries/en-GB/shop/fresh-food/all?department=Chilled%20Desserts&viewAll=department&page=,£8.00,£1.33/100g,,,/groceries/en-GB/products/312827242,https://digitalcontent.api.tesco.com/v2/media/ghs/d46b693c-abd7-4cdd-acb4-6f99320819cb/d15901fa-40fc-4562-bab9-6a9918dfbf8a.jpeg?h=225&w=225,
309483346,Tesco Finest Sticky Toffee & Pecan Croissant Star Serves 6,https://www.tesco.com/groceries/en-GB/shop/fresh-food/all?department=Chilled%20Desserts&viewAll=department&page=,£9.00,£1.50/100g,,,/groceries/en-GB/products/309483346,https://digitalcontent.api.tesco.com/v2/media/ghs/7e40f76c-3715-4a0a-8b5b-36bd9619cff2/a6c9b8fa-44c0-4205-b3db-3a6bdc992b40.jpeg?h=225&w=225,
309786685,Tesco Chocolate Yule Log Serves 10,https://www.tesco.com/groceries/en-GB/shop/fresh-food/all?department=Chilled%20Desserts&viewAll=department&page=,£7.00,£0.97/100g,,,/groceries/en-GB/products/309786685,https://digitalcontent.api.tesco.com/v2/media/ghs/793bdf81-0b8a-4483-a056-358242d3bbcb/cd8105a5-7ed0-4f00-b8ac-c4827a4ef945.jpeg?h=225&w=225,
