Product ID,Product Name,Cat Website,Price,Price/Kg,Promotion,Innovation,Link,Image,Stock Status
311265337,Aunt Bessie's Crispy & Fluffy Roasties 1.3Kg,https://www.tesco.com/groceries/en-GB/shop/frozen-food/all?department=Christmas%20Frozen%20Food&viewAll=department&page=,£3.60,£2.77/kg,,,/groceries/en-GB/products/311265337,https://digitalcontent.api.tesco.com/v2/media/ghs/3a0e79cd-8461-40f7-92c3-2297b90d1344/f5fb2871-da20-43df-9301-93971fc59f25.jpeg?h=225&w=225,
267361094,Aunt Bessie's Homestyle Mini Roasties 700G,https://www.tesco.com/groceries/en-GB/shop/frozen-food/all?department=Christmas%20Frozen%20Food&viewAll=department&page=,£2.85,£4.08/kg,,,/groceries/en-GB/products/267361094,https://digitalcontent.api.tesco.com/v2/media/ghs/2512a0ff-c57d-4428-9c32-1d24cc457d60/d7b80ebc-941d-4b3f-81e3-ede9c2c78076.jpeg?h=225&w=225,
289044223,Aunt Bessie's Duck Fat Roast Potatoes 700G,https://www.tesco.com/groceries/en-GB/shop/frozen-food/all?department=Christmas%20Frozen%20Food&viewAll=department&page=,£3.40,£4.86/kg,,,/groceries/en-GB/products/289044223,https://digitalcontent.api.tesco.com/v2/media/ghs/27d2b5b0-6027-40a6-b1bb-c8a888dfa932/3b8d6c72-9d56-4cf8-951e-a22fec8b8ea6.jpeg?h=225&w=225,
295327715,Aunt Bessies Roast Parsnips Honey Glazed 500G,https://www.tesco.com/groceries/en-GB/shop/frozen-food/all?department=Christmas%20Frozen%20Food&viewAll=department&page=,£2.50,£0.50/100g,,,/groceries/en-GB/products/295327715,https://digitalcontent.api.tesco.com/v2/media/ghs/8f97bdfd-d4ee-496f-9157-b283a2101199/07481977-92ee-42b7-b114-f47f5373879a.jpeg?h=225&w=225,
307344434,Aunt Bessie's 18 Glorious Golden Yorkshires 342G,https://www.tesco.com/groceries/en-GB/shop/frozen-food/all?department=Christmas%20Frozen%20Food&viewAll=department&page=,£3.40,£9.95/kg,,,/groceries/en-GB/products/307344434,https://digitalcontent.api.tesco.com/v2/media/ghs/b77e63d5-6704-4536-bf1c-81718d20c7bd/3a427680-0ad3-406d-ade8-9e909def2532.jpeg?h=225&w=225,
311686530,Tesco Maple & Thyme Baby Parsnips & Carrots 500G,https://www.tesco.com/groceries/en-GB/shop/frozen-food/all?department=Christmas%20Frozen%20Food&viewAll=department&page=,£2.20,£4.40/kg,,New,/groceries/en-GB/products/311686530,https://digitalcontent.api.tesco.com/v2/media/ghs/f73914f5-954b-4596-8268-e218ffc55b39/6cf0b4d0-566f-49fe-938a-42901c846b8c.jpeg?h=225&w=225,
266557966,Tesco Finest 6 Beef Dripping Yorkshire Puddings 195G,https://www.tesco.com/groceries/en-GB/shop/frozen-food/all?department=Christmas%20Frozen%20Food&viewAll=department&page=,£2.10,£1.08/100g,,,/groceries/en-GB/products/266557966,https://digitalcontent.api.tesco.com/v2/media/ghs/937676f2-05ba-4a26-9b0d-985ebbcffb21/0a75b5e0-508f-4c5a-8da1-614ecbb6c3cb.jpeg?h=225&w=225,
271262073,Aunt Bessie's Bramley Apple Crumble 500G,https://www.tesco.com/groceries/en-GB/shop/frozen-food/all?department=Christmas%20Frozen%20Food&viewAll=department&page=,£1.90,£0.38/100g,,,/groceries/en-GB/products/271262073,https://digitalcontent.api.tesco.com/v2/media/ghs/c315cf16-120e-4cea-b107-6bf837297c11/a977ad29-e7d0-4b33-b11d-fc7e239f4f9c.jpeg?h=225&w=225,
279425824,Tesco Finest Sicilian Lemon Tart 458G,https://www.tesco.com/groceries/en-GB/shop/frozen-food/all?department=Christmas%20Frozen%20Food&viewAll=department&page=,£3.25,£0.71/100g,,,/groceries/en-GB/products/279425824,https://digitalcontent.api.tesco.com/v2/media/ghs/5d8b08af-0150-4a03-8113-96c691b551f6/b1544f5b-8aec-4d38-84a8-ec8ccab562b6.jpeg?h=225&w=225,
297186722,Tesco 8 Tempura King Prawns 140G,https://www.tesco.com/groceries/en-GB/shop/frozen-food/all?department=Christmas%20Frozen%20Food&viewAll=department&page=,£3.00,£2.15/100g,Any 3 for £6 Clubcard Price - Selected Tesco Frozen Party Food 120g - 564g,,/groceries/en-GB/products/297186722,https://digitalcontent.api.tesco.com/v2/media/ghs/c912c052-6dfd-44cf-8963-9ae4ebdcacc7/35ddbeb1-2533-4873-96d4-ae709313f6f7.jpeg?h=225&w=225,
289263545,Tesco 12 Hot & Spicy Prawns 132G,https://www.tesco.com/groceries/en-GB/shop/frozen-food/all?department=Christmas%20Frozen%20Food&viewAll=department&page=,£3.00,£2.28/100g,Any 3 for £6 Clubcard Price - Selected Tesco Frozen Party Food 120g - 564g,,/groceries/en-GB/products/289263545,https://digitalcontent.api.tesco.com/v2/media/ghs/562b9b11-0228-4d4c-a8ef-05e371635a2c/9cfef355-32e2-4f78-9635-b23a43b30e38.jpeg?h=225&w=225,
312345178,Tesco Finest Canadian Scallops & Smoked Bacon With Risotto 176G,https://www.tesco.com/groceries/en-GB/shop/frozen-food/all?department=Christmas%20Frozen%20Food&viewAll=department&page=,£5.00,£28.41/kg,,New,/groceries/en-GB/products/312345178,https://digitalcontent.api.tesco.com/v2/media/ghs/d841344f-1657-4351-b6a3-be4d3adf2999/88b36527-8a43-473b-b942-85855e691063.jpeg?h=225&w=225,
297167031,Tesco 12 Pigs In Blankets 240G,https://www.tesco.com/groceries/en-GB/shop/frozen-food/all?department=Christmas%20Frozen%20Food&viewAll=department&page=,£3.00,£12.50/kg,Any 3 for £6 Clubcard Price - Selected Tesco Frozen Party Food 120g - 564g,,/groceries/en-GB/products/297167031,https://digitalcontent.api.tesco.com/v2/media/ghs/78514c2a-d35c-46c9-92d6-d9e0c4381162/3730f8b6-ae98-4d37-bc46-d07e661669df.jpeg?h=225&w=225,
254752129,Tesco Apple Strudel 600G,https://www.tesco.com/groceries/en-GB/shop/frozen-food/all?department=Christmas%20Frozen%20Food&viewAll=department&page=,£1.90,£0.32/100g,,,/groceries/en-GB/products/254752129,https://digitalcontent.api.tesco.com/v2/media/ghs/411c81c7-4dda-4e6c-b99f-0a4173ab6888/55fb2300-97ca-421a-9a97-9c8049165036.jpeg?h=225&w=225,
309449307,Tesco 12 Filled Mini Churros 210G,https://www.tesco.com/groceries/en-GB/shop/frozen-food/all?department=Christmas%20Frozen%20Food&viewAll=department&page=,£2.50,£1.20/100g,Any 3 for £6 Clubcard Price - Selected Tesco Frozen Party Food 120g - 564g,,/groceries/en-GB/products/309449307,https://digitalcontent.api.tesco.com/v2/media/ghs/e313ebf4-4cb2-471b-bd60-c9a33349eb2d/2525a80d-b0b3-40be-bbe0-df2f9d6eb76c.jpeg?h=225&w=225,
297186768,Tesco 12 Mini Prawn Toast 120G,https://www.tesco.com/groceries/en-GB/shop/frozen-food/all?department=Christmas%20Frozen%20Food&viewAll=department&page=,£2.50,£2.09/100g,Any 3 for £6 Clubcard Price - Selected Tesco Frozen Party Food 120g - 564g,,/groceries/en-GB/products/297186768,https://digitalcontent.api.tesco.com/v2/media/ghs/472b7f34-60f2-465e-ad00-4f45d37200c4/4d7a4aeb-7df5-4f8b-9721-34c50cd31542.jpeg?h=225&w=225,
301555211,Tesco 12 Salt & Pepper Prawns 132G,https://www.tesco.com/groceries/en-GB/shop/frozen-food/all?department=Christmas%20Frozen%20Food&viewAll=department&page=,£3.00,£2.28/100g,Any 3 for £6 Clubcard Price - Selected Tesco Frozen Party Food 120g - 564g,,/groceries/en-GB/products/301555211,https://digitalcontent.api.tesco.com/v2/media/ghs/2d77e907-f2de-4159-a221-d3e1aed2435a/66abd784-2364-4419-83e6-0e0056db90f2.jpeg?h=225&w=225,
309497416,Tesco 10 Halloumi-Style Fries 170G,https://www.tesco.com/groceries/en-GB/shop/frozen-food/all?department=Christmas%20Frozen%20Food&viewAll=department&page=,£3.00,£1.77/100g,Any 3 for £6 Clubcard Price - Selected Tesco Frozen Party Food 120g - 564g,,/groceries/en-GB/products/309497416,https://digitalcontent.api.tesco.com/v2/media/ghs/e8d54f26-650e-4626-ba93-fcaf48f5313b/85acc706-0fae-4a2c-95c4-a66a6a46b9d4.jpeg?h=225&w=225,
307364220,Aunt Bessie's 10 Glorious Golden Yorkshires 190G,https://www.tesco.com/groceries/en-GB/shop/frozen-food/all?department=Christmas%20Frozen%20Food&viewAll=department&page=,£2.00,£10.53/kg,£1.50 Clubcard Price,,/groceries/en-GB/products/307364220,https://digitalcontent.api.tesco.com/v2/media/ghs/aeaadf66-c696-4357-bac3-53325695eedc/9163839b-17d5-40aa-a851-7e0095b30772.jpeg?h=225&w=225,
311201347,Aunt Bessie's Crispy & Fluffy Roasties 720G,https://www.tesco.com/groceries/en-GB/shop/frozen-food/all?department=Christmas%20Frozen%20Food&viewAll=department&page=,£2.00,£2.78/kg,£1.50 Clubcard Price,,/groceries/en-GB/products/311201347,https://digitalcontent.api.tesco.com/v2/media/ghs/5198f76e-b7ec-4d87-ac23-9ba5c3f3febb/148cf8fe-5ca2-49de-aa29-8b1b2ac5d4db.jpeg?h=225&w=225,
274155132,Tesco 12 Mini Eclairs 140G Price Marked,https://www.tesco.com/groceries/en-GB/shop/frozen-food/all?department=Christmas%20Frozen%20Food&viewAll=department&page=,£1.50,£1.08/100g,,,/groceries/en-GB/products/274155132,https://digitalcontent.api.tesco.com/v2/media/ghs/92677f71-4b95-42dc-aebb-aac567e6452a/6d4c3509-477d-459b-a221-efdaea41533c.jpeg?h=225&w=225,
307749762,Tesco 12 Yorkshire Puddings 220G,https://www.tesco.com/groceries/en-GB/shop/frozen-food/all?department=Christmas%20Frozen%20Food&viewAll=department&page=,£1.30,£5.91/kg,,,/groceries/en-GB/products/307749762,https://digitalcontent.api.tesco.com/v2/media/ghs/85711089-5ac4-4a8c-9d45-f103362b9092/114bf484-c35e-424b-8d18-8c62f0199a82.jpeg?h=225&w=225,
254754415,Aunt Bessie's 12 Homebake Yorkshires 370G,https://www.tesco.com/groceries/en-GB/shop/frozen-food/all?department=Christmas%20Frozen%20Food&viewAll=department&page=,£2.10,£5.68/kg,£1.50 Clubcard Price,,/groceries/en-GB/products/254754415,https://digitalcontent.api.tesco.com/v2/media/ghs/80581ba4-63ad-4d0a-84b3-943bbce5a7d9/f014a146-2703-4ae9-b6a4-7dac7e41a9ee.jpeg?h=225&w=225,
307154653,Tesco Potato Stars 500G,https://www.tesco.com/groceries/en-GB/shop/frozen-food/all?department=Christmas%20Frozen%20Food&viewAll=department&page=,£1.50,£3.00/kg,,,/groceries/en-GB/products/307154653,https://digitalcontent.api.tesco.com/v2/media/ghs/15075922-68c7-414e-b47e-c40a948aa251/d76e9fdb-0632-407a-9b91-c7f4f0481e66.jpeg?h=225&w=225,
266949357,Tesco Mini Vegetable Spring Rolls 216G,https://www.tesco.com/groceries/en-GB/shop/frozen-food/all?department=Christmas%20Frozen%20Food&viewAll=department&page=,£1.25,£5.79/kg,,,/groceries/en-GB/products/266949357,https://digitalcontent.api.tesco.com/v2/media/ghs/ab10301d-b46f-4fa0-81ca-7cf4978f3220/d3d80006-fea1-462f-b0f9-76645bbca917.jpeg?h=225&w=225,
284274315,Tesco Vegetable Samosas 216G Price Marked,https://www.tesco.com/groceries/en-GB/shop/frozen-food/all?department=Christmas%20Frozen%20Food&viewAll=department&page=,£1.25,£0.58/100g,,,/groceries/en-GB/products/284274315,https://digitalcontent.api.tesco.com/v2/media/ghs/c5ce22e9-4b2f-42e3-92a1-7adc35a5b565/3144b94f-6108-47c0-abcb-c070806e3bbf.jpeg?h=225&w=225,
278480460,Tesco 14 Onion Bhajis 210G,https://www.tesco.com/groceries/en-GB/shop/frozen-food/all?department=Christmas%20Frozen%20Food&viewAll=department&page=,£1.25,£0.60/100g,,,/groceries/en-GB/products/278480460,https://digitalcontent.api.tesco.com/v2/media/ghs/6f08082a-455f-4518-82f8-85e3037b04d2/d833b4a0-944e-4e15-8d1a-6a00392257cb.jpeg?h=225&w=225,
311434967,Tesco 10 Mini Beef & Red Wine Lattices 300G,https://www.tesco.com/groceries/en-GB/shop/frozen-food/all?department=Christmas%20Frozen%20Food&viewAll=department&page=,£2.50,£0.83/100g,Any 3 for £6 Clubcard Price - Selected Tesco Frozen Party Food 120g - 564g,,/groceries/en-GB/products/311434967,https://digitalcontent.api.tesco.com/v2/media/ghs/a25bd020-e0d0-4e63-9faf-4a5ad524b46f/30082f8e-216e-4206-987e-b4b176413887_2092823027.jpeg?h=225&w=225,
304401781,Tesco 12 Mozzarella Sticks 180G,https://www.tesco.com/groceries/en-GB/shop/frozen-food/all?department=Christmas%20Frozen%20Food&viewAll=department&page=,£1.45,£0.81/100g,,,/groceries/en-GB/products/304401781,https://digitalcontent.api.tesco.com/v2/media/ghs/0b2788cd-effd-48dc-9b19-04288b13c655/a05cc45e-a800-42c8-b5d6-424e6cc01a9a.jpeg?h=225&w=225,
264421725,Tesco Sliced Carrots Peeled & Cut 1Kg,https://www.tesco.com/groceries/en-GB/shop/frozen-food/all?department=Christmas%20Frozen%20Food&viewAll=department&page=,£1.09,£1.09/kg,Aldi Price Match,,/groceries/en-GB/products/264421725,https://digitalcontent.api.tesco.com/v2/media/ghs/bbc88d36-614d-4fd7-aa80-0b58df2aeb4d/677c5dd6-556e-40f9-ba6e-ef90a7bd6b58.jpeg?h=225&w=225,
289555718,Tesco Chantenay Carrots 600G,https://www.tesco.com/groceries/en-GB/shop/frozen-food/all?department=Christmas%20Frozen%20Food&viewAll=department&page=,£1.25,£2.09/kg,,,/groceries/en-GB/products/289555718,https://digitalcontent.api.tesco.com/v2/media/ghs/81fabc0e-9e24-4d09-a2c5-3b3929d83062/59891e25-60ef-4de4-80bf-a8f4afe1d47e.jpeg?h=225&w=225,
299587187,Tesco 20 Pigs In Blankets 400G,https://www.tesco.com/groceries/en-GB/shop/frozen-food/all?department=Christmas%20Frozen%20Food&viewAll=department&page=,£3.60,£9.00/kg,£3.20 Clubcard Price,,/groceries/en-GB/products/299587187,https://digitalcontent.api.tesco.com/v2/media/ghs/3902563f-ab38-44e9-b830-ca7c0e708d64/40cb3411-4bd4-4843-b318-58949d9cf575.jpeg?h=225&w=225,
312087391,Tesco 12 Camembert Bites 200G,https://www.tesco.com/groceries/en-GB/shop/frozen-food/all?department=Christmas%20Frozen%20Food&viewAll=department&page=,£2.50,£1.25/100g,Any 3 for £6 Clubcard Price - Selected Tesco Frozen Party Food 120g - 564g,,/groceries/en-GB/products/312087391,https://digitalcontent.api.tesco.com/v2/media/ghs/52dc4b23-1e18-4fe7-88c8-b816251baece/958dd2be-471e-44d9-be78-b32cfe24051e.jpeg?h=225&w=225,
289573374,Tesco 25 Cheese And Onion Rolls 375G,https://www.tesco.com/groceries/en-GB/shop/frozen-food/all?department=Christmas%20Frozen%20Food&viewAll=department&page=,£1.25,£0.33/100g,,,/groceries/en-GB/products/289573374,https://digitalcontent.api.tesco.com/v2/media/ghs/5fb4b209-08f2-4061-953b-b2e5876825d0/e1d385e2-4d01-4dfb-9b6e-e4b47e59993f.jpeg?h=225&w=225,
297683289,Tesco 26 Pork Cocktail Sausages 312G,https://www.tesco.com/groceries/en-GB/shop/frozen-food/all?department=Christmas%20Frozen%20Food&viewAll=department&page=,£1.50,£0.48/100g,,,/groceries/en-GB/products/297683289,https://digitalcontent.api.tesco.com/v2/media/ghs/d39879c1-23b6-4a71-accf-177fc9da0a33/d5bdc5fe-92c9-4dee-990d-c8cad32fcc95.jpeg?h=225&w=225,
251391606,Viennetta Vanilla Ice Cream Dessert 650Ml,https://www.tesco.com/groceries/en-GB/shop/frozen-food/all?department=Christmas%20Frozen%20Food&viewAll=department&page=,£1.65,£0.25/100ml,£1.50 Clubcard Price,,/groceries/en-GB/products/251391606,https://digitalcontent.api.tesco.com/v2/media/ghs/a7a695be-f88e-4b99-a24e-d17f4b320e3f/cea660b7-0e7d-4bfe-86e9-8628f423bf77.jpeg?h=225&w=225,
301576704,Tesco 16 Nacho Chicken Bites 200G,https://www.tesco.com/groceries/en-GB/shop/frozen-food/all?department=Christmas%20Frozen%20Food&viewAll=department&page=,£2.50,£1.25/100g,Any 3 for £6 Clubcard Price - Selected Tesco Frozen Party Food 120g - 564g,,/groceries/en-GB/products/301576704,https://digitalcontent.api.tesco.com/v2/media/ghs/508f44f7-1caf-4720-9d5b-972bba52c9fb/eb211fb1-c75a-48d8-a50b-6169ae92e8f4.jpeg?h=225&w=225,
259715593,Tesco Frozen Button Brussels Sprouts 1Kg,https://www.tesco.com/groceries/en-GB/shop/frozen-food/all?department=Christmas%20Frozen%20Food&viewAll=department&page=,£1.30,£1.30/kg,,,/groceries/en-GB/products/259715593,https://digitalcontent.api.tesco.com/v2/media/ghs/4985e0dd-9224-4514-a4f1-6a8181edca93/bc2e42b7-7b59-40e8-b932-5a80bdb0ba23.jpeg?h=225&w=225,
306810938,Tesco 50 Sausage Rolls 750G,https://www.tesco.com/groceries/en-GB/shop/frozen-food/all?department=Christmas%20Frozen%20Food&viewAll=department&page=,£1.55,£0.21/100g,,,/groceries/en-GB/products/306810938,https://digitalcontent.api.tesco.com/v2/media/ghs/a78d4c62-1b7f-48c3-bee6-6756b8758b54/1e6dbe6e-3f27-4d01-9c2b-9e2207be76ee.jpeg?h=225&w=225,
250172608,Tesco Petits Pois 1Kg,https://www.tesco.com/groceries/en-GB/shop/frozen-food/all?department=Christmas%20Frozen%20Food&viewAll=department&page=,£1.50,£1.50/kg,,,/groceries/en-GB/products/250172608,https://digitalcontent.api.tesco.com/v2/media/ghs/20954dca-5b5d-4e94-9b44-32e77ab3760a/40c22145-1cf3-4eb8-953a-f79627b3be66.jpeg?h=225&w=225,
297860609,Tesco Southern Fried Chicken Bites 220G,https://www.tesco.com/groceries/en-GB/shop/frozen-food/all?department=Christmas%20Frozen%20Food&viewAll=department&page=,£1.25,£0.57/100g,,,/groceries/en-GB/products/297860609,https://digitalcontent.api.tesco.com/v2/media/ghs/23756e8f-471e-46ae-8e71-5a680020c809/8cb7e2e6-fbdf-4a88-a4f0-9d293322257b.jpeg?h=225&w=225,
297394994,Tesco 8 Green Jalapeno Peppers Bites 160G,https://www.tesco.com/groceries/en-GB/shop/frozen-food/all?department=Christmas%20Frozen%20Food&viewAll=department&page=,£1.25,£0.78/100g,,,/groceries/en-GB/products/297394994,https://digitalcontent.api.tesco.com/v2/media/ghs/d02f2d1d-7fde-48e7-8542-27e7c0d40679/1454f7e4-e2a5-4742-89ec-73837205a100.jpeg?h=225&w=225,
311937171,Tesco Fried Vegetable Gyoza 210G,https://www.tesco.com/groceries/en-GB/shop/frozen-food/all?department=Christmas%20Frozen%20Food&viewAll=department&page=,£2.50,£1.20/100g,Any 3 for £6 Clubcard Price - Selected Tesco Frozen Party Food 120g - 564g,,/groceries/en-GB/products/311937171,https://digitalcontent.api.tesco.com/v2/media/ghs/80b7a722-db75-4e1b-9030-66d18b126508/96b2793d-af3a-4d10-b511-836cf758577e.jpeg?h=225&w=225,
289584620,Tesco 10 Sticky Chicken Kebabs 180G,https://www.tesco.com/groceries/en-GB/shop/frozen-food/all?department=Christmas%20Frozen%20Food&viewAll=department&page=,£2.50,£1.39/100g,Any 3 for £6 Clubcard Price - Selected Tesco Frozen Party Food 120g - 564g,,/groceries/en-GB/products/289584620,https://digitalcontent.api.tesco.com/v2/media/ghs/02ab25fa-4aa3-4b77-9a6c-17221c785566/66c1b24c-d3e4-4473-99b6-64b54905b84e.jpeg?h=225&w=225,
250172580,Tesco Garden Peas 1Kg,https://www.tesco.com/groceries/en-GB/shop/frozen-food/all?department=Christmas%20Frozen%20Food&viewAll=department&page=,£1.25,£1.25/kg,,,/groceries/en-GB/products/250172580,https://digitalcontent.api.tesco.com/v2/media/ghs/ca186f16-e4bd-4e2b-b8c0-14af43f02b92/3d67f1d7-270d-47d2-a762-6ffa66c01e53.jpeg?h=225&w=225,
285679388,Tesco Roast Potatoes 800G,https://www.tesco.com/groceries/en-GB/shop/frozen-food/all?department=Christmas%20Frozen%20Food&viewAll=department&page=,£0.71,£0.89/kg,Aldi Price Match,,/groceries/en-GB/products/285679388,https://digitalcontent.api.tesco.com/v2/media/ghs/2ee5dda5-e0fa-4960-a597-bd7537eea38f/2298fb2f-487f-4a30-998a-e7bf7bdf1ec7.jpeg?h=225&w=225,
312230642,Tesco 8 Fish & Chip Cones 310G,https://www.tesco.com/groceries/en-GB/shop/frozen-food/all?department=Christmas%20Frozen%20Food&viewAll=department&page=,£3.00,£0.97/100g,Any 3 for £6 Clubcard Price - Selected Tesco Frozen Party Food 120g - 564g,,/groceries/en-GB/products/312230642,https://digitalcontent.api.tesco.com/v2/media/ghs/b61f2952-662a-4c4d-8162-fb3f70136ed0/420a05ea-8d76-4421-986c-d2415f82e1db_35300819.jpeg?h=225&w=225,
292808740,Tesco British Frozen Medium Basted Whole Turkey Bird 3.9Kg - 5.2kg,https://www.tesco.com/groceries/en-GB/shop/frozen-food/all?department=Christmas%20Frozen%20Food&viewAll=department&page=,£18.00,£4.62/kg,,,/groceries/en-GB/products/292808740,https://digitalcontent.api.tesco.com/v2/media/ghs/7733a870-7f94-4cfb-be08-f316ae518dfb/9969b46c-868e-46d0-a134-17c348c16268.jpeg?h=225&w=225,
288834684,Tesco British Frozen Mini Turkey Crown 1Kg-1.4Kg,https://www.tesco.com/groceries/en-GB/shop/frozen-food/all?department=Christmas%20Frozen%20Food&viewAll=department&page=,£12.00,£10.91/kg,,,/groceries/en-GB/products/288834684,https://digitalcontent.api.tesco.com/v2/media/ghs/0436a252-d54e-4602-b9c7-9154ef930baa/785999a7-e8ed-46b5-93ab-3aa2eb1cd654.jpeg?h=225&w=225,
312365701,Tesco Finest Chateaubriand Fillet 350G,https://www.tesco.com/groceries/en-GB/shop/frozen-food/all?department=Christmas%20Frozen%20Food&viewAll=department&page=,£12.00,£34.29/kg,,New,/groceries/en-GB/products/312365701,https://digitalcontent.api.tesco.com/v2/media/ghs/c6f190ae-3edd-4d44-b152-2fb6e89c9c07/6b618118-be9b-437f-ba12-a9ccc5e5c684.jpeg?h=225&w=225,
268490820,Tesco British Frozen Medium Turkey Breast Crown 2.0-2.3Kg,https://www.tesco.com/groceries/en-GB/shop/frozen-food/all?department=Christmas%20Frozen%20Food&viewAll=department&page=,£17.00,£8.50/kg,,,/groceries/en-GB/products/268490820,https://digitalcontent.api.tesco.com/v2/media/ghs/e6637c1d-8a11-4063-8409-4691dab7d316/b4db98d8-522d-4ee6-a4c4-170f2ed55877.jpeg?h=225&w=225,
292809133,Tesco British Frozen Small Turkey Crown 1.5Kg,https://www.tesco.com/groceries/en-GB/shop/frozen-food/all?department=Christmas%20Frozen%20Food&viewAll=department&page=,£14.00,£9.34/kg,,,/groceries/en-GB/products/292809133,https://digitalcontent.api.tesco.com/v2/media/ghs/8f128f6b-f65f-4b78-9bc3-5c8762e16b47/402c77f1-5306-47dd-b39e-f499bd5a1d7a.jpeg?h=225&w=225,
268368753,Tesco British Frozen Large Turkey Breast Crown 2.4-2.8Kg,https://www.tesco.com/groceries/en-GB/shop/frozen-food/all?department=Christmas%20Frozen%20Food&viewAll=department&page=,£19.00,£7.92/kg,,,/groceries/en-GB/products/268368753,https://digitalcontent.api.tesco.com/v2/media/ghs/37531554-c218-4913-af4e-f298654a09cf/3eccd6fd-577b-4e96-9a6c-aad37c5bad52.jpeg?h=225&w=225,
312110502,Tesco Finest Whole Raw Black Tiger Prawns 300G,https://www.tesco.com/groceries/en-GB/shop/frozen-food/all?department=Christmas%20Frozen%20Food&viewAll=department&page=,£8.00,£26.67/kg,,New,/groceries/en-GB/products/312110502,https://digitalcontent.api.tesco.com/v2/media/ghs/4e0777ab-5af3-44e8-a3ba-ff32734f2d48/9ce8510a-3e34-4ea4-8140-b137d8f4282a.jpeg?h=225&w=225,
312350154,Tesco Finest 12 Macaron Selection 132G,https://www.tesco.com/groceries/en-GB/shop/frozen-food/all?department=Christmas%20Frozen%20Food&viewAll=department&page=,£3.50,£2.66/100g,Any 3 for £10 Clubcard Price - Selected Tesco Finest* Frozen Party Food 90g - 200g,,/groceries/en-GB/products/312350154,https://digitalcontent.api.tesco.com/v2/media/ghs/858ca8ad-a78b-4f09-b103-20c9dbedbd77/77b64995-5382-4150-9a96-22764223a5e6_499262188.jpeg?h=225&w=225,
253532697,Tesco Finest Toffee Pecan Roulade 420G,https://www.tesco.com/groceries/en-GB/shop/frozen-food/all?department=Christmas%20Frozen%20Food&viewAll=department&page=,£5.00,£1.20/100g,,,/groceries/en-GB/products/253532697,https://digitalcontent.api.tesco.com/v2/media/ghs/f123764b-5eb2-4833-b6b7-ad67c8062121/08cf2dad-b592-4c0a-8c4f-906a85a2107a.jpeg?h=225&w=225,
288834845,Tesco British Frozen Turkey Crown Extra Large 2.9Kg - 3.5Kg,https://www.tesco.com/groceries/en-GB/shop/frozen-food/all?department=Christmas%20Frozen%20Food&viewAll=department&page=,£22.50,£7.76/kg,,,/groceries/en-GB/products/288834845,https://digitalcontent.api.tesco.com/v2/media/ghs/130a7fd1-da41-47d9-8050-8a55398d8d21/6278478b-8758-4d7c-8761-734e8fed3809.jpeg?h=225&w=225,
306495573,Mccain Roasts 700G,https://www.tesco.com/groceries/en-GB/shop/frozen-food/all?department=Christmas%20Frozen%20Food&viewAll=department&page=,£2.80,£4.00/kg,,,/groceries/en-GB/products/306495573,https://digitalcontent.api.tesco.com/v2/media/ghs/14443941-87ed-455e-a82f-4bbd7c3d7d2e/76fb54c9-e612-4da2-8609-133d47d63425.jpeg?h=225&w=225,
299531940,Tesco Finest Mango Passion Fruit Roulades 2X90g,https://www.tesco.com/groceries/en-GB/shop/frozen-food/all?department=Christmas%20Frozen%20Food&viewAll=department&page=,£3.10,£1.73/100g,,,/groceries/en-GB/products/299531940,https://digitalcontent.api.tesco.com/v2/media/ghs/7b3eaac8-ad93-4279-8142-4bf9c3ccea15/2bf38e54-e0c2-4abe-abb7-eb7ed02d89ef.jpeg?h=225&w=225,
309206359,Tesco Sprouts With Smoked Bacon & Chestnuts 500G,https://www.tesco.com/groceries/en-GB/shop/frozen-food/all?department=Christmas%20Frozen%20Food&viewAll=department&page=,£2.20,£4.40/kg,,,/groceries/en-GB/products/309206359,https://digitalcontent.api.tesco.com/v2/media/ghs/0f305631-e83f-49f7-8688-dd84b77f3ce9/bc03c2a6-3f4c-4f35-ac88-1fa757c8214b.jpeg?h=225&w=225,
299587204,Tesco 56 Pork Cocktail Sausages 672G,https://www.tesco.com/groceries/en-GB/shop/frozen-food/all?department=Christmas%20Frozen%20Food&viewAll=department&page=,£2.90,£4.32/kg,,,/groceries/en-GB/products/299587204,https://digitalcontent.api.tesco.com/v2/media/ghs/77add8b4-8115-4aaa-b48f-aa6e96ee8b55/9d48e8a5-9bda-4f1c-a830-5e6e302a6dc8.jpeg?h=225&w=225,
308084405,Tesco Berry & Lemon Tart 380G,https://www.tesco.com/groceries/en-GB/shop/frozen-food/all?department=Christmas%20Frozen%20Food&viewAll=department&page=,£2.40,£0.63/100g,,,/groceries/en-GB/products/308084405,https://digitalcontent.api.tesco.com/v2/media/ghs/ce9dc632-8451-4e09-afe0-375ccf3c601e/1d743a74-e79c-4986-a350-d2e28f0dff55.jpeg?h=225&w=225,
295627314,Tesco Berry Strudel 600G,https://www.tesco.com/groceries/en-GB/shop/frozen-food/all?department=Christmas%20Frozen%20Food&viewAll=department&page=,£1.90,£0.32/100g,,,/groceries/en-GB/products/295627314,https://digitalcontent.api.tesco.com/v2/media/ghs/7f54d3c3-9a15-478f-ad1d-1104b5f1b0e3/6061efb0-902e-452c-abcf-0639784c1e87.jpeg?h=225&w=225,
264754452,Tesco Cauliflower Cheese Bake 680G,https://www.tesco.com/groceries/en-GB/shop/frozen-food/all?department=Christmas%20Frozen%20Food&viewAll=department&page=,£2.15,£3.17/kg,,,/groceries/en-GB/products/264754452,https://digitalcontent.api.tesco.com/v2/media/ghs/45908333-3e14-4e14-89e4-1210f3b76f02/4826bace-47c5-431f-9ade-f29986c189cc.jpeg?h=225&w=225,
264947005,Tesco 14 Mini Duck Spring Rolls 252G,https://www.tesco.com/groceries/en-GB/shop/frozen-food/all?department=Christmas%20Frozen%20Food&viewAll=department&page=,£2.50,£9.93/kg,Any 3 for £6 Clubcard Price - Selected Tesco Frozen Party Food 120g - 564g,,/groceries/en-GB/products/264947005,https://digitalcontent.api.tesco.com/v2/media/ghs/4a56e2a6-5f69-4e93-b952-c71f5e9b75cd/e53b1124-c4c4-4e77-8961-b3f2ffa9b25a.jpeg?h=225&w=225,
309458256,Tesco Seasoned British Parsnips 600G,https://www.tesco.com/groceries/en-GB/shop/frozen-food/all?department=Christmas%20Frozen%20Food&viewAll=department&page=,£1.60,£0.27/100g,,,/groceries/en-GB/products/309458256,https://digitalcontent.api.tesco.com/v2/media/ghs/af743c7e-27c6-4e63-9811-77767c42dc12/8911f3f5-fedc-4249-b305-f80f7cb004fc.jpeg?h=225&w=225,
272332248,Tesco 6 Chocolate Eclairs 160G,https://www.tesco.com/groceries/en-GB/shop/frozen-food/all?department=Christmas%20Frozen%20Food&viewAll=department&page=,£1.60,£1.00/100g,,,/groceries/en-GB/products/272332248,https://digitalcontent.api.tesco.com/v2/media/ghs/392d88dd-bd17-41de-9ad0-bcbc7d5f373d/e310652c-ba7c-4a6c-9970-e5aa225bcb2b.jpeg?h=225&w=225,
258015962,Tesco Lemon Meringue Pie 475G,https://www.tesco.com/groceries/en-GB/shop/frozen-food/all?department=Christmas%20Frozen%20Food&viewAll=department&page=,£2.15,£0.45/100g,,,/groceries/en-GB/products/258015962,https://digitalcontent.api.tesco.com/v2/media/ghs/8b7c8634-ef8c-420c-b1aa-bd3c0559682d/216b0cde-2dd5-4349-b147-8496a76e0703.jpeg?h=225&w=225,
301745355,Baileys Salted Caramel Profiteroles 216G,https://www.tesco.com/groceries/en-GB/shop/frozen-food/all?department=Christmas%20Frozen%20Food&viewAll=department&page=,£2.00,£0.93/100g,,,/groceries/en-GB/products/301745355,https://digitalcontent.api.tesco.com/v2/media/ghs/a29ed476-1dc0-47d7-b3b5-1596f40453c8/81468a5e-9ccf-4562-988e-52458ccc2a32_462618286.jpeg?h=225&w=225,
266128868,Tesco New York Cheesecake 450G,https://www.tesco.com/groceries/en-GB/shop/frozen-food/all?department=Christmas%20Frozen%20Food&viewAll=department&page=,£2.20,£0.49/100g,,,/groceries/en-GB/products/266128868,https://digitalcontent.api.tesco.com/v2/media/ghs/c9273a7d-4357-45c7-8c3f-4637e3a6ffea/d2b43f69-3a42-43ef-b46c-fc1a831600df.jpeg?h=225&w=225,
291745550,Tesco Raspberry Pavlova 310G,https://www.tesco.com/groceries/en-GB/shop/frozen-food/all?department=Christmas%20Frozen%20Food&viewAll=department&page=,£2.65,£0.86/100g,,,/groceries/en-GB/products/291745550,https://digitalcontent.api.tesco.com/v2/media/ghs/1ff9202f-ab4b-4bec-b99e-5bdd7841628e/ffa84f69-31f7-4045-9c23-04c670a70ac0.jpeg?h=225&w=225,
309753874,Tesco Pepperoni Pizza Parcels 315G,https://www.tesco.com/groceries/en-GB/shop/frozen-food/all?department=Christmas%20Frozen%20Food&viewAll=department&page=,£2.50,£0.79/100g,Any 3 for £6 Clubcard Price - Selected Tesco Frozen Party Food 120g - 564g,,/groceries/en-GB/products/309753874,https://digitalcontent.api.tesco.com/v2/media/ghs/9c9bd562-a654-4249-9f2b-b3639a2fef90/6c5ed824-0444-4534-b56d-3de019faa90b.jpeg?h=225&w=225,
310663187,Tesco Loaded Strawberry Meringue Mess 415G,https://www.tesco.com/groceries/en-GB/shop/frozen-food/all?department=Christmas%20Frozen%20Food&viewAll=department&page=,£2.00,£0.48/100g,,,/groceries/en-GB/products/310663187,https://digitalcontent.api.tesco.com/v2/media/ghs/a676f47a-9409-451a-89e0-776c251f8663/41d8b4e2-0fc6-4fa9-b9a0-2baf8196df89.jpeg?h=225&w=225,
287334718,Tesco Salted Caramel Cheesecake 450G,https://www.tesco.com/groceries/en-GB/shop/frozen-food/all?department=Christmas%20Frozen%20Food&viewAll=department&page=,£2.20,£0.49/100g,,,/groceries/en-GB/products/287334718,https://digitalcontent.api.tesco.com/v2/media/ghs/4112687e-77ef-4aa0-b0f4-6d5a9f665ef5/ae709299-c877-4d93-88ca-4a29150b4c0b.jpeg?h=225&w=225,
265226166,Tesco Chocolate Profiteroles 235G,https://www.tesco.com/groceries/en-GB/shop/frozen-food/all?department=Christmas%20Frozen%20Food&viewAll=department&page=,£1.65,£0.70/100g,,,/groceries/en-GB/products/265226166,https://digitalcontent.api.tesco.com/v2/media/ghs/d0324d56-bac5-42f6-bd6d-bd314dc2a566/a048f1e2-97e8-42a2-a88c-2c6e47a92fdb.jpeg?h=225&w=225,
268123571,Tesco Strawberry Cheesecake 500G,https://www.tesco.com/groceries/en-GB/shop/frozen-food/all?department=Christmas%20Frozen%20Food&viewAll=department&page=,£1.90,£0.38/100g,,,/groceries/en-GB/products/268123571,https://digitalcontent.api.tesco.com/v2/media/ghs/7a8beb45-025e-49b1-b47f-0fee26d775dc/5265846b-abb2-43f3-95c7-e1b57eb5ca07.jpeg?h=225&w=225,
310098029,Viennetta Chocolate Yule Log Ice Cream 650Ml,https://www.tesco.com/groceries/en-GB/shop/frozen-food/all?department=Christmas%20Frozen%20Food&viewAll=department&page=,£1.65,£0.25/100ml,£1.50 Clubcard Price,,/groceries/en-GB/products/310098029,https://digitalcontent.api.tesco.com/v2/media/ghs/15851384-7b26-420a-9f3e-4ec929d5a5d2/e3d96946-0921-4d71-a952-9c9860a01501.jpeg?h=225&w=225,
250603814,Viennetta Mint Ice Cream Dessert 650Ml,https://www.tesco.com/groceries/en-GB/shop/frozen-food/all?department=Christmas%20Frozen%20Food&viewAll=department&page=,£1.65,£2.54/litre,£1.50 Clubcard Price,,/groceries/en-GB/products/250603814,https://digitalcontent.api.tesco.com/v2/media/ghs/5f3cdc9a-e23d-495b-98ea-a7a87d8fa5d5/18fa6532-7615-4f4d-92d5-0249c5e0f6c6.jpeg?h=225&w=225,
287334661,Tesco Chocolate Cheesecake 425G,https://www.tesco.com/groceries/en-GB/shop/frozen-food/all?department=Christmas%20Frozen%20Food&viewAll=department&page=,£1.90,£0.45/100g,,,/groceries/en-GB/products/287334661,https://digitalcontent.api.tesco.com/v2/media/ghs/baed54b3-bfa2-486f-8556-6dab88f5bde5/fc2a4dd2-b4d6-43bc-b9cb-d072409974c3.jpeg?h=225&w=225,
301767640,Tesco Double Chocolate Yule Log 400G,https://www.tesco.com/groceries/en-GB/shop/frozen-food/all?department=Christmas%20Frozen%20Food&viewAll=department&page=,£2.00,£0.50/100g,,,/groceries/en-GB/products/301767640,https://digitalcontent.api.tesco.com/v2/media/ghs/2fcef79f-7dad-433c-b76d-30a8ec53f01c/cc232cc3-d219-45a5-af3c-62fb2ad0a1c4.jpeg?h=225&w=225,
312231589,Tesco Finest 8 Mini Lobster Mac & Cheese 160G,https://www.tesco.com/groceries/en-GB/shop/frozen-food/all?department=Christmas%20Frozen%20Food&viewAll=department&page=,£4.50,£2.82/100g,Any 3 for £10 Clubcard Price - Selected Tesco Finest* Frozen Party Food 90g - 200g,,/groceries/en-GB/products/312231589,https://digitalcontent.api.tesco.com/v2/media/ghs/506cbc6f-09a8-49a9-ab81-0e477284b080/504cb5cf-57c4-4da8-a14c-b6ee5ea453e7_72586108.jpeg?h=225&w=225,
263348261,Tesco Double Chocolate Gateau 600G,https://www.tesco.com/groceries/en-GB/shop/frozen-food/all?department=Christmas%20Frozen%20Food&viewAll=department&page=,£2.50,£0.42/100g,,,/groceries/en-GB/products/263348261,https://digitalcontent.api.tesco.com/v2/media/ghs/1a18c251-daaa-4b91-b07b-dc11d23c970f/b9575944-deae-400e-963a-334387269ac7.jpeg?h=225&w=225,
309499190,Tesco Strawberry Gateau Bar 400G,https://www.tesco.com/groceries/en-GB/shop/frozen-food/all?department=Christmas%20Frozen%20Food&viewAll=department&page=,£2.00,£0.50/100g,,,/groceries/en-GB/products/309499190,https://digitalcontent.api.tesco.com/v2/media/ghs/3a729502-a8fd-423d-bcfe-cd78fc67085e/ae0951f4-8096-489b-bc9a-ce1d8220c1b2.jpeg?h=225&w=225,
277143412,Tesco Black Forest Gateau 630G,https://www.tesco.com/groceries/en-GB/shop/frozen-food/all?department=Christmas%20Frozen%20Food&viewAll=department&page=,£2.50,£0.40/100g,,,/groceries/en-GB/products/277143412,https://digitalcontent.api.tesco.com/v2/media/ghs/c8f20400-cbd9-4770-8155-c66ea51cfca1/b6c54db1-c178-4c62-8568-8d824c055dc2.jpeg?h=225&w=225,
309176975,Tesco Chocolate Orange Gateau Bar 400G,https://www.tesco.com/groceries/en-GB/shop/frozen-food/all?department=Christmas%20Frozen%20Food&viewAll=department&page=,£2.00,£0.50/100g,,New,/groceries/en-GB/products/309176975,https://digitalcontent.api.tesco.com/v2/media/ghs/ec43cb89-7ef8-4478-9d2b-f74f2e631461/f2541e91-ae9e-4279-b728-1f5e4d134d7c.jpeg?h=225&w=225,
312363882,Tesco 8 Mini Lamb Koftas 180G,https://www.tesco.com/groceries/en-GB/shop/frozen-food/all?department=Christmas%20Frozen%20Food&viewAll=department&page=,£2.50,£1.39/100g,Any 3 for £6 Clubcard Price - Selected Tesco Frozen Party Food 120g - 564g,,/groceries/en-GB/products/312363882,https://digitalcontent.api.tesco.com/v2/media/ghs/e13c3f60-54ff-48d8-a8d0-5b280523f131/8626cfe7-6e8f-4cec-9399-115a6fe1efbc.jpeg?h=225&w=225,
311955074,Tesco 8 Mini Lemon Meringue Tarts 160G,https://www.tesco.com/groceries/en-GB/shop/frozen-food/all?department=Christmas%20Frozen%20Food&viewAll=department&page=,£3.00,£1.88/100g,Any 3 for £6 Clubcard Price - Selected Tesco Frozen Party Food 120g - 564g,,/groceries/en-GB/products/311955074,https://digitalcontent.api.tesco.com/v2/media/ghs/457925d9-53f9-4835-977d-c7e8458c3843/a75259dd-3076-40d3-9f95-4b71da804673_267418847.jpeg?h=225&w=225,
312829666,Tesco 8 Mini Salted Caramel Tarts 160G,https://www.tesco.com/groceries/en-GB/shop/frozen-food/all?department=Christmas%20Frozen%20Food&viewAll=department&page=,£3.00,£1.88/100g,Any 3 for £6 Clubcard Price - Selected Tesco Frozen Party Food 120g - 564g,,/groceries/en-GB/products/312829666,https://digitalcontent.api.tesco.com/v2/media/ghs/2e4354ea-7199-41b5-9716-ed53fa4d62d5/a44a0c45-04b1-431a-bac0-a3e549f612c7_1705237172.jpeg?h=225&w=225,
312210827,Tesco 8 Mini Fish Pies 124G,https://www.tesco.com/groceries/en-GB/shop/frozen-food/all?department=Christmas%20Frozen%20Food&viewAll=department&page=,£3.00,£2.42/100g,Any 3 for £6 Clubcard Price - Selected Tesco Frozen Party Food 120g - 564g,,/groceries/en-GB/products/312210827,https://digitalcontent.api.tesco.com/v2/media/ghs/2ba83c85-2ead-4a7b-ba29-5c5eac87d1bb/ed85fbe6-ace0-4783-8442-5abf93e8b542.jpeg?h=225&w=225,
311939566,Tesco Finest Bacon Wrapped Scallops 128G,https://www.tesco.com/groceries/en-GB/shop/frozen-food/all?department=Christmas%20Frozen%20Food&viewAll=department&page=,£5.50,£4.30/100g,Any 3 for £10 Clubcard Price - Selected Tesco Finest* Frozen Party Food 90g - 200g,,/groceries/en-GB/products/311939566,https://digitalcontent.api.tesco.com/v2/media/ghs/d37784c9-fd82-4c44-a471-7a7b81cdef23/c8af0a2c-c241-4c00-bc55-01bb985deb07_902656890.jpeg?h=225&w=225,
268369130,Tesco British Frozen Large Basted Whole Turkey Bird 5.3-6.9Kg,https://www.tesco.com/groceries/en-GB/shop/frozen-food/all?department=Christmas%20Frozen%20Food&viewAll=department&page=,£22.00,£4.16/kg,,,/groceries/en-GB/products/268369130,https://digitalcontent.api.tesco.com/v2/media/ghs/6b8fa708-5662-4145-8769-d85e3d366cf8/54e5e7eb-a307-40a9-84ec-2cf08d3cc8b6.jpeg?h=225&w=225,
268370352,Tesco British Frozen Extra Extra Large Basted Whole Turkey Bird 8.9Kg - 10.6Kg,https://www.tesco.com/groceries/en-GB/shop/frozen-food/all?department=Christmas%20Frozen%20Food&viewAll=department&page=,,,,,/groceries/en-GB/products/268370352,https://digitalcontent.api.tesco.com/v2/media/ghs/2fa5c46d-7384-481b-b445-280917504d5b/873d7ca2-632c-45ce-a4a7-ef3a3927caf5.jpeg?h=225&w=225,This product's currently out of stock
296276525,Tesco British Frozen Small Basted Whole Turkey Bird 2.6Kg - 3.8KG,https://www.tesco.com/groceries/en-GB/shop/frozen-food/all?department=Christmas%20Frozen%20Food&viewAll=department&page=,£14.00,£5.39/kg,,,/groceries/en-GB/products/296276525,https://digitalcontent.api.tesco.com/v2/media/ghs/6db1f95d-3892-4ca7-8b59-75341dcb5455/2df30a8a-eaf0-4b40-9feb-a7c523beb247.jpeg?h=225&w=225,
268370029,Tesco British Frozen Extra Large Basted Whole Turkey Bird 7.0-8.8Kg,https://www.tesco.com/groceries/en-GB/shop/frozen-food/all?department=Christmas%20Frozen%20Food&viewAll=department&page=,£26.00,£3.72/kg,,,/groceries/en-GB/products/268370029,https://digitalcontent.api.tesco.com/v2/media/ghs/a566c0a7-e290-45e5-976e-6602760d0140/cd4d435f-24e5-4f11-8bae-9dbcb37f6f57.jpeg?h=225&w=225,
311783607,Tesco Finest Whole Cooked Atlantic Lobster 400G,https://www.tesco.com/groceries/en-GB/shop/frozen-food/all?department=Christmas%20Frozen%20Food&viewAll=department&page=,£11.00,£27.50/kg,,New,/groceries/en-GB/products/311783607,https://digitalcontent.api.tesco.com/v2/media/ghs/980051dd-389b-4892-9a42-3e0a7928aabb/14fb416d-1c9d-4e11-8c91-711015f1ab36.jpeg?h=225&w=225,
312104677,Tesco Finest 2 Whole Raw Lobster Tails 220G,https://www.tesco.com/groceries/en-GB/shop/frozen-food/all?department=Christmas%20Frozen%20Food&viewAll=department&page=,£13.00,£59.10/kg,,New,/groceries/en-GB/products/312104677,,
312567140,Acre Lane Christmas Three Bird Roast & Stuffing 1.2Kg,https://www.tesco.com/groceries/en-GB/shop/frozen-food/all?department=Christmas%20Frozen%20Food&viewAll=department&page=,£11.00,£9.17/kg,,,/groceries/en-GB/products/312567140,https://digitalcontent.api.tesco.com/v2/media/ghs/ad1ab427-a6f3-419a-a07e-f8052e36ba0b/58a5aad5-a927-4325-bb4b-1115d231d089.jpeg?h=225&w=225,
312092286,Tesco Finest Pulled Beef Wellington 700G,https://www.tesco.com/groceries/en-GB/shop/frozen-food/all?department=Christmas%20Frozen%20Food&viewAll=department&page=,£8.50,£12.15/kg,,,/groceries/en-GB/products/312092286,https://digitalcontent.api.tesco.com/v2/media/ghs/3203870f-3917-4b3c-8925-b934295e0112/e2f95c92-400e-4055-ac59-75a83783c13a.jpeg?h=225&w=225,
312360574,E/Cmpny/Ltd 6 Mango Passion Fruit Cheesecake Bite 225G,https://www.tesco.com/groceries/en-GB/shop/frozen-food/all?department=Christmas%20Frozen%20Food&viewAll=department&page=,£4.00,£1.78/100g,£3.00 Clubcard Price,,/groceries/en-GB/products/312360574,https://digitalcontent.api.tesco.com/v2/media/ghs/fec7d1da-7eb8-4d2d-8d4f-8a6b6f2b8f81/097ae3ad-d143-4b62-84c9-9a4e2771bdad.jpeg?h=225&w=225,
312222257,English Cheesecake Company Ltd Cheesecake Chocolate Fudge & Cookie Dough390g,https://www.tesco.com/groceries/en-GB/shop/frozen-food/all?department=Christmas%20Frozen%20Food&viewAll=department&page=,£4.50,£1.16/100g,£4.00 Clubcard Price,,/groceries/en-GB/products/312222257,https://digitalcontent.api.tesco.com/v2/media/ghs/9ac57f9b-de74-472f-a623-73c648264410/a698f92c-8fda-4082-9dfe-0ed6c3add85b.jpeg?h=225&w=225,
304404173,Tesco King Prawns & Scallops In Prseco Sauce 200G,https://www.tesco.com/groceries/en-GB/shop/frozen-food/all?department=Christmas%20Frozen%20Food&viewAll=department&page=,£4.00,£20.00/kg,,,/groceries/en-GB/products/304404173,https://digitalcontent.api.tesco.com/v2/media/ghs/c23b0791-ab6d-4129-acf4-70ba62e6198a/ef8e61e0-80cb-4067-b4b4-1d5b04752cea.jpeg?h=225&w=225,
311958353,Tesco Finest Raspberry & Passion Fruit Meringue 472G,https://www.tesco.com/groceries/en-GB/shop/frozen-food/all?department=Christmas%20Frozen%20Food&viewAll=department&page=,£6.50,£1.38/100g,,New,/groceries/en-GB/products/311958353,https://digitalcontent.api.tesco.com/v2/media/ghs/cb829447-8152-4814-aee7-4f4de6e15678/36b5bfb6-49c6-4e07-91ca-0ffeb5c40fa1_846480265.jpeg?h=225&w=225,
312219037,Tesco Finest Salted Caramel & Chocolate Millionaires Choux Wreath 472G,https://www.tesco.com/groceries/en-GB/shop/frozen-food/all?department=Christmas%20Frozen%20Food&viewAll=department&page=,£6.50,£1.38/100g,,New,/groceries/en-GB/products/312219037,https://digitalcontent.api.tesco.com/v2/media/ghs/3af1ba73-db58-432e-aca5-7eaa07dcb3f0/55f8aaaa-37f8-41ee-8361-fd4dcf722b42_542014589.jpeg?h=225&w=225,
312856155,English Cheesecake Company Ltd 6 Cookies & Cream Cheesecake Bite 225G,https://www.tesco.com/groceries/en-GB/shop/frozen-food/all?department=Christmas%20Frozen%20Food&viewAll=department&page=,£4.00,£1.78/100g,£3.00 Clubcard Price,,/groceries/en-GB/products/312856155,https://digitalcontent.api.tesco.com/v2/media/ghs/81366e87-f122-4530-bf83-6754586ef0e0/04b3e4f5-b689-4f8e-9265-7ef74078fb5e.jpeg?h=225&w=225,
305729766,Tesco Finest Raspberry & Dark Chocolate Roulade 450G,https://www.tesco.com/groceries/en-GB/shop/frozen-food/all?department=Christmas%20Frozen%20Food&viewAll=department&page=,£5.00,£1.12/100g,,,/groceries/en-GB/products/305729766,https://digitalcontent.api.tesco.com/v2/media/ghs/9f5a225c-44be-44a6-83bc-f140f385f729/a45ae103-84bf-4da3-a243-53494632fbed.jpeg?h=225&w=225,
312563622,English Cheesecake Company Ltd 6 Vanilla With Lotus Cheesecake Bite 225G,https://www.tesco.com/groceries/en-GB/shop/frozen-food/all?department=Christmas%20Frozen%20Food&viewAll=department&page=,£4.00,£1.78/100g,£3.00 Clubcard Price,,/groceries/en-GB/products/312563622,https://digitalcontent.api.tesco.com/v2/media/ghs/ac065dc2-3efb-4e72-98d0-6de9cb6c746c/a016d4e2-a877-40f7-907e-09848ed79a1d_1235372167.jpeg?h=225&w=225,
312208007,Tesco Finest 8 Smoked Haddock Vol-Au Vents 148G,https://www.tesco.com/groceries/en-GB/shop/frozen-food/all?department=Christmas%20Frozen%20Food&viewAll=department&page=,£4.50,£3.05/100g,Any 3 for £10 Clubcard Price - Selected Tesco Finest* Frozen Party Food 90g - 200g,,/groceries/en-GB/products/312208007,https://digitalcontent.api.tesco.com/v2/media/ghs/bc5f924b-d48b-47ef-b830-550ee2b24ac6/905ffc47-83f6-47e0-840e-d68ec9b9e4c0_2046448187.jpeg?h=225&w=225,
299475089,Tesco Morello Cherry Bakewell Tart 410G,https://www.tesco.com/groceries/en-GB/shop/frozen-food/all?department=Christmas%20Frozen%20Food&viewAll=department&page=,£2.40,£0.59/100g,,,/groceries/en-GB/products/299475089,https://digitalcontent.api.tesco.com/v2/media/ghs/07943cfa-c3f1-4c29-9398-a038f5abf2b7/a8280f01-2c6b-4661-859c-ae50288ad6e2.jpeg?h=225&w=225,
309454796,Tesco Finest Mango & Raspberry Pavlova Stack 515G,https://www.tesco.com/groceries/en-GB/shop/frozen-food/all?department=Christmas%20Frozen%20Food&viewAll=department&page=,£5.50,£1.07/100g,,,/groceries/en-GB/products/309454796,https://digitalcontent.api.tesco.com/v2/media/ghs/506e33ec-8352-4c36-b871-dbb8954c5883/e895fc34-6055-42b5-864c-0e42770ac416.jpeg?h=225&w=225,
310666400,Tesco Finest Chocolate & Orange Tart 385G,https://www.tesco.com/groceries/en-GB/shop/frozen-food/all?department=Christmas%20Frozen%20Food&viewAll=department&page=,£3.00,£7.80/kg,,,/groceries/en-GB/products/310666400,https://digitalcontent.api.tesco.com/v2/media/ghs/1ff90bdc-6e62-4871-815a-aeb57ac4fee0/abbd7dad-52a5-4071-831f-ff87790af47a.jpeg?h=225&w=225,
309480263,Tesco 24 Piece Trimming Selection Pack 464G,https://www.tesco.com/groceries/en-GB/shop/frozen-food/all?department=Christmas%20Frozen%20Food&viewAll=department&page=,£3.60,£7.93/kg,,,/groceries/en-GB/products/309480263,https://digitalcontent.api.tesco.com/v2/media/ghs/13f3d579-618e-4f49-995d-724636ab1854/bd3562a1-5148-4214-81ed-4fd48d665bb2.jpeg?h=225&w=225,
311944191,Tesco Finest 6 Mini Coquille St Jacques 90G,https://www.tesco.com/groceries/en-GB/shop/frozen-food/all?department=Christmas%20Frozen%20Food&viewAll=department&page=,£4.50,£5.00/100g,Any 3 for £10 Clubcard Price - Selected Tesco Finest* Frozen Party Food 90g - 200g,,/groceries/en-GB/products/311944191,https://digitalcontent.api.tesco.com/v2/media/ghs/c416be63-7d26-4530-b186-3196bd904ce6/fe99291c-1747-4032-9f5d-3adbd45caf03_1696537625.jpeg?h=225&w=225,
312352590,Tesco Finest 10 Mini Duck Pancakes 200G,https://www.tesco.com/groceries/en-GB/shop/frozen-food/all?department=Christmas%20Frozen%20Food&viewAll=department&page=,£4.50,£2.25/100g,Any 3 for £10 Clubcard Price - Selected Tesco Finest* Frozen Party Food 90g - 200g,,/groceries/en-GB/products/312352590,https://digitalcontent.api.tesco.com/v2/media/ghs/aab89248-bf2f-4e74-9943-48e0b0834420/d9a6569c-aaa1-4357-b101-99a7a7aea4d5_202142913.jpeg?h=225&w=225,
312209847,Tesco Finest 10 Bacon Wrapped King Prawns 160G,https://www.tesco.com/groceries/en-GB/shop/frozen-food/all?department=Christmas%20Frozen%20Food&viewAll=department&page=,£4.50,£2.82/100g,Any 3 for £10 Clubcard Price - Selected Tesco Finest* Frozen Party Food 90g - 200g,,/groceries/en-GB/products/312209847,https://digitalcontent.api.tesco.com/v2/media/ghs/ca594a35-0f3e-420f-bf79-ca339087dab0/91c31018-b21c-4112-9e84-e00fdc550a74_232857946.jpeg?h=225&w=225,
295327715,Aunt Bessies Roast Parsnips Honey Glazed 500G,https://www.tesco.com/groceries/en-GB/shop/frozen-food/all?department=Frozen%20Vegetables%20%26%20Herbs&viewAll=department&page=,£2.50,£0.50/100g,,,/groceries/en-GB/products/295327715,https://digitalcontent.api.tesco.com/v2/media/ghs/8f97bdfd-d4ee-496f-9157-b283a2101199/07481977-92ee-42b7-b114-f47f5373879a.jpeg?h=225&w=225,
277220632,Birds Eye 2 Fragrant Golden Vegetable Rice 380G,https://www.tesco.com/groceries/en-GB/shop/frozen-food/all?department=Frozen%20Vegetables%20%26%20Herbs&viewAll=department&page=,£2.70,£7.11/kg,Any 2 for £4 Clubcard Price - Selected Birds Eye Steamfresh And Nat Veg 300g - 640g,,/groceries/en-GB/products/277220632,https://digitalcontent.api.tesco.com/v2/media/ghs/70b4c259-13e1-4778-8eed-6c8f718704ba/4d257732-b93e-4302-afcb-250581833f2c.jpeg?h=225&w=225,
271223759,Tesco 4 Steam Bag Carrots Broccoli & Sweetcorn 640G,https://www.tesco.com/groceries/en-GB/shop/frozen-food/all?department=Frozen%20Vegetables%20%26%20Herbs&viewAll=department&page=,£2.10,£3.29/kg,,,/groceries/en-GB/products/271223759,https://digitalcontent.api.tesco.com/v2/media/ghs/83ef149b-65ce-410f-9748-621e2f508176/17d35733-9123-470a-aa0f-9f44d4c496ec.jpeg?h=225&w=225,
297395359,Tesco Cauliflower Rice 4 Pack 600G,https://www.tesco.com/groceries/en-GB/shop/frozen-food/all?department=Frozen%20Vegetables%20%26%20Herbs&viewAll=department&page=,£2.10,£0.35/100g,,,/groceries/en-GB/products/297395359,https://digitalcontent.api.tesco.com/v2/media/ghs/5ddc256b-5361-4144-b848-6b1c0beacc73/dec59334-6712-4afd-94b5-7dd274b5bc15.jpeg?h=225&w=225,
311686530,Tesco Maple & Thyme Baby Parsnips & Carrots 500G,https://www.tesco.com/groceries/en-GB/shop/frozen-food/all?department=Frozen%20Vegetables%20%26%20Herbs&viewAll=department&page=,£2.20,£4.40/kg,,New,/groceries/en-GB/products/311686530,https://digitalcontent.api.tesco.com/v2/media/ghs/f73914f5-954b-4596-8268-e218ffc55b39/6cf0b4d0-566f-49fe-938a-42901c846b8c.jpeg?h=225&w=225,
277221026,Birds Eye Steamfresh 4 Family Favourite Mix Vegetable 540G,https://www.tesco.com/groceries/en-GB/shop/frozen-food/all?department=Frozen%20Vegetables%20%26%20Herbs&viewAll=department&page=,£2.70,£5.00/kg,Any 2 for £4 Clubcard Price - Selected Birds Eye Steamfresh And Nat Veg 300g - 640g,,/groceries/en-GB/products/277221026,https://digitalcontent.api.tesco.com/v2/media/ghs/cc7a067b-cb3c-4022-8333-1eba11b1cfc5/718eca23-bd6f-4e9e-89c3-7559d74cac45.jpeg?h=225&w=225,
308492112,Birds Eye Petits Pois 960G,https://www.tesco.com/groceries/en-GB/shop/frozen-food/all?department=Frozen%20Vegetables%20%26%20Herbs&viewAll=department&page=,£3.60,£3.75/kg,,,/groceries/en-GB/products/308492112,https://digitalcontent.api.tesco.com/v2/media/ghs/d1e3531d-8659-49c1-a4d2-304559af011b/9928e611-df6a-4a63-8232-fb5c2444b5ed.jpeg?h=225&w=225,
309480476,Birds Eye Supersweet Sweetcorn 640G,https://www.tesco.com/groceries/en-GB/shop/frozen-food/all?department=Frozen%20Vegetables%20%26%20Herbs&viewAll=department&page=,£2.70,£4.22/kg,Any 2 for £4 Clubcard Price - Selected Birds Eye Steamfresh And Nat Veg 300g - 640g,,/groceries/en-GB/products/309480476,https://digitalcontent.api.tesco.com/v2/media/ghs/a629905b-9a6e-4798-ab30-a0eb8bb61f91/7a8d1956-c22d-4163-9d19-d31eb19a8eb1.jpeg?h=225&w=225,
279422465,Tesco Finest British Petits Pois 750G,https://www.tesco.com/groceries/en-GB/shop/frozen-food/all?department=Frozen%20Vegetables%20%26%20Herbs&viewAll=department&page=,£2.25,£3.00/kg,,,/groceries/en-GB/products/279422465,https://digitalcontent.api.tesco.com/v2/media/ghs/059d4f0a-59a6-469b-9735-16908e9738dc/7aa967f9-b08b-4ac7-8268-7d9c2a2d741c.jpeg?h=225&w=225,
309449872,Birds Eye Country Mixed Vegetables 640G,https://www.tesco.com/groceries/en-GB/shop/frozen-food/all?department=Frozen%20Vegetables%20%26%20Herbs&viewAll=department&page=,£2.25,£3.52/kg,Any 2 for £4 Clubcard Price - Selected Birds Eye Steamfresh And Nat Veg 300g - 640g,,/groceries/en-GB/products/309449872,https://digitalcontent.api.tesco.com/v2/media/ghs/71685644-f8b4-4c33-8539-c1d2087fc14e/25d831c4-7ab4-4dc6-889e-004620d13d7f.jpeg?h=225&w=225,
273615270,Birds Eye Steamfresh 4 Super Sunshine Mix Vegetable 540G,https://www.tesco.com/groceries/en-GB/shop/frozen-food/all?department=Frozen%20Vegetables%20%26%20Herbs&viewAll=department&page=,£2.70,£5.00/kg,Any 2 for £4 Clubcard Price - Selected Birds Eye Steamfresh And Nat Veg 300g - 640g,,/groceries/en-GB/products/273615270,https://digitalcontent.api.tesco.com/v2/media/ghs/fc713c72-145c-4203-80bb-65726188f33a/373424a6-ad1a-48a1-84ef-74ab518ab738.jpeg?h=225&w=225,
276806379,Tesco Butternut Squash Chunks 500G,https://www.tesco.com/groceries/en-GB/shop/frozen-food/all?department=Frozen%20Vegetables%20%26%20Herbs&viewAll=department&page=,£1.50,£3.00/kg,,,/groceries/en-GB/products/276806379,https://digitalcontent.api.tesco.com/v2/media/ghs/3a98b53d-91b2-4f29-abb6-200f7b7ded60/8aa13806-9772-476d-bbed-689c1db82294.jpeg?h=225&w=225,
273122933,Birds Eye 4 Hearty Farmhouse Vegetable Mix 540G,https://www.tesco.com/groceries/en-GB/shop/frozen-food/all?department=Frozen%20Vegetables%20%26%20Herbs&viewAll=department&page=,£2.70,£5.00/kg,Any 2 for £4 Clubcard Price - Selected Birds Eye Steamfresh And Nat Veg 300g - 640g,,/groceries/en-GB/products/273122933,https://digitalcontent.api.tesco.com/v2/media/ghs/ca251f38-cffd-4def-8768-3bfd606d5489/01a60a79-eb79-4460-9d1a-fa7958be0921.jpeg?h=225&w=225,
297186584,Tesco Stir Fry Vegetable Mix 600G,https://www.tesco.com/groceries/en-GB/shop/frozen-food/all?department=Frozen%20Vegetables%20%26%20Herbs&viewAll=department&page=,£1.80,£3.00/kg,,,/groceries/en-GB/products/297186584,https://digitalcontent.api.tesco.com/v2/media/ghs/9b4fe93f-3acd-4c0b-adc6-a2c117e9ca47/acb28798-c4fc-4ba1-ac2d-349aa3e4478a.jpeg?h=225&w=225,
282489773,Tesco Leaf Spinach 900G,https://www.tesco.com/groceries/en-GB/shop/frozen-food/all?department=Frozen%20Vegetables%20%26%20Herbs&viewAll=department&page=,£1.60,£1.78/kg,,,/groceries/en-GB/products/282489773,https://digitalcontent.api.tesco.com/v2/media/ghs/823de91d-c565-4794-b666-3bdf316ccd18/28c0cd54-1423-4814-a4ee-87590067d37b.jpeg?h=225&w=225,
296118260,Birds Eye Petit Pois 545G,https://www.tesco.com/groceries/en-GB/shop/frozen-food/all?department=Frozen%20Vegetables%20%26%20Herbs&viewAll=department&page=,£2.45,£4.50/kg,,,/groceries/en-GB/products/296118260,https://digitalcontent.api.tesco.com/v2/media/ghs/4bae579e-c1c8-4979-bdfc-6fcd3519efb5/63056fa5-f275-4b5e-a48a-4e73595d9b4f.jpeg?h=225&w=225,
296118224,Birds Eye Garden Peas 800G,https://www.tesco.com/groceries/en-GB/shop/frozen-food/all?department=Frozen%20Vegetables%20%26%20Herbs&viewAll=department&page=,£2.35,£2.94/kg,Aldi Price Match,,/groceries/en-GB/products/296118224,https://digitalcontent.api.tesco.com/v2/media/ghs/4429c49f-c823-4fb5-84aa-3ee6b5d7e5af/21b99ae6-bd72-4933-a27d-b970e40c8676.jpeg?h=225&w=225,
311214709,Birds Eye Garden Peas 1.2Kg,https://www.tesco.com/groceries/en-GB/shop/frozen-food/all?department=Frozen%20Vegetables%20%26%20Herbs&viewAll=department&page=,£3.75,£3.13/kg,£3.00 Clubcard Price,,/groceries/en-GB/products/311214709,https://digitalcontent.api.tesco.com/v2/media/ghs/24953a2b-b3be-4f5f-828a-2b82768c12c7/97cf3446-7648-4069-bf57-1034c01a1c6d.jpeg?h=225&w=225,
282412496,Tesco Baby Broad Beans 650G,https://www.tesco.com/groceries/en-GB/shop/frozen-food/all?department=Frozen%20Vegetables%20%26%20Herbs&viewAll=department&page=,£1.50,£2.31/kg,,,/groceries/en-GB/products/282412496,https://digitalcontent.api.tesco.com/v2/media/ghs/aa48668b-83ed-4885-85dd-e851a58dfa11/474abb40-3975-40ee-acbb-ca812f95bccf.jpeg?h=225&w=225,
299539280,Tesco Frozen Sweet Potato Chunks 600G,https://www.tesco.com/groceries/en-GB/shop/frozen-food/all?department=Frozen%20Vegetables%20%26%20Herbs&viewAll=department&page=,£1.80,£3.00/kg,,,/groceries/en-GB/products/299539280,https://digitalcontent.api.tesco.com/v2/media/ghs/da2877a6-846c-4db9-a068-e4f83e8f7755/4f34eda3-f348-40d6-a5da-a8188bbea48e.jpeg?h=225&w=225,
296118201,Birds Eye Garden Peas 375G,https://www.tesco.com/groceries/en-GB/shop/frozen-food/all?department=Frozen%20Vegetables%20%26%20Herbs&viewAll=department&page=,£1.60,£4.27/kg,,,/groceries/en-GB/products/296118201,https://digitalcontent.api.tesco.com/v2/media/ghs/ffa48b4d-2003-4f78-85ba-bc4c7f2fa979/851f06ee-0277-4b5e-afb4-4790c7e1f610.jpeg?h=225&w=225,
281976198,Tesco Sliced Mushrooms 500G,https://www.tesco.com/groceries/en-GB/shop/frozen-food/all?department=Frozen%20Vegetables%20%26%20Herbs&viewAll=department&page=,£1.20,£2.40/kg,,,/groceries/en-GB/products/281976198,https://digitalcontent.api.tesco.com/v2/media/ghs/7a85b3ac-643d-4db8-846e-744fbbcd271d/1414357f-83ad-4f8c-8868-defcf0d0e02c.jpeg?h=225&w=225,
264889062,Tesco Farmhouse Mixed Vegetables 1Kg,https://www.tesco.com/groceries/en-GB/shop/frozen-food/all?department=Frozen%20Vegetables%20%26%20Herbs&viewAll=department&page=,£1.40,£1.40/kg,,,/groceries/en-GB/products/264889062,https://digitalcontent.api.tesco.com/v2/media/ghs/8d525780-7d28-4b8c-99a7-d9af889c2e87/881b02d9-7a1e-4ea4-ad5e-1aa00e63842f.jpeg?h=225&w=225,
281976296,Tesco Sliced Red Onions 500G,https://www.tesco.com/groceries/en-GB/shop/frozen-food/all?department=Frozen%20Vegetables%20%26%20Herbs&viewAll=department&page=,£1.00,£2.00/kg,,,/groceries/en-GB/products/281976296,https://digitalcontent.api.tesco.com/v2/media/ghs/19b6578f-b039-4ad0-ba5a-e4e9fd554103/26df1c7c-1829-4143-9c32-809021e98dbc.jpeg?h=225&w=225,
289766503,Tesco Chopped Garlic 100G,https://www.tesco.com/groceries/en-GB/shop/frozen-food/all?department=Frozen%20Vegetables%20%26%20Herbs&viewAll=department&page=,£1.60,£0.16/10g,,,/groceries/en-GB/products/289766503,https://digitalcontent.api.tesco.com/v2/media/ghs/85d185bb-a787-464c-b92d-5d71bb2f1fe2/97de5cff-19a3-48e4-8129-107a1274b95b.jpeg?h=225&w=225,
272599554,Tesco Supersweet Mini Corn On The Cob 875G,https://www.tesco.com/groceries/en-GB/shop/frozen-food/all?department=Frozen%20Vegetables%20%26%20Herbs&viewAll=department&page=,£1.60,£1.83/kg,,,/groceries/en-GB/products/272599554,https://digitalcontent.api.tesco.com/v2/media/ghs/18909eef-12c0-4c68-b262-abe016ade4f2/3409b07e-bf09-439d-8b81-0e41e6bbb70b.jpeg?h=225&w=225,
264421725,Tesco Sliced Carrots Peeled & Cut 1Kg,https://www.tesco.com/groceries/en-GB/shop/frozen-food/all?department=Frozen%20Vegetables%20%26%20Herbs&viewAll=department&page=,£1.09,£1.09/kg,Aldi Price Match,,/groceries/en-GB/products/264421725,https://digitalcontent.api.tesco.com/v2/media/ghs/bbc88d36-614d-4fd7-aa80-0b58df2aeb4d/677c5dd6-556e-40f9-ba6e-ef90a7bd6b58.jpeg?h=225&w=225,
289555718,Tesco Chantenay Carrots 600G,https://www.tesco.com/groceries/en-GB/shop/frozen-food/all?department=Frozen%20Vegetables%20%26%20Herbs&viewAll=department&page=,£1.25,£2.09/kg,,,/groceries/en-GB/products/289555718,https://digitalcontent.api.tesco.com/v2/media/ghs/81fabc0e-9e24-4d09-a2c5-3b3929d83062/59891e25-60ef-4de4-80bf-a8f4afe1d47e.jpeg?h=225&w=225,
263352376,Tesco Diced Onions 500G,https://www.tesco.com/groceries/en-GB/shop/frozen-food/all?department=Frozen%20Vegetables%20%26%20Herbs&viewAll=department&page=,,,,,/groceries/en-GB/products/263352376,https://digitalcontent.api.tesco.com/v2/media/ghs/e1c74d08-5974-4c88-b998-44c6ccc60f6c/700d608f-4722-42e9-8462-b95535b39959.jpeg?h=225&w=225,This product's currently out of stock
259488440,Tesco Supersweet Sweetcorn 1Kg,https://www.tesco.com/groceries/en-GB/shop/frozen-food/all?department=Frozen%20Vegetables%20%26%20Herbs&viewAll=department&page=,£1.60,£1.60/kg,,,/groceries/en-GB/products/259488440,https://digitalcontent.api.tesco.com/v2/media/ghs/4985e0dd-9224-4514-a4f1-6a8181edca93/bc2e42b7-7b59-40e8-b932-5a80bdb0ba23.jpeg?h=225&w=225,
259715593,Tesco Frozen Button Brussels Sprouts 1Kg,https://www.tesco.com/groceries/en-GB/shop/frozen-food/all?department=Frozen%20Vegetables%20%26%20Herbs&viewAll=department&page=,£1.30,£1.30/kg,,,/groceries/en-GB/products/259715593,https://digitalcontent.api.tesco.com/v2/media/ghs/56f97fa6-5c2a-40b5-9457-bd34302b45ab/d038fffd-ee64-4c72-ba27-99dc2c2c9504.jpeg?h=225&w=225,
256130808,Tesco Casserole Vegetables 1Kg,https://www.tesco.com/groceries/en-GB/shop/frozen-food/all?department=Frozen%20Vegetables%20%26%20Herbs&viewAll=department&page=,£1.00,£1.00/kg,,,/groceries/en-GB/products/256130808,https://digitalcontent.api.tesco.com/v2/media/ghs/cc4e78e6-b5d0-4aff-bac8-47c5d1c1894f/ef0a03e1-897a-4436-9e34-b9fab8b1a04e.jpeg?h=225&w=225,
263352514,Tesco Sliced Mixed Peppers 500G,https://www.tesco.com/groceries/en-GB/shop/frozen-food/all?department=Frozen%20Vegetables%20%26%20Herbs&viewAll=department&page=,£1.00,£2.00/kg,,,/groceries/en-GB/products/263352514,https://digitalcontent.api.tesco.com/v2/media/ghs/20954dca-5b5d-4e94-9b44-32e77ab3760a/40c22145-1cf3-4eb8-953a-f79627b3be66.jpeg?h=225&w=225,
250172608,Tesco Petits Pois 1Kg,https://www.tesco.com/groceries/en-GB/shop/frozen-food/all?department=Frozen%20Vegetables%20%26%20Herbs&viewAll=department&page=,£1.50,£1.50/kg,,,/groceries/en-GB/products/250172608,https://digitalcontent.api.tesco.com/v2/media/ghs/4c69ae43-3be1-46e7-955c-3dff40790f38/cc0c58d5-d6ea-4041-9b23-a05c8ff240ef.jpeg?h=225&w=225,
299539429,Grower's Harvest Sweetcorn 907G,https://www.tesco.com/groceries/en-GB/shop/frozen-food/all?department=Frozen%20Vegetables%20%26%20Herbs&viewAll=department&page=,£1.22,£1.35/kg,Aldi Price Match,,/groceries/en-GB/products/299539429,https://digitalcontent.api.tesco.com/v2/media/ghs/e4d38def-5dd3-4b72-ac9c-5ac8188faeae/c1c74372-a479-48b4-921f-1a1823cc239a.jpeg?h=225&w=225,
282489813,Tesco Fine Whole Green Beans 900G,https://www.tesco.com/groceries/en-GB/shop/frozen-food/all?department=Frozen%20Vegetables%20%26%20Herbs&viewAll=department&page=,,,,,/groceries/en-GB/products/282489813,https://digitalcontent.api.tesco.com/v2/media/ghs/ca186f16-e4bd-4e2b-b8c0-14af43f02b92/3d67f1d7-270d-47d2-a762-6ffa66c01e53.jpeg?h=225&w=225,This product's currently out of stock
264226012,Tesco Mixed Vegetables 1Kg,https://www.tesco.com/groceries/en-GB/shop/frozen-food/all?department=Frozen%20Vegetables%20%26%20Herbs&viewAll=department&page=,£1.00,£1.00/kg,,,/groceries/en-GB/products/264226012,https://digitalcontent.api.tesco.com/v2/media/ghs/53de0dcc-42e9-4a53-aafb-248b75084594/00a60c2a-5601-45ee-9681-d01da81d2587.jpeg?h=225&w=225,
250172580,Tesco Garden Peas 1Kg,https://www.tesco.com/groceries/en-GB/shop/frozen-food/all?department=Frozen%20Vegetables%20%26%20Herbs&viewAll=department&page=,£1.25,£1.25/kg,,,/groceries/en-GB/products/250172580,https://digitalcontent.api.tesco.com/v2/media/ghs/66652374-b166-44ed-9f08-5f9e831d82de/5cac3696-ba38-4541-8fcd-7043ceb3aac4.jpeg?h=225&w=225,
302282376,Growers Harvest Mixed Vegetables 1Kg,https://www.tesco.com/groceries/en-GB/shop/frozen-food/all?department=Frozen%20Vegetables%20%26%20Herbs&viewAll=department&page=,£0.89,£0.89/kg,Aldi Price Match,,/groceries/en-GB/products/302282376,https://digitalcontent.api.tesco.com/v2/media/ghs/fe71708b-da24-468f-9529-711c8a975860/ff53f262-bedf-4b04-bcc0-dd131f0cbdb1.jpeg?h=225&w=225,
282489750,Tesco Garden Peas 1.6Kg,https://www.tesco.com/groceries/en-GB/shop/frozen-food/all?department=Frozen%20Vegetables%20%26%20Herbs&viewAll=department&page=,£1.70,£1.07/kg,,,/groceries/en-GB/products/282489750,https://digitalcontent.api.tesco.com/v2/media/ghs/dc599dc4-3d00-476a-922e-2f164a6a152c/38844704-1812-407e-a9e2-2040b3f21f38.jpeg?h=225&w=225,
282485161,Tesco Broccoli Florets 900G,https://www.tesco.com/groceries/en-GB/shop/frozen-food/all?department=Frozen%20Vegetables%20%26%20Herbs&viewAll=department&page=,£1.00,£1.12/kg,,,/groceries/en-GB/products/282485161,https://digitalcontent.api.tesco.com/v2/media/ghs/be9171a9-0819-4397-917e-dc4e22834805/12291844-0bf5-4016-9214-37f1776b8f60.jpeg?h=225&w=225,
299539406,Grower's Harvest Garden Peas 900G,https://www.tesco.com/groceries/en-GB/shop/frozen-food/all?department=Frozen%20Vegetables%20%26%20Herbs&viewAll=department&page=,£0.55,£0.61/kg,Aldi Price Match,,/groceries/en-GB/products/299539406,https://digitalcontent.api.tesco.com/v2/media/ghs/90a787e2-ea78-4ebd-a09b-636577872df2/f7dc3f87-b205-43ec-ade3-f3c36407dac9.jpeg?h=225&w=225,
282484692,Tesco Broccoli & Cauliflower Floret Mix 900G,https://www.tesco.com/groceries/en-GB/shop/frozen-food/all?department=Frozen%20Vegetables%20%26%20Herbs&viewAll=department&page=,£0.80,£0.89/kg,Aldi Price Match,,/groceries/en-GB/products/282484692,https://digitalcontent.api.tesco.com/v2/media/ghs-mktg/b0b04216-fa73-466d-a9d7-c9fcfa1ce9b3/no-image.jpeg,
277220690,Birds Eye 2 Mediterranean Vegetable Rice 380G,https://www.tesco.com/groceries/en-GB/shop/frozen-food/all?department=Frozen%20Vegetables%20%26%20Herbs&viewAll=department&page=,£2.70,£7.11/kg,Any 2 for £4 Clubcard Price - Selected Birds Eye Steamfresh And Nat Veg 300g - 640g,,/groceries/en-GB/products/277220690,https://digitalcontent.api.tesco.com/v2/media/ghs-mktg/b0b04216-fa73-466d-a9d7-c9fcfa1ce9b3/no-image.jpeg,
311808537,Soupologie Carrot & Turmeric Souper Cubes Soup 6X150g,https://www.tesco.com/groceries/en-GB/shop/frozen-food/all?department=Frozen%20Vegetables%20%26%20Herbs&viewAll=department&page=,£3.50,£3.89/kg,,,/groceries/en-GB/products/311808537,https://digitalcontent.api.tesco.com/v2/media/ghs/a7a12e47-6c42-446b-adc0-61a11d13c3a5/866bf0e6-80cc-43be-9573-7435d588e7e8.jpeg?h=225&w=225,
311436412,Soupologie Pea & Leek Souper Cubes Soup 6X150g,https://www.tesco.com/groceries/en-GB/shop/frozen-food/all?department=Frozen%20Vegetables%20%26%20Herbs&viewAll=department&page=,£3.50,£3.89/kg,,,/groceries/en-GB/products/311436412,https://digitalcontent.api.tesco.com/v2/media/ghs/f6853a34-0862-4c12-96e5-5b8d293136c1/bd28b6d0-2e12-4827-815a-45e7202f1657.jpeg?h=225&w=225,
309744856,Birds Eye Garden Peas & Sweetcorn 640G,https://www.tesco.com/groceries/en-GB/shop/frozen-food/all?department=Frozen%20Vegetables%20%26%20Herbs&viewAll=department&page=,£2.70,£4.22/kg,Any 2 for £4 Clubcard Price - Selected Birds Eye Steamfresh And Nat Veg 300g - 640g,,/groceries/en-GB/products/309744856,,
271513353,Tesco 4X Steam Bags Mixed Greens & Corn 640G,https://www.tesco.com/groceries/en-GB/shop/frozen-food/all?department=Frozen%20Vegetables%20%26%20Herbs&viewAll=department&page=,£2.10,£3.29/kg,,,/groceries/en-GB/products/271513353,,
279511354,Birds Eye Vegetable Fusions Green Medley 300G,https://www.tesco.com/groceries/en-GB/shop/frozen-food/all?department=Frozen%20Vegetables%20%26%20Herbs&viewAll=department&page=,£2.70,£9.00/kg,Any 2 for £4 Clubcard Price - Selected Birds Eye Steamfresh And Nat Veg 300g - 640g,,/groceries/en-GB/products/279511354,https://digitalcontent.api.tesco.com/v2/media/ghs/b1f5b79b-2a73-46c3-96c8-47e4e2498ee2/f02e1a88-d610-40bc-bdb9-900f5382ef01.jpeg?h=225&w=225,
273125982,Birds Eye Steamfresh 4 Classic Garden Mix Vegetable 540G,https://www.tesco.com/groceries/en-GB/shop/frozen-food/all?department=Frozen%20Vegetables%20%26%20Herbs&viewAll=department&page=,£2.70,£5.00/kg,Any 2 for £4 Clubcard Price - Selected Birds Eye Steamfresh And Nat Veg 300g - 640g,,/groceries/en-GB/products/273125982,https://digitalcontent.api.tesco.com/v2/media/ghs/fd4821f9-fbfa-46fd-9fa8-c9ea81e84145/bac5540f-ce26-4f00-aff0-cbf7d325733b.jpeg?h=225&w=225,
282412415,Tesco Soya Beans 600G,https://www.tesco.com/groceries/en-GB/shop/frozen-food/all?department=Frozen%20Vegetables%20%26%20Herbs&viewAll=department&page=,£2.65,£4.42/kg,,,/groceries/en-GB/products/282412415,https://digitalcontent.api.tesco.com/v2/media/ghs/bafe923f-a9e0-48df-9245-62961dc4741c/80928907-5479-4729-818a-86f24443bb68.jpeg?h=225&w=225,
293723399,Tesco Garlic Breaded Mushrooms 400G,https://www.tesco.com/groceries/en-GB/shop/frozen-food/all?department=Frozen%20Vegetables%20%26%20Herbs&viewAll=department&page=,£2.00,£5.00/kg,,,/groceries/en-GB/products/293723399,https://digitalcontent.api.tesco.com/v2/media/ghs/46ed3d71-64d5-4841-8c07-5da412ecf82e/45d69632-200b-40f8-986a-5308139c97bc.jpeg?h=225&w=225,
296010777,Strong Roots Garlic Roasted Sweet Potato 500G,https://www.tesco.com/groceries/en-GB/shop/frozen-food/all?department=Frozen%20Vegetables%20%26%20Herbs&viewAll=department&page=,£3.30,£6.60/kg,,,/groceries/en-GB/products/296010777,https://digitalcontent.api.tesco.com/v2/media/ghs/5cd56efa-18a3-402f-a449-47ea9ab3294a/48c6b5d0-7609-4894-8965-da030f34a51d.jpeg?h=225&w=225,
299917869,Strong Roots Mixed Root Vegetable Fries 500G,https://www.tesco.com/groceries/en-GB/shop/frozen-food/all?department=Frozen%20Vegetables%20%26%20Herbs&viewAll=department&page=,£3.30,£6.60/kg,£2.50 Clubcard Price,,/groceries/en-GB/products/299917869,https://digitalcontent.api.tesco.com/v2/media/ghs/43976f9c-2502-46ba-901c-efe6bcc0091c/b2655a84-fd8b-4580-ac7b-d4f3b9f75648.jpeg?h=225&w=225,
268323259,Aunt Bessie's Mashed Carrot & Swede 500G,https://www.tesco.com/groceries/en-GB/shop/frozen-food/all?department=Frozen%20Vegetables%20%26%20Herbs&viewAll=department&page=,£2.00,£4.00/kg,,,/groceries/en-GB/products/268323259,https://digitalcontent.api.tesco.com/v2/media/ghs/bb66e8c7-6e6c-4600-8065-825f321539d2/71ad136b-14f7-4460-96f3-07d988162fea.jpeg?h=225&w=225,
309206359,Tesco Sprouts With Smoked Bacon & Chestnuts 500G,https://www.tesco.com/groceries/en-GB/shop/frozen-food/all?department=Frozen%20Vegetables%20%26%20Herbs&viewAll=department&page=,£2.20,£4.40/kg,,,/groceries/en-GB/products/309206359,https://digitalcontent.api.tesco.com/v2/media/ghs/0f305631-e83f-49f7-8688-dd84b77f3ce9/bc03c2a6-3f4c-4f35-ac88-1fa757c8214b.jpeg?h=225&w=225,
279399584,Tesco Edamame Beans In Pods 500G,https://www.tesco.com/groceries/en-GB/shop/frozen-food/all?department=Frozen%20Vegetables%20%26%20Herbs&viewAll=department&page=,£2.20,£4.40/kg,,,/groceries/en-GB/products/279399584,https://digitalcontent.api.tesco.com/v2/media/ghs/34f667d3-3037-4955-adac-9fa4f3c150e4/c6efe314-dd43-45c8-b2d3-5f40bfffc8c4.jpeg?h=225&w=225,
289890009,Tesco Frozen Avocado Chunks 500G,https://www.tesco.com/groceries/en-GB/shop/frozen-food/all?department=Frozen%20Vegetables%20%26%20Herbs&viewAll=department&page=,£3.15,£6.30/kg,,,/groceries/en-GB/products/289890009,https://digitalcontent.api.tesco.com/v2/media/ghs/08f046a6-4a0a-432a-a546-1e7eeba28399/5cac79d7-1c89-4dd0-b676-84a1107a0fb7.jpeg?h=225&w=225,
309191674,Tesco Asian Style Rice & Greens 2 X 200G,https://www.tesco.com/groceries/en-GB/shop/frozen-food/all?department=Frozen%20Vegetables%20%26%20Herbs&viewAll=department&page=,£1.65,£4.13/kg,,,/groceries/en-GB/products/309191674,https://digitalcontent.api.tesco.com/v2/media/ghs/10176d85-3e3a-4786-8ff1-9c95c0a3ca2b/fc5e95b2-187f-4d05-8e46-e1e347f392e0.jpeg?h=225&w=225,
281975176,Tesco Mushroom Medley 500G,https://www.tesco.com/groceries/en-GB/shop/frozen-food/all?department=Frozen%20Vegetables%20%26%20Herbs&viewAll=department&page=,£2.00,£4.00/kg,,,/groceries/en-GB/products/281975176,https://digitalcontent.api.tesco.com/v2/media/ghs/9f4a97dc-3c59-420f-ace3-d47765707833/db3d0918-e1f1-4bd8-b658-b537b93a8a5d.jpeg?h=225&w=225,
309189499,Tesco Mexican Inspired Rice & Vegetable 2X200g,https://www.tesco.com/groceries/en-GB/shop/frozen-food/all?department=Frozen%20Vegetables%20%26%20Herbs&viewAll=department&page=,£1.65,£4.13/kg DR.WT,,,/groceries/en-GB/products/309189499,https://digitalcontent.api.tesco.com/v2/media/ghs/fece87c3-c598-4403-8b21-7e9e2cccfa5a/ea21b7af-957d-4efa-aeea-a11ec92fc9fa.jpeg?h=225&w=225,
309458256,Tesco Seasoned British Parsnips 600G,https://www.tesco.com/groceries/en-GB/shop/frozen-food/all?department=Frozen%20Vegetables%20%26%20Herbs&viewAll=department&page=,£1.60,£0.27/100g,,,/groceries/en-GB/products/309458256,https://digitalcontent.api.tesco.com/v2/media/ghs/af743c7e-27c6-4e63-9811-77767c42dc12/8911f3f5-fedc-4249-b305-f80f7cb004fc.jpeg?h=225&w=225,
309741109,Birds Eye Garlic & Herb Corn On The Cob 2 Pack,https://www.tesco.com/groceries/en-GB/shop/frozen-food/all?department=Frozen%20Vegetables%20%26%20Herbs&viewAll=department&page=,£2.00,£1.00/each,,,/groceries/en-GB/products/309741109,https://digitalcontent.api.tesco.com/v2/media/ghs/a4d048a2-0078-4f86-bd97-76096ebdec04/1263d43c-8ce6-4b8e-b86c-41ccb2cacbc9.jpeg?h=225&w=225,
289766457,Tesco Chopped Ginger 75G,https://www.tesco.com/groceries/en-GB/shop/frozen-food/all?department=Frozen%20Vegetables%20%26%20Herbs&viewAll=department&page=,£1.60,£21.34/kg,,,/groceries/en-GB/products/289766457,https://digitalcontent.api.tesco.com/v2/media/ghs/0b815944-c391-419b-b37a-2fb386c5ba0e/2ecbc02b-f1c6-40b0-a669-a93ce597b844.jpeg?h=225&w=225,
291589900,Cofresh Ginger Garlic Cubes 400G,https://www.tesco.com/groceries/en-GB/shop/frozen-food/all?department=Frozen%20Vegetables%20%26%20Herbs&viewAll=department&page=,£1.15,£2.88/kg,,,/groceries/en-GB/products/291589900,https://digitalcontent.api.tesco.com/v2/media/ghs/e5e4e99d-477b-4e27-b63e-a499381d7f7f/39f1456e-bcbc-4a49-b54f-365e7d23adb1.jpeg?h=225&w=225,
308101133,Tesco Bean & Pea Mix 750G,https://www.tesco.com/groceries/en-GB/shop/frozen-food/all?department=Frozen%20Vegetables%20%26%20Herbs&viewAll=department&page=,£1.05,£1.40/kg,,,/groceries/en-GB/products/308101133,https://digitalcontent.api.tesco.com/v2/media/ghs/b71d3626-181c-4ca0-afa2-1662a68ccf40/fb6a4e9f-4577-40da-a03e-332e81490fec.jpeg?h=225&w=225,
307357540,Tenderstem Broccoli 180G,https://www.tesco.com/groceries/en-GB/shop/frozen-food/all?department=Frozen%20Vegetables%20%26%20Herbs&viewAll=department&page=,£1.20,£6.67/kg,,,/groceries/en-GB/products/307357540,https://digitalcontent.api.tesco.com/v2/media/ghs/decd8fc8-89ef-4632-9bdc-8904ee484087/eb5260ac-0a51-4d14-a52b-6e1075601b10.jpeg?h=225&w=225,
267361094,Aunt Bessie's Homestyle Mini Roasties 700G,https://www.tesco.com/groceries/en-GB/shop/frozen-food/all?department=Frozen%20Chips%2C%20Onion%20Rings%2C%20Potatoes%20%26%20Rice&viewAll=department&page=,£2.85,£4.08/kg,,,/groceries/en-GB/products/267361094,https://digitalcontent.api.tesco.com/v2/media/ghs/2512a0ff-c57d-4428-9c32-1d24cc457d60/d7b80ebc-941d-4b3f-81e3-ede9c2c78076.jpeg?h=225&w=225,
289044223,Aunt Bessie's Duck Fat Roast Potatoes 700G,https://www.tesco.com/groceries/en-GB/shop/frozen-food/all?department=Frozen%20Chips%2C%20Onion%20Rings%2C%20Potatoes%20%26%20Rice&viewAll=department&page=,£3.40,£4.86/kg,,,/groceries/en-GB/products/289044223,https://digitalcontent.api.tesco.com/v2/media/ghs/27d2b5b0-6027-40a6-b1bb-c8a888dfa932/3b8d6c72-9d56-4cf8-951e-a22fec8b8ea6.jpeg?h=225&w=225,
258601752,Tesco Finest British Chunky Oven Chips 1.5Kg,https://www.tesco.com/groceries/en-GB/shop/frozen-food/all?department=Frozen%20Chips%2C%20Onion%20Rings%2C%20Potatoes%20%26%20Rice&viewAll=department&page=,£3.50,£2.34/kg,,,/groceries/en-GB/products/258601752,https://digitalcontent.api.tesco.com/v2/media/ghs/e93b07c9-8b79-4178-86de-bb6bb700ca6a/475bf724-7f57-4fc3-a86f-db4b3e89517e.jpeg?h=225&w=225,
295627297,Mccain Skin On Fries 800G,https://www.tesco.com/groceries/en-GB/shop/frozen-food/all?department=Frozen%20Chips%2C%20Onion%20Rings%2C%20Potatoes%20%26%20Rice&viewAll=department&page=,£3.50,£4.38/kg,,,/groceries/en-GB/products/295627297,https://digitalcontent.api.tesco.com/v2/media/ghs/773cddbf-4b7d-4f6d-a11b-b27545e4510a/8dbbf29b-0e87-4453-9cc0-a11a52849743.jpeg?h=225&w=225,
304375062,Mccain Jackets 8 Pack 1.6Kg,https://www.tesco.com/groceries/en-GB/shop/frozen-food/all?department=Frozen%20Chips%2C%20Onion%20Rings%2C%20Potatoes%20%26%20Rice&viewAll=department&page=,£4.80,£3.00/kg,,,/groceries/en-GB/products/304375062,https://digitalcontent.api.tesco.com/v2/media/ghs/007d7df0-8383-443f-8f3e-ee07df683922/5749a285-a169-4bbc-80cd-dab3e0e59249.jpeg?h=225&w=225,
253329322,Original Microwave Fries To Go 3 X 90G,https://www.tesco.com/groceries/en-GB/shop/frozen-food/all?department=Frozen%20Chips%2C%20Onion%20Rings%2C%20Potatoes%20%26%20Rice&viewAll=department&page=,£2.70,£10.00/kg,,,/groceries/en-GB/products/253329322,https://digitalcontent.api.tesco.com/v2/media/ghs/887e0791-5f20-42bf-b8ce-4fc643936473/ed6f5512-2ab6-44d4-84a3-63efbbe11a95.jpeg?h=225&w=225,
253297888,Mccain Home Chips 2.25Kg,https://www.tesco.com/groceries/en-GB/shop/frozen-food/all?department=Frozen%20Chips%2C%20Onion%20Rings%2C%20Potatoes%20%26%20Rice&viewAll=department&page=,£4.30,£1.92/kg,,,/groceries/en-GB/products/253297888,https://digitalcontent.api.tesco.com/v2/media/ghs/28364d30-4d38-47bf-abc0-2d11e1c6f8a9/b1081d9d-4f88-42c9-97dc-0c5acdca0420.jpeg?h=225&w=225,
296120036,Birds Eye Alphabites 456G,https://www.tesco.com/groceries/en-GB/shop/frozen-food/all?department=Frozen%20Chips%2C%20Onion%20Rings%2C%20Potatoes%20%26%20Rice&viewAll=department&page=,£2.40,£5.27/kg,,,/groceries/en-GB/products/296120036,https://digitalcontent.api.tesco.com/v2/media/ghs/a237f49b-de73-4215-98a7-f5b867fc62fe/a3dde31d-78a7-4a9e-a08a-7d6bd684e60e.jpeg?h=225&w=225,
285981686,Mccain Hash Browns 625G,https://www.tesco.com/groceries/en-GB/shop/frozen-food/all?department=Frozen%20Chips%2C%20Onion%20Rings%2C%20Potatoes%20%26%20Rice&viewAll=department&page=,£2.50,£4.00/kg,,,/groceries/en-GB/products/285981686,https://digitalcontent.api.tesco.com/v2/media/ghs/6b9f799e-14da-4023-b899-59d063bb5137/d8f0ff34-1b24-4c44-ba46-bb2ba72a5c97.jpeg?h=225&w=225,
306800305,Mccain Triple Cooked Gastro Chips 1.2Kg,https://www.tesco.com/groceries/en-GB/shop/frozen-food/all?department=Frozen%20Chips%2C%20Onion%20Rings%2C%20Potatoes%20%26%20Rice&viewAll=department&page=,£4.30,£3.59/kg,,,/groceries/en-GB/products/306800305,https://digitalcontent.api.tesco.com/v2/media/ghs/f47210b3-6a87-4ef4-941f-5984d2c83ec1/b7eb6da2-98da-41b2-b858-575a64cfb647.jpeg?h=225&w=225,
292140335,Mccain Sweet Potato Fries 500G,https://www.tesco.com/groceries/en-GB/shop/frozen-food/all?department=Frozen%20Chips%2C%20Onion%20Rings%2C%20Potatoes%20%26%20Rice&viewAll=department&page=,£3.30,£6.60/kg,,,/groceries/en-GB/products/292140335,https://digitalcontent.api.tesco.com/v2/media/ghs/9aec66e8-7c64-43ce-9b09-1f3232da192e/07fada5c-bed7-493c-a0d2-5945a9cb8eb3.jpeg?h=225&w=225,
279570726,Tesco Sweet Potato Oven Chips 500G,https://www.tesco.com/groceries/en-GB/shop/frozen-food/all?department=Frozen%20Chips%2C%20Onion%20Rings%2C%20Potatoes%20%26%20Rice&viewAll=department&page=,£2.75,£5.50/kg,,,/groceries/en-GB/products/279570726,https://digitalcontent.api.tesco.com/v2/media/ghs/53df087c-b641-43ab-b538-e265ef1d2b19/2de690a7-8fbf-467e-92c2-eb1809651f5f.jpeg?h=225&w=225,
305975341,Mccain Home Chips Straight Cut 1.6Kg,https://www.tesco.com/groceries/en-GB/shop/frozen-food/all?department=Frozen%20Chips%2C%20Onion%20Rings%2C%20Potatoes%20%26%20Rice&viewAll=department&page=,£4.00,£2.50/kg,£3.00 Clubcard Price,,/groceries/en-GB/products/305975341,https://digitalcontent.api.tesco.com/v2/media/ghs/ba2e7955-2c64-4079-8cd1-575fdf12061a/2fb5bf9d-3704-4edb-9fea-a73b6b30f71b.jpeg?h=225&w=225,
306503133,Mccain Home Chips Crinkle Cut 1.6Kg,https://www.tesco.com/groceries/en-GB/shop/frozen-food/all?department=Frozen%20Chips%2C%20Onion%20Rings%2C%20Potatoes%20%26%20Rice&viewAll=department&page=,£4.00,£2.50/kg,,,/groceries/en-GB/products/306503133,https://digitalcontent.api.tesco.com/v2/media/ghs/785bc4f5-69f6-4e68-9af9-68c8fea12de2/07db7518-6895-4377-99ea-756735294315.jpeg?h=225&w=225,
306499724,Mccain Naked Oven Chips Straight 1.7Kg,https://www.tesco.com/groceries/en-GB/shop/frozen-food/all?department=Frozen%20Chips%2C%20Onion%20Rings%2C%20Potatoes%20%26%20Rice&viewAll=department&page=,£3.00,£1.77/kg,,,/groceries/en-GB/products/306499724,https://digitalcontent.api.tesco.com/v2/media/ghs/8cb3fa86-8c2a-4aac-991b-3ce4009d0f5c/cba331ab-800d-4225-84aa-e5cf8764acdc.jpeg?h=225&w=225,
277314942,Birds Eye 18 Potato Waffles 1.02Kg,https://www.tesco.com/groceries/en-GB/shop/frozen-food/all?department=Frozen%20Chips%2C%20Onion%20Rings%2C%20Potatoes%20%26%20Rice&viewAll=department&page=,£3.00,£2.95/kg,,,/groceries/en-GB/products/277314942,https://digitalcontent.api.tesco.com/v2/media/ghs/d449a105-2e14-499b-b184-16c78d2018cb/9dc17736-a226-4587-bf09-113498ed8278.jpeg?h=225&w=225,
251292418,Mccain Smiles 454G,https://www.tesco.com/groceries/en-GB/shop/frozen-food/all?department=Frozen%20Chips%2C%20Onion%20Rings%2C%20Potatoes%20%26%20Rice&viewAll=department&page=,£2.30,£5.07/kg,,,/groceries/en-GB/products/251292418,https://digitalcontent.api.tesco.com/v2/media/ghs/b5ad6f0e-a8c0-4b39-b152-0e777486bcaa/e70ba83e-c6d4-4ef5-ae44-938eda9559fb.jpeg?h=225&w=225,
284197579,Mccain Crispy French Fries 900G,https://www.tesco.com/groceries/en-GB/shop/frozen-food/all?department=Frozen%20Chips%2C%20Onion%20Rings%2C%20Potatoes%20%26%20Rice&viewAll=department&page=,£3.00,£3.34/kg,,,/groceries/en-GB/products/284197579,https://digitalcontent.api.tesco.com/v2/media/ghs/4e7f9f79-87f6-47c9-b91c-ad939b0f2060/74b58b4f-754a-4314-8a8f-8fc1dc54d11d.jpeg?h=225&w=225,
284197533,Mccain Crispy French Fries 1.4Kg,https://www.tesco.com/groceries/en-GB/shop/frozen-food/all?department=Frozen%20Chips%2C%20Onion%20Rings%2C%20Potatoes%20%26%20Rice&viewAll=department&page=,£4.00,£2.86/kg,£3.00 Clubcard Price,,/groceries/en-GB/products/284197533,https://digitalcontent.api.tesco.com/v2/media/ghs/60022486-2779-4f2c-b539-0fc462b4ef80/f987b37c-8bf1-4820-8490-97ca0d039c9c.jpeg?h=225&w=225,
272423694,Mccain 4 Ready Baked Jackets 800G,https://www.tesco.com/groceries/en-GB/shop/frozen-food/all?department=Frozen%20Chips%2C%20Onion%20Rings%2C%20Potatoes%20%26%20Rice&viewAll=department&page=,£3.30,£4.13/kg,£2.50 Clubcard Price,,/groceries/en-GB/products/272423694,https://digitalcontent.api.tesco.com/v2/media/ghs/ebbfab16-c21b-42bc-a046-b945bb1e461d/91c68848-1ad2-4720-b806-cb80baa1092f.jpeg?h=225&w=225,
293723278,Mccain Gastro Chips 700G,https://www.tesco.com/groceries/en-GB/shop/frozen-food/all?department=Frozen%20Chips%2C%20Onion%20Rings%2C%20Potatoes%20%26%20Rice&viewAll=department&page=,£3.50,£5.00/kg,£2.50 Clubcard Price,,/groceries/en-GB/products/293723278,https://digitalcontent.api.tesco.com/v2/media/ghs/ed84d081-7dbf-4095-9d95-5bd4dabe7203/fe0a57fa-ef7e-4334-b29d-be61cb3f3f60.jpeg?h=225&w=225,
305941744,Mccain Home Chips Straight Cut 1Kg,https://www.tesco.com/groceries/en-GB/shop/frozen-food/all?department=Frozen%20Chips%2C%20Onion%20Rings%2C%20Potatoes%20%26%20Rice&viewAll=department&page=,£3.00,£3.00/kg,,,/groceries/en-GB/products/305941744,https://digitalcontent.api.tesco.com/v2/media/ghs/dd7c4cf4-774d-4b41-afd8-cc0500c2d2bb/0d8e5071-a039-419f-b582-57d713063de6.jpeg?h=225&w=225,
282059833,Tesco Crispy Potatoes 750G,https://www.tesco.com/groceries/en-GB/shop/frozen-food/all?department=Frozen%20Chips%2C%20Onion%20Rings%2C%20Potatoes%20%26%20Rice&viewAll=department&page=,£1.80,£2.40/kg,,,/groceries/en-GB/products/282059833,https://digitalcontent.api.tesco.com/v2/media/ghs/9026037d-badb-4e11-be87-232fb6f72ef2/329e0f44-d541-44c2-a064-4ae408fa9d5c.jpeg?h=225&w=225,
309790587,Birds Eye Chicken Shop Hash Brown Potato Bites 500G,https://www.tesco.com/groceries/en-GB/shop/frozen-food/all?department=Frozen%20Chips%2C%20Onion%20Rings%2C%20Potatoes%20%26%20Rice&viewAll=department&page=,£2.20,£4.40/kg,,,/groceries/en-GB/products/309790587,https://digitalcontent.api.tesco.com/v2/media/ghs/4b73ea1d-6c50-47e0-b3af-0207608dacf5/09dfe7b0-3b50-49b0-8235-4bf19bce2b20.jpeg?h=225&w=225,
286999595,Tesco Potato Lattices 550G,https://www.tesco.com/groceries/en-GB/shop/frozen-food/all?department=Frozen%20Chips%2C%20Onion%20Rings%2C%20Potatoes%20%26%20Rice&viewAll=department&page=,£1.85,£3.37/kg,,,/groceries/en-GB/products/286999595,https://digitalcontent.api.tesco.com/v2/media/ghs/e6df5a74-8532-4122-9f2a-dbe1d4482115/95460f18-0235-401f-81f1-a44f434cb9d3.jpeg?h=225&w=225,
305967155,Mccain Naked Oven Chips Straight 900G,https://www.tesco.com/groceries/en-GB/shop/frozen-food/all?department=Frozen%20Chips%2C%20Onion%20Rings%2C%20Potatoes%20%26%20Rice&viewAll=department&page=,£1.95,£2.17/kg,,,/groceries/en-GB/products/305967155,https://digitalcontent.api.tesco.com/v2/media/ghs/467dfc79-acf2-4420-8e72-61483c3fc861/ef030e44-01a7-430f-b2fc-69171bfae9b8.jpeg?h=225&w=225,
276037655,Mccain Crinkle Cut Home Chips 1Kg,https://www.tesco.com/groceries/en-GB/shop/frozen-food/all?department=Frozen%20Chips%2C%20Onion%20Rings%2C%20Potatoes%20%26%20Rice&viewAll=department&page=,£3.00,£3.00/kg,,,/groceries/en-GB/products/276037655,https://digitalcontent.api.tesco.com/v2/media/ghs/ca745272-9b0c-4746-92f4-5e4ed91ecfe5/b22b6543-9723-42b8-a88a-58ad97f95dbc.jpeg?h=225&w=225,
277314723,Birds Eye 10 Potato Waffles 567G,https://www.tesco.com/groceries/en-GB/shop/frozen-food/all?department=Frozen%20Chips%2C%20Onion%20Rings%2C%20Potatoes%20%26%20Rice&viewAll=department&page=,£2.35,£4.15/kg,,,/groceries/en-GB/products/277314723,https://digitalcontent.api.tesco.com/v2/media/ghs/e1647daf-4761-46ec-bc99-9ddad567c2d6/d5a661bc-2342-40af-8b08-25928124510f.jpeg?h=225&w=225,
293702447,Tesco Beer Battered Onion Rings 300G,https://www.tesco.com/groceries/en-GB/shop/frozen-food/all?department=Frozen%20Chips%2C%20Onion%20Rings%2C%20Potatoes%20%26%20Rice&viewAll=department&page=,£1.60,£0.53/100g,,,/groceries/en-GB/products/293702447,https://digitalcontent.api.tesco.com/v2/media/ghs/36a9327c-361c-4ff0-abd3-f1d16622155c/129a0c45-b397-4093-aa23-856360f77f35.jpeg?h=225&w=225,
306501043,Mccain Lightly Spiced Wedges 650G,https://www.tesco.com/groceries/en-GB/shop/frozen-food/all?department=Frozen%20Chips%2C%20Onion%20Rings%2C%20Potatoes%20%26%20Rice&viewAll=department&page=,£2.40,£3.70/kg,£1.50 Clubcard Price,,/groceries/en-GB/products/306501043,https://digitalcontent.api.tesco.com/v2/media/ghs/0576cc02-1d97-465c-935d-8efdb4d283e5/4d390597-bd45-4e04-b838-fe6d33286da1.jpeg?h=225&w=225,
311201347,Aunt Bessie's Crispy & Fluffy Roasties 720G,https://www.tesco.com/groceries/en-GB/shop/frozen-food/all?department=Frozen%20Chips%2C%20Onion%20Rings%2C%20Potatoes%20%26%20Rice&viewAll=department&page=,£2.00,£2.78/kg,£1.50 Clubcard Price,,/groceries/en-GB/products/311201347,https://digitalcontent.api.tesco.com/v2/media/ghs/5198f76e-b7ec-4d87-ac23-9ba5c3f3febb/148cf8fe-5ca2-49de-aa29-8b1b2ac5d4db.jpeg?h=225&w=225,
282059931,Tesco Hash Browns 750G,https://www.tesco.com/groceries/en-GB/shop/frozen-food/all?department=Frozen%20Chips%2C%20Onion%20Rings%2C%20Potatoes%20%26%20Rice&viewAll=department&page=,£1.70,£2.27/kg,,,/groceries/en-GB/products/282059931,https://digitalcontent.api.tesco.com/v2/media/ghs/c5f0d507-7883-46bf-8660-551ef79c99ae/06928b3d-7dbc-45f0-babc-4eb91174fb27.jpeg?h=225&w=225,
285679405,Tesco Homestyle Straight Cut Oven Chips 950G,https://www.tesco.com/groceries/en-GB/shop/frozen-food/all?department=Frozen%20Chips%2C%20Onion%20Rings%2C%20Potatoes%20%26%20Rice&viewAll=department&page=,£1.85,£1.95/kg,,,/groceries/en-GB/products/285679405,https://digitalcontent.api.tesco.com/v2/media/ghs/e9b7a88b-8880-4471-9ba3-90726d9d8d25/a8c7c3f5-6d5d-40d9-b49a-9055e564ca41.jpeg?h=225&w=225,
292797630,Tesco Mashed Potato 900G,https://www.tesco.com/groceries/en-GB/shop/frozen-food/all?department=Frozen%20Chips%2C%20Onion%20Rings%2C%20Potatoes%20%26%20Rice&viewAll=department&page=,£1.55,£1.73/kg,,,/groceries/en-GB/products/292797630,https://digitalcontent.api.tesco.com/v2/media/ghs/906fa612-9966-4270-928b-91a114017b39/904b28dd-236a-4034-a137-97a404fe618e.jpeg?h=225&w=225,
282059879,Tesco Curly Fries 700G,https://www.tesco.com/groceries/en-GB/shop/frozen-food/all?department=Frozen%20Chips%2C%20Onion%20Rings%2C%20Potatoes%20%26%20Rice&viewAll=department&page=,£1.80,£2.58/kg,,,/groceries/en-GB/products/282059879,https://digitalcontent.api.tesco.com/v2/media/ghs/3034769a-03cd-441f-ba3a-f65ff97df893/5f607844-175a-4c1b-83dd-4b494b3cddec.jpeg?h=225&w=225,
285679428,Tesco Homestyle Crinkle Cut Oven Chips 950G,https://www.tesco.com/groceries/en-GB/shop/frozen-food/all?department=Frozen%20Chips%2C%20Onion%20Rings%2C%20Potatoes%20%26%20Rice&viewAll=department&page=,£1.85,£1.95/kg,,,/groceries/en-GB/products/285679428,https://digitalcontent.api.tesco.com/v2/media/ghs/29bdd78c-4435-4508-b6c5-e0541568b5e8/786ee793-bd36-4027-936a-ed10abe2d8df.jpeg?h=225&w=225,
299538943,Hearty Food Co Crispy Potato Pops 500G,https://www.tesco.com/groceries/en-GB/shop/frozen-food/all?department=Frozen%20Chips%2C%20Onion%20Rings%2C%20Potatoes%20%26%20Rice&viewAll=department&page=,£1.00,£2.00/kg,,,/groceries/en-GB/products/299538943,https://digitalcontent.api.tesco.com/v2/media/ghs/e5fff3b8-1c8e-4835-a437-007b522ab896/33a18fd6-382c-4b42-b4a3-14ee300546ac.jpeg?h=225&w=225,
264802344,Tesco Spicy Potato Wedges 750G,https://www.tesco.com/groceries/en-GB/shop/frozen-food/all?department=Frozen%20Chips%2C%20Onion%20Rings%2C%20Potatoes%20%26%20Rice&viewAll=department&page=,£1.30,£1.74/kg,,,/groceries/en-GB/products/264802344,https://digitalcontent.api.tesco.com/v2/media/ghs/cc42c280-358b-4ce0-820d-0b2223d57afb/f2a5e1e4-b1e8-4b46-b39f-b6e06dd39fe1.jpeg?h=225&w=225,
282052662,Tesco Crinkle Cut Oven Chips 1.5Kg,https://www.tesco.com/groceries/en-GB/shop/frozen-food/all?department=Frozen%20Chips%2C%20Onion%20Rings%2C%20Potatoes%20%26%20Rice&viewAll=department&page=,£2.15,£1.44/kg,,,/groceries/en-GB/products/282052662,https://digitalcontent.api.tesco.com/v2/media/ghs/ccff3f9e-b27e-4d50-abca-72668d248728/785ca8c0-433f-47b6-a89b-757d4b979933.jpeg?h=225&w=225,
289723422,Tesco Steak Oven Cut Chips 1.5Kg,https://www.tesco.com/groceries/en-GB/shop/frozen-food/all?department=Frozen%20Chips%2C%20Onion%20Rings%2C%20Potatoes%20%26%20Rice&viewAll=department&page=,£2.15,£1.44/kg,,,/groceries/en-GB/products/289723422,https://digitalcontent.api.tesco.com/v2/media/ghs/990a47b0-7018-4298-97e8-0c87750a2922/8dfbd00a-8cc0-4471-a7a5-d3ac39f133ce.jpeg?h=225&w=225,
279782798,Mccain Quick Cook French Fries 750G,https://www.tesco.com/groceries/en-GB/shop/frozen-food/all?department=Frozen%20Chips%2C%20Onion%20Rings%2C%20Potatoes%20%26%20Rice&viewAll=department&page=,£3.00,£4.00/kg,£1.50 Clubcard Price,,/groceries/en-GB/products/279782798,https://digitalcontent.api.tesco.com/v2/media/ghs/66e1e1ce-ac93-49e2-9114-5e6b6be21938/8cbd4908-8e39-4041-bb8f-bb9ab7b57198.jpeg?h=225&w=225,
263565176,Tesco 12 Potato Waffles 680G,https://www.tesco.com/groceries/en-GB/shop/frozen-food/all?department=Frozen%20Chips%2C%20Onion%20Rings%2C%20Potatoes%20%26%20Rice&viewAll=department&page=,£1.65,£2.43/kg,,,/groceries/en-GB/products/263565176,https://digitalcontent.api.tesco.com/v2/media/ghs/056761fc-1831-4a87-af93-9cef3c27203d/3b47fa79-47f2-4175-98c1-8a45ab94c397.jpeg?h=225&w=225,
299598151,Tesco French Fries 1.5Kg,https://www.tesco.com/groceries/en-GB/shop/frozen-food/all?department=Frozen%20Chips%2C%20Onion%20Rings%2C%20Potatoes%20%26%20Rice&viewAll=department&page=,£2.15,£1.44/kg,,,/groceries/en-GB/products/299598151,https://digitalcontent.api.tesco.com/v2/media/ghs/efb4a6df-7556-455f-a9d4-5403a2d7b442/14908118-78ac-4873-b79c-48bc4de083b0.jpeg?h=225&w=225,
299538920,Hearty Food Co Potato Croquette 700G,https://www.tesco.com/groceries/en-GB/shop/frozen-food/all?department=Frozen%20Chips%2C%20Onion%20Rings%2C%20Potatoes%20%26%20Rice&viewAll=department&page=,£0.90,£1.29/kg,,,/groceries/en-GB/products/299538920,https://digitalcontent.api.tesco.com/v2/media/ghs/e1a78000-b104-448d-9845-b65ce76f893b/69c2e6b9-f352-4b3d-ba96-4808e65e4b29.jpeg?h=225&w=225,
285679388,Tesco Roast Potatoes 800G,https://www.tesco.com/groceries/en-GB/shop/frozen-food/all?department=Frozen%20Chips%2C%20Onion%20Rings%2C%20Potatoes%20%26%20Rice&viewAll=department&page=,£0.71,£0.89/kg,Aldi Price Match,,/groceries/en-GB/products/285679388,https://digitalcontent.api.tesco.com/v2/media/ghs/2ee5dda5-e0fa-4960-a597-bd7537eea38f/2298fb2f-487f-4a30-998a-e7bf7bdf1ec7.jpeg?h=225&w=225,
299538966,Hearty Food Co Straight Cut Chips 1.5Kg,https://www.tesco.com/groceries/en-GB/shop/frozen-food/all?department=Frozen%20Chips%2C%20Onion%20Rings%2C%20Potatoes%20%26%20Rice&viewAll=department&page=,,,,,/groceries/en-GB/products/299538966,https://digitalcontent.api.tesco.com/v2/media/ghs/3a0e79cd-8461-40f7-92c3-2297b90d1344/f5fb2871-da20-43df-9301-93971fc59f25.jpeg?h=225&w=225,This product's currently out of stock
311265337,Aunt Bessie's Crispy & Fluffy Roasties 1.3Kg,https://www.tesco.com/groceries/en-GB/shop/frozen-food/all?department=Frozen%20Chips%2C%20Onion%20Rings%2C%20Potatoes%20%26%20Rice&viewAll=department&page=,£3.60,£2.77/kg,,,/groceries/en-GB/products/311265337,https://digitalcontent.api.tesco.com/v2/media/ghs/e052c0d7-22d9-4026-b968-363f03dafc2a/c8523542-e0db-44e2-81d2-f7d778d159eb.jpeg?h=225&w=225,
308112074,Mccain Flavour Maker Smokey Bbq Fries 762G,https://www.tesco.com/groceries/en-GB/shop/frozen-food/all?department=Frozen%20Chips%2C%20Onion%20Rings%2C%20Potatoes%20%26%20Rice&viewAll=department&page=,£3.30,£4.34/kg,,,/groceries/en-GB/products/308112074,,
306815386,Mccain Lighter Straight Home Chips 1.6Kg,https://www.tesco.com/groceries/en-GB/shop/frozen-food/all?department=Frozen%20Chips%2C%20Onion%20Rings%2C%20Potatoes%20%26%20Rice&viewAll=department&page=,£4.00,£2.50/kg,,,/groceries/en-GB/products/306815386,https://digitalcontent.api.tesco.com/v2/media/ghs/9843e6c1-d94e-444e-a212-ae0d0e2b73ae/8a5e34ed-a547-4af0-9378-e65f9b607c86.jpeg?h=225&w=225,
277220690,Birds Eye 2 Mediterranean Vegetable Rice 380G,https://www.tesco.com/groceries/en-GB/shop/frozen-food/all?department=Frozen%20Chips%2C%20Onion%20Rings%2C%20Potatoes%20%26%20Rice&viewAll=department&page=,£2.70,£7.11/kg,Any 2 for £4 Clubcard Price - Selected Birds Eye Steamfresh And Nat Veg 300g - 640g,,/groceries/en-GB/products/277220690,https://digitalcontent.api.tesco.com/v2/media/ghs/90a787e2-ea78-4ebd-a09b-636577872df2/f7dc3f87-b205-43ec-ade3-f3c36407dac9.jpeg?h=225&w=225,
305978499,Mccain Home Chips Straight Gluten Free 1.6Kg,https://www.tesco.com/groceries/en-GB/shop/frozen-food/all?department=Frozen%20Chips%2C%20Onion%20Rings%2C%20Potatoes%20%26%20Rice&viewAll=department&page=,£4.00,£2.50/kg,,,/groceries/en-GB/products/305978499,https://digitalcontent.api.tesco.com/v2/media/ghs/30e23898-ede8-4f5c-8c78-d7cfa7301486/2af8be07-7de9-4ce0-accd-caf128da4054.jpeg?h=225&w=225,
306495573,Mccain Roasts 700G,https://www.tesco.com/groceries/en-GB/shop/frozen-food/all?department=Frozen%20Chips%2C%20Onion%20Rings%2C%20Potatoes%20%26%20Rice&viewAll=department&page=,£2.80,£4.00/kg,,,/groceries/en-GB/products/306495573,https://digitalcontent.api.tesco.com/v2/media/ghs/14443941-87ed-455e-a82f-4bbd7c3d7d2e/76fb54c9-e612-4da2-8609-133d47d63425.jpeg?h=225&w=225,
277220632,Birds Eye 2 Fragrant Golden Vegetable Rice 380G,https://www.tesco.com/groceries/en-GB/shop/frozen-food/all?department=Frozen%20Chips%2C%20Onion%20Rings%2C%20Potatoes%20%26%20Rice&viewAll=department&page=,£2.70,£7.11/kg,Any 2 for £4 Clubcard Price - Selected Birds Eye Steamfresh And Nat Veg 300g - 640g,,/groceries/en-GB/products/277220632,https://digitalcontent.api.tesco.com/v2/media/ghs/70b4c259-13e1-4778-8eed-6c8f718704ba/4d257732-b93e-4302-afcb-250581833f2c.jpeg?h=225&w=225,
260409799,Tesco Steam Bags Long Grain White Rice 4 X 200G,https://www.tesco.com/groceries/en-GB/shop/frozen-food/all?department=Frozen%20Chips%2C%20Onion%20Rings%2C%20Potatoes%20%26%20Rice&viewAll=department&page=,£2.10,£2.63/kg,,,/groceries/en-GB/products/260409799,https://digitalcontent.api.tesco.com/v2/media/ghs/64c57ccc-833e-4806-8cf4-4e26e32bae4c/528d4869-afcb-4d93-bc33-6e798ede4d7f.jpeg?h=225&w=225,
292523862,Strong Roots Oven Baked Sweet Potato Fries 500G,https://www.tesco.com/groceries/en-GB/shop/frozen-food/all?department=Frozen%20Chips%2C%20Onion%20Rings%2C%20Potatoes%20%26%20Rice&viewAll=department&page=,£3.30,£6.60/kg,,,/groceries/en-GB/products/292523862,https://digitalcontent.api.tesco.com/v2/media/ghs/30d55c54-077d-4559-99fc-4df96e08b9dd/950004ec-a0c2-4abe-86d5-785453629474.jpeg?h=225&w=225,
312104429,Mccain Takeaway Salt & Pepper Fries 762G,https://www.tesco.com/groceries/en-GB/shop/frozen-food/all?department=Frozen%20Chips%2C%20Onion%20Rings%2C%20Potatoes%20%26%20Rice&viewAll=department&page=,£3.30,£4.34/kg,,,/groceries/en-GB/products/312104429,https://digitalcontent.api.tesco.com/v2/media/ghs/60f569c0-5bfd-4de0-8d1a-70d50973e0c7/c8ff9dba-7c24-43e1-999f-f7014d252847.jpeg?h=225&w=225,
306496111,Mccain Home Chips Lighter Straight 1Kg,https://www.tesco.com/groceries/en-GB/shop/frozen-food/all?department=Frozen%20Chips%2C%20Onion%20Rings%2C%20Potatoes%20%26%20Rice&viewAll=department&page=,£3.00,£3.00/kg,,,/groceries/en-GB/products/306496111,https://digitalcontent.api.tesco.com/v2/media/ghs/88809942-024a-4c0f-a072-47e21555f762/a33747e7-b82d-4115-a952-57db0920cb58.jpeg?h=225&w=225,
277302979,Birds Eye Mini Potato Waffles 456G,https://www.tesco.com/groceries/en-GB/shop/frozen-food/all?department=Frozen%20Chips%2C%20Onion%20Rings%2C%20Potatoes%20%26%20Rice&viewAll=department&page=,£2.75,£6.04/kg,,,/groceries/en-GB/products/277302979,https://digitalcontent.api.tesco.com/v2/media/ghs/2e84c012-21cd-4e4d-b885-c21eeaed6a17/62c010c9-b788-4d66-af09-f2d3dc96c1c0.jpeg?h=225&w=225,
254746615,Mccain Micro Chips 4 X 100G,https://www.tesco.com/groceries/en-GB/shop/frozen-food/all?department=Frozen%20Chips%2C%20Onion%20Rings%2C%20Potatoes%20%26%20Rice&viewAll=department&page=,£2.80,£7.00/kg,£2.00 Clubcard Price,,/groceries/en-GB/products/254746615,https://digitalcontent.api.tesco.com/v2/media/ghs/3c0011b5-66b0-4d87-817f-81bfc3f3865d/1bd7071e-9098-4b6a-8b79-5b92c1adc91c.jpeg?h=225&w=225,
307358280,Birds Eye Hash Brown Waffles 650G,https://www.tesco.com/groceries/en-GB/shop/frozen-food/all?department=Frozen%20Chips%2C%20Onion%20Rings%2C%20Potatoes%20%26%20Rice&viewAll=department&page=,£3.10,£4.77/kg,,,/groceries/en-GB/products/307358280,https://digitalcontent.api.tesco.com/v2/media/ghs/265ccac3-4a61-4c82-a601-efb6555c2e8b/34509b49-15bd-4d90-aead-238aaaa250d2.jpeg?h=225&w=225,
259411635,Mccain Quick Chips Crinkles 4 X 100G,https://www.tesco.com/groceries/en-GB/shop/frozen-food/all?department=Frozen%20Chips%2C%20Onion%20Rings%2C%20Potatoes%20%26%20Rice&viewAll=department&page=,£2.80,£7.00/kg,£2.00 Clubcard Price,,/groceries/en-GB/products/259411635,https://digitalcontent.api.tesco.com/v2/media/ghs/7b774b52-9d09-420e-8c97-3d27f765b7d5/bb8629fe-64da-4efa-9d66-5af59fd72859.jpeg?h=225&w=225,
309467147,Tesco Finest Triple Cooked Beef Basted Oven Chips 900G,https://www.tesco.com/groceries/en-GB/shop/frozen-food/all?department=Frozen%20Chips%2C%20Onion%20Rings%2C%20Potatoes%20%26%20Rice&viewAll=department&page=,£3.00,£3.34/kg,,,/groceries/en-GB/products/309467147,https://digitalcontent.api.tesco.com/v2/media/ghs/ae884fd1-d782-40c4-b628-7e1c7e883f37/fd5c617d-1d0e-4537-b21b-ce571e205032.jpeg?h=225&w=225,
278636398,Tesco Micro Rice Egg Fried Rice 4 X 150G,https://www.tesco.com/groceries/en-GB/shop/frozen-food/all?department=Frozen%20Chips%2C%20Onion%20Rings%2C%20Potatoes%20%26%20Rice&viewAll=department&page=,£2.10,£3.50/kg,,,/groceries/en-GB/products/278636398,https://digitalcontent.api.tesco.com/v2/media/ghs/66838b19-c2f9-442a-82ac-478615e49a37/371d5a98-db82-4ece-8fe1-be919b60302e.jpeg?h=225&w=225,
303260549,Strong Roots Cauliflower Hashbrowns 375G,https://www.tesco.com/groceries/en-GB/shop/frozen-food/all?department=Frozen%20Chips%2C%20Onion%20Rings%2C%20Potatoes%20%26%20Rice&viewAll=department&page=,£3.30,£8.80/kg,,,/groceries/en-GB/products/303260549,https://digitalcontent.api.tesco.com/v2/media/ghs/f05aede5-7a30-4435-b07f-7eda30067d5a/e3faad8c-8ebe-47f3-a094-72b15830d21a.jpeg?h=225&w=225,
258347309,Mccain Extra Chunky Home Chips 1Kg,https://www.tesco.com/groceries/en-GB/shop/frozen-food/all?department=Frozen%20Chips%2C%20Onion%20Rings%2C%20Potatoes%20%26%20Rice&viewAll=department&page=,£3.00,£3.00/kg,,,/groceries/en-GB/products/258347309,https://digitalcontent.api.tesco.com/v2/media/ghs/22602b72-5491-470b-aee8-ed545b602647/eb25670e-d5d3-42c4-b731-c12a11d16c6e.jpeg?h=225&w=225,
261732984,Tesco 4 Steam Bags Rice With Mixed Vegetables 600G,https://www.tesco.com/groceries/en-GB/shop/frozen-food/all?department=Frozen%20Chips%2C%20Onion%20Rings%2C%20Potatoes%20%26%20Rice&viewAll=department&page=,£2.10,£3.50/kg,,,/groceries/en-GB/products/261732984,https://digitalcontent.api.tesco.com/v2/media/ghs/284cebd8-d47b-44d9-b3d8-321a4ae972dd/1e1e7374-d47c-4f5f-81f8-1c08c116471c.jpeg?h=225&w=225,
299917869,Strong Roots Mixed Root Vegetable Fries 500G,https://www.tesco.com/groceries/en-GB/shop/frozen-food/all?department=Frozen%20Chips%2C%20Onion%20Rings%2C%20Potatoes%20%26%20Rice&viewAll=department&page=,£3.30,£6.60/kg,£2.50 Clubcard Price,,/groceries/en-GB/products/299917869,https://digitalcontent.api.tesco.com/v2/media/ghs/43976f9c-2502-46ba-901c-efe6bcc0091c/b2655a84-fd8b-4580-ac7b-d4f3b9f75648.jpeg?h=225&w=225,
307144325,Mccain Waffle Fries 550G,https://www.tesco.com/groceries/en-GB/shop/frozen-food/all?department=Frozen%20Chips%2C%20Onion%20Rings%2C%20Potatoes%20%26%20Rice&viewAll=department&page=,£3.00,£5.46/kg,,,/groceries/en-GB/products/307144325,https://digitalcontent.api.tesco.com/v2/media/ghs/a22ecb90-5541-4c00-83c5-3d7e77d2f0df/11f21ab4-a0be-402e-9753-1af4258da383.jpeg?h=225&w=225,
268323259,Aunt Bessie's Mashed Carrot & Swede 500G,https://www.tesco.com/groceries/en-GB/shop/frozen-food/all?department=Frozen%20Chips%2C%20Onion%20Rings%2C%20Potatoes%20%26%20Rice&viewAll=department&page=,£2.00,£4.00/kg,,,/groceries/en-GB/products/268323259,https://digitalcontent.api.tesco.com/v2/media/ghs/bb66e8c7-6e6c-4600-8065-825f321539d2/71ad136b-14f7-4460-96f3-07d988162fea.jpeg?h=225&w=225,
308494087,Tesco Finest Beef Fat Roast Potatoes 800G,https://www.tesco.com/groceries/en-GB/shop/frozen-food/all?department=Frozen%20Chips%2C%20Onion%20Rings%2C%20Potatoes%20%26%20Rice&viewAll=department&page=,£2.50,£3.13/kg,,,/groceries/en-GB/products/308494087,https://digitalcontent.api.tesco.com/v2/media/ghs/77c91106-2984-4b1f-9ba0-92ed34377275/717d26bd-e0b1-4e19-bc58-7cf54d05e959.jpeg?h=225&w=225,
297648891,Aunt Bessie's Mashed Potato 650G,https://www.tesco.com/groceries/en-GB/shop/frozen-food/all?department=Frozen%20Chips%2C%20Onion%20Rings%2C%20Potatoes%20%26%20Rice&viewAll=department&page=,£2.55,£3.93/kg,,,/groceries/en-GB/products/297648891,https://digitalcontent.api.tesco.com/v2/media/ghs/e0dfc58b-3736-4467-8378-15d6f5452816/76865d19-96e9-41ce-98ad-70c7be08f567.jpeg?h=225&w=225,
287841302,Mccain Croquettes 550G,https://www.tesco.com/groceries/en-GB/shop/frozen-food/all?department=Frozen%20Chips%2C%20Onion%20Rings%2C%20Potatoes%20%26%20Rice&viewAll=department&page=,£2.00,£3.64/kg,,,/groceries/en-GB/products/287841302,https://digitalcontent.api.tesco.com/v2/media/ghs/3634d7ab-8eee-4c7a-a89a-6db313389cf4/879b0b41-c529-49e9-8ff9-8ffa7a7c1237.jpeg?h=225&w=225,
277473827,Bannisters Farm 4 Cheese & Bacon Potato Skins 260G,https://www.tesco.com/groceries/en-GB/shop/frozen-food/all?department=Frozen%20Chips%2C%20Onion%20Rings%2C%20Potatoes%20%26%20Rice&viewAll=department&page=,£1.65,£6.35/kg,,,/groceries/en-GB/products/277473827,https://digitalcontent.api.tesco.com/v2/media/ghs/ef7cc1b0-9fa5-41af-b35d-52f2b1f7626a/a86536ad-77c1-4a81-901c-e71390617fc4.jpeg?h=225&w=225,
309475356,Birds Eye Chicken Shop Hot & Fiery Onion Rings 450G,https://www.tesco.com/groceries/en-GB/shop/frozen-food/all?department=Frozen%20Chips%2C%20Onion%20Rings%2C%20Potatoes%20%26%20Rice&viewAll=department&page=,£2.20,£4.89/kg,,,/groceries/en-GB/products/309475356,https://digitalcontent.api.tesco.com/v2/media/ghs/ffc7bc45-ea1a-48ec-8c68-c519c350d9c1/0e076b8f-0768-401d-a5a3-3c674ead5f93.jpeg?h=225&w=225,
268266126,Aunt Bessie's Onion Rings 375G,https://www.tesco.com/groceries/en-GB/shop/frozen-food/all?department=Frozen%20Chips%2C%20Onion%20Rings%2C%20Potatoes%20%26%20Rice&viewAll=department&page=,£2.35,£6.27/kg,,,/groceries/en-GB/products/268266126,https://digitalcontent.api.tesco.com/v2/media/ghs/b13bf1e2-7b68-4f7a-ac38-c7ab2da49fb5/f2402333-c474-407b-8ec5-51931eddeffd.jpeg?h=225&w=225,
309189499,Tesco Mexican Inspired Rice & Vegetable 2X200g,https://www.tesco.com/groceries/en-GB/shop/frozen-food/all?department=Frozen%20Chips%2C%20Onion%20Rings%2C%20Potatoes%20%26%20Rice&viewAll=department&page=,£1.65,£4.13/kg DR.WT,,,/groceries/en-GB/products/309189499,https://digitalcontent.api.tesco.com/v2/media/ghs/fece87c3-c598-4403-8b21-7e9e2cccfa5a/ea21b7af-957d-4efa-aeea-a11ec92fc9fa.jpeg?h=225&w=225,
286999635,Tesco Salt & Pepper Ridge Chips 750G,https://www.tesco.com/groceries/en-GB/shop/frozen-food/all?department=Frozen%20Chips%2C%20Onion%20Rings%2C%20Potatoes%20%26%20Rice&viewAll=department&page=,£1.95,£2.60/kg,,,/groceries/en-GB/products/286999635,https://digitalcontent.api.tesco.com/v2/media/ghs/5ee4a60d-0e9b-4246-81b6-483b29ee2199/7f3626d4-adbf-40cb-9063-2c7fb79b0af9.jpeg?h=225&w=225,
310187120,Mccain Street Fries Cheese & Bacon 300G,https://www.tesco.com/groceries/en-GB/shop/frozen-food/all?department=Frozen%20Chips%2C%20Onion%20Rings%2C%20Potatoes%20%26%20Rice&viewAll=department&page=,£3.00,£10.00/kg,,,/groceries/en-GB/products/310187120,https://digitalcontent.api.tesco.com/v2/media/ghs/58e62205-5695-45c8-9307-c160d67faac2/71959236-b5ec-4964-9f68-6b26073a1ac8.jpeg?h=225&w=225,
307154653,Tesco Potato Stars 500G,https://www.tesco.com/groceries/en-GB/shop/frozen-food/all?department=Frozen%20Chips%2C%20Onion%20Rings%2C%20Potatoes%20%26%20Rice&viewAll=department&page=,£1.50,£3.00/kg,,,/groceries/en-GB/products/307154653,https://digitalcontent.api.tesco.com/v2/media/ghs/15075922-68c7-414e-b47e-c40a948aa251/d76e9fdb-0632-407a-9b91-c7f4f0481e66.jpeg?h=225&w=225,
300109840,Birds Eye 38 Crispy Chicken Dippers 697G,https://www.tesco.com/groceries/en-GB/shop/frozen-food/all?department=Frozen%20Meat%20%26%20Poultry&viewAll=department&page=,£5.00,£7.18/kg,,,/groceries/en-GB/products/300109840,https://digitalcontent.api.tesco.com/v2/media/ghs/ef6ff149-f926-4abc-8210-11a467c7dd93/cb9465fb-34f7-4702-9283-c3547dcb122e.jpeg?h=225&w=225,
287247931,Birds Eye 4 Minted Lambgrills 300G,https://www.tesco.com/groceries/en-GB/shop/frozen-food/all?department=Frozen%20Meat%20%26%20Poultry&viewAll=department&page=,£3.40,£11.34/kg,,,/groceries/en-GB/products/287247931,https://digitalcontent.api.tesco.com/v2/media/ghs/5b506026-9668-4f36-b529-c64086786b34/4c2c8558-2c21-4969-8fb8-1ac0d34ad0b2.jpeg?h=225&w=225,
296092108,Birds Eye Chicken In B/Cmb Hot & Spicy 180G,https://www.tesco.com/groceries/en-GB/shop/frozen-food/all?department=Frozen%20Meat%20%26%20Poultry&viewAll=department&page=,£2.70,£15.00/kg,,,/groceries/en-GB/products/296092108,https://digitalcontent.api.tesco.com/v2/media/ghs/7b4c0946-9e93-45f6-8475-b7d2d062cc2f/cf345afb-9d4e-464b-88d6-31bb5fb8bd8d.jpeg?h=225&w=225,
297616946,Tesco Lean Beef Steak Mince 5 % Fat 500G,https://www.tesco.com/groceries/en-GB/shop/frozen-food/all?department=Frozen%20Meat%20%26%20Poultry&viewAll=department&page=,£5.00,£10.00/kg,,,/groceries/en-GB/products/297616946,https://digitalcontent.api.tesco.com/v2/media/ghs/f62324e7-62f5-4552-80ec-c01efaf79288/abaeb4ad-2451-426d-a334-2da7eabe1808.jpeg?h=225&w=225,
296092022,Birds Eye 2X Chicken Chargrills Sweet & Sticky 174G,https://www.tesco.com/groceries/en-GB/shop/frozen-food/all?department=Frozen%20Meat%20%26%20Poultry&viewAll=department&page=,£2.70,£15.52/kg,,,/groceries/en-GB/products/296092022,https://digitalcontent.api.tesco.com/v2/media/ghs/e1d93c9b-5d74-4e08-8f2b-40c5f964cc74/08e377a7-75a4-4d07-807b-9681985d8ced.jpeg?h=225&w=225,
295710843,Tesco Chicken Breast Fillet 1Kg,https://www.tesco.com/groceries/en-GB/shop/frozen-food/all?department=Frozen%20Meat%20%26%20Poultry&viewAll=department&page=,£6.00,£6.00/kg,,,/groceries/en-GB/products/295710843,https://digitalcontent.api.tesco.com/v2/media/ghs/7b2efd1b-9f75-4d86-8386-193aad2c9913/5acaad1e-a0a2-4348-ae8b-2a9a823a59c8.jpeg?h=225&w=225,
308860218,Richmond 12 Frozen Thick Pork Sausages 516G,https://www.tesco.com/groceries/en-GB/shop/frozen-food/all?department=Frozen%20Meat%20%26%20Poultry&viewAll=department&page=,£2.25,£4.37/kg,,,/groceries/en-GB/products/308860218,https://digitalcontent.api.tesco.com/v2/media/ghs/32103d3c-2144-4c45-a4aa-0dc7d7e84694/2b2b8231-5f1c-4054-bae5-6e1846f323d2.jpeg?h=225&w=225,
310123421,Smorgasbord The Original Swedish Meatballs 1Kg,https://www.tesco.com/groceries/en-GB/shop/frozen-food/all?department=Frozen%20Meat%20%26%20Poultry&viewAll=department&page=,£4.75,£4.75/kg,,New,/groceries/en-GB/products/310123421,https://digitalcontent.api.tesco.com/v2/media/ghs/44edd303-a853-495f-bedc-386b64b93de2/3ebc42a2-89a4-4fef-818e-49f45e192e32.jpeg?h=225&w=225,
309790587,Birds Eye Chicken Shop Hash Brown Potato Bites 500G,https://www.tesco.com/groceries/en-GB/shop/frozen-food/all?department=Frozen%20Meat%20%26%20Poultry&viewAll=department&page=,£2.20,£4.40/kg,,,/groceries/en-GB/products/309790587,https://digitalcontent.api.tesco.com/v2/media/ghs/4b73ea1d-6c50-47e0-b3af-0207608dacf5/09dfe7b0-3b50-49b0-8235-4bf19bce2b20.jpeg?h=225&w=225,
300109828,Birds Eye 22 Chicken Dippers 403G,https://www.tesco.com/groceries/en-GB/shop/frozen-food/all?department=Frozen%20Meat%20%26%20Poultry&viewAll=department&page=,£3.00,£7.45/kg,£2.50 Clubcard Price,,/groceries/en-GB/products/300109828,https://digitalcontent.api.tesco.com/v2/media/ghs/090f436f-a221-44e6-bb54-32876b1315ae/20b0588f-d325-49b2-9eb9-4fb7d4733cfb.jpeg?h=225&w=225,
290897709,Tesco Mini Chicken Breast Fillets 500G,https://www.tesco.com/groceries/en-GB/shop/frozen-food/all?department=Frozen%20Meat%20%26%20Poultry&viewAll=department&page=,£3.50,£7.00/kg,,,/groceries/en-GB/products/290897709,https://digitalcontent.api.tesco.com/v2/media/ghs/67e2254e-9128-4e59-bf77-a9a840551a96/92f57427-7ddb-45d3-b281-6310f379ea69.jpeg?h=225&w=225,
296092120,Birds Eye 2 Southern Fried Chicken 180G,https://www.tesco.com/groceries/en-GB/shop/frozen-food/all?department=Frozen%20Meat%20%26%20Poultry&viewAll=department&page=,£2.70,£15.00/kg,,,/groceries/en-GB/products/296092120,https://digitalcontent.api.tesco.com/v2/media/ghs/911ea4cd-cf47-4345-935a-501a329e6c10/c04c1349-37a6-4256-a6f8-22186d3d6fa6.jpeg?h=225&w=225,
296092045,Birds Eye 2 Original Chicken Chargrills 170G,https://www.tesco.com/groceries/en-GB/shop/frozen-food/all?department=Frozen%20Meat%20%26%20Poultry&viewAll=department&page=,£2.70,£15.89/kg,,,/groceries/en-GB/products/296092045,https://digitalcontent.api.tesco.com/v2/media/ghs/162d229f-b7e8-46a5-9d3d-432aec44c03c/852d43f2-8b3a-4aac-b41e-21dc76582a8c.jpeg?h=225&w=225,
296092080,Birds Eye 2 Crispy Chicken 170G,https://www.tesco.com/groceries/en-GB/shop/frozen-food/all?department=Frozen%20Meat%20%26%20Poultry&viewAll=department&page=,£2.70,£15.89/kg,,,/groceries/en-GB/products/296092080,https://digitalcontent.api.tesco.com/v2/media/ghs/54f69238-4074-44c7-9fb8-7bdfe81433b0/59aac4f2-bbb1-447b-8a0a-6ebc3c216296.jpeg?h=225&w=225,
290897905,Tesco Boneless Chicken Thighs 500G,https://www.tesco.com/groceries/en-GB/shop/frozen-food/all?department=Frozen%20Meat%20%26%20Poultry&viewAll=department&page=,£3.00,£6.00/kg,,,/groceries/en-GB/products/290897905,https://digitalcontent.api.tesco.com/v2/media/ghs/6eaa6ea5-b90f-44ce-8736-60a9e222c15e/d18741f5-e6e0-4a15-b467-1cc1cb90f90b.jpeg?h=225&w=225,
309164649,Hearty Food Co 4 Garlic Chicken Kievs 500G,https://www.tesco.com/groceries/en-GB/shop/frozen-food/all?department=Frozen%20Meat%20%26%20Poultry&viewAll=department&page=,£2.49,£4.98/kg,Aldi Price Match,,/groceries/en-GB/products/309164649,https://digitalcontent.api.tesco.com/v2/media/ghs/225367c0-4ebf-4f09-b11c-6ea1672f6a63/090dc8a2-42b2-4135-8f52-d105d1b7e88d.jpeg?h=225&w=225,
303300406,Bernard Matthews Turkey Dinosaurs 450G,https://www.tesco.com/groceries/en-GB/shop/frozen-food/all?department=Frozen%20Meat%20%26%20Poultry&viewAll=department&page=,£2.15,£4.78/kg,,,/groceries/en-GB/products/303300406,https://digitalcontent.api.tesco.com/v2/media/ghs/ed400fda-28fa-4b04-b193-2fab40080b3f/87ea2e6c-8d69-4f53-9c89-3503c04baffd.jpeg?h=225&w=225,
264758407,Birds Eye 4 Chicken Burgers 200G,https://www.tesco.com/groceries/en-GB/shop/frozen-food/all?department=Frozen%20Meat%20%26%20Poultry&viewAll=department&page=,£2.80,£14.00/kg,,,/groceries/en-GB/products/264758407,https://digitalcontent.api.tesco.com/v2/media/ghs/4784556d-cc07-4f3b-a9f5-fd58cf1a48ab/9c4ddcd2-9615-4570-9e97-08ce91d86264.jpeg?h=225&w=225,
295710820,Tesco Diced Chicken Breast Fillets 640G,https://www.tesco.com/groceries/en-GB/shop/frozen-food/all?department=Frozen%20Meat%20%26%20Poultry&viewAll=department&page=,£4.10,£6.41/kg,,,/groceries/en-GB/products/295710820,https://digitalcontent.api.tesco.com/v2/media/ghs/9b3a4b9a-6995-4005-8660-d3b452a3689c/1e8079c2-9c34-48f2-8d62-b28a6673dab5.jpeg?h=225&w=225,
274981023,Birds Eye 4 Chicken Quarter Pounders 454G,https://www.tesco.com/groceries/en-GB/shop/frozen-food/all?department=Frozen%20Meat%20%26%20Poultry&viewAll=department&page=,£3.85,£8.49/kg,£2.75 Clubcard Price,,/groceries/en-GB/products/274981023,https://digitalcontent.api.tesco.com/v2/media/ghs/d6bcfedc-84c1-4bd1-a8c5-06d47e7f1001/98be9736-e23f-49a7-97e9-e135ab5a8d3f.jpeg?h=225&w=225,
289806169,Tesco 44 Battered Chicken Dippers 1Kg,https://www.tesco.com/groceries/en-GB/shop/frozen-food/all?department=Frozen%20Meat%20%26%20Poultry&viewAll=department&page=,£3.90,£3.90/kg,,,/groceries/en-GB/products/289806169,https://digitalcontent.api.tesco.com/v2/media/ghs/424ea905-4e64-47f2-81e5-036e49ae5544/77e00b24-fa77-4774-a5a6-273f488d58b2.jpeg?h=225&w=225,
286695833,Tesco Healthy Living 10% Fat Minced Beef Steak 500G,https://www.tesco.com/groceries/en-GB/shop/frozen-food/all?department=Frozen%20Meat%20%26%20Poultry&viewAll=department&page=,£3.85,£7.70/kg,,,/groceries/en-GB/products/286695833,https://digitalcontent.api.tesco.com/v2/media/ghs/77c364f2-ad36-4d1b-883a-f7ac45e75945/1e57b46d-abf2-4f94-8747-1c6874965569.jpeg?h=225&w=225,
313509404,Bernard Matthews 7 Turkey Dinosaurs 350G,https://www.tesco.com/groceries/en-GB/shop/frozen-food/all?department=Frozen%20Meat%20%26%20Poultry&viewAll=department&page=,£2.15,£6.15/kg,,New,/groceries/en-GB/products/313509404,https://digitalcontent.api.tesco.com/v2/media/ghs/214e3c09-d04d-4791-8d63-de5be2f47346/22c3d1b2-7cd7-4f87-af8c-f7ea5dfc0c8f_699309868.jpeg?h=225&w=225,
304390924,Acre Lane Lamb Mince 454G,https://www.tesco.com/groceries/en-GB/shop/frozen-food/all?department=Frozen%20Meat%20%26%20Poultry&viewAll=department&page=,£3.60,£7.93/kg,,,/groceries/en-GB/products/304390924,https://digitalcontent.api.tesco.com/v2/media/ghs/edf31ac7-5b9b-41d9-98d2-7cb00647b8a0/8e65c047-2500-47c8-9027-a02ffc9c0052.jpeg?h=225&w=225,
277759162,Tesco 4 Beef Quarter Pounders 454G,https://www.tesco.com/groceries/en-GB/shop/frozen-food/all?department=Frozen%20Meat%20%26%20Poultry&viewAll=department&page=,£2.65,£5.84/kg,,,/groceries/en-GB/products/277759162,https://digitalcontent.api.tesco.com/v2/media/ghs/730ad2c5-ef0e-4c2e-9f71-ed974aba0cdb/013fb849-538d-4364-b41e-06ce9a9c2079.jpeg?h=225&w=225,
297683100,Tesco 4 Breaded Chicken Steaks 380G,https://www.tesco.com/groceries/en-GB/shop/frozen-food/all?department=Frozen%20Meat%20%26%20Poultry&viewAll=department&page=,£2.00,£5.27/kg,,,/groceries/en-GB/products/297683100,https://digitalcontent.api.tesco.com/v2/media/ghs/c23896dc-3e7b-4f25-85d6-c58e7888d640/2482c4b6-9ddf-4d4b-8d06-d3d115eeb600.jpeg?h=225&w=225,
274438535,Tesco 20 Pork Sausages 900G,https://www.tesco.com/groceries/en-GB/shop/frozen-food/all?department=Frozen%20Meat%20%26%20Poultry&viewAll=department&page=,£2.90,£3.23/kg,,,/groceries/en-GB/products/274438535,https://digitalcontent.api.tesco.com/v2/media/ghs/7cd34683-a649-454e-af3c-05b6d17f5da1/d2e4c643-f546-4151-a365-3dc8b9843aca.jpeg?h=225&w=225,
297683145,Tesco 4 Southern Fried Chicken Steaks 380G,https://www.tesco.com/groceries/en-GB/shop/frozen-food/all?department=Frozen%20Meat%20%26%20Poultry&viewAll=department&page=,£2.00,£5.27/kg,,,/groceries/en-GB/products/297683145,https://digitalcontent.api.tesco.com/v2/media/ghs/281f92d4-863c-4143-a78d-05d246d6c904/65951617-7434-45e0-8087-27e9c6b2e004.jpeg?h=225&w=225,
264322746,Tesco 4 Garlic Butter Breaded Chicken Kievs 500G,https://www.tesco.com/groceries/en-GB/shop/frozen-food/all?department=Frozen%20Meat%20%26%20Poultry&viewAll=department&page=,£2.85,£5.70/kg,,,/groceries/en-GB/products/264322746,https://digitalcontent.api.tesco.com/v2/media/ghs/572f5ac1-586c-4d38-a126-b8608c52c8d4/babafe18-04e8-4da1-bf0d-bd63c9e2ec47.jpeg?h=225&w=225,
297682745,Tesco 4 Hot & Spicy Chicken Steaks 380G,https://www.tesco.com/groceries/en-GB/shop/frozen-food/all?department=Frozen%20Meat%20%26%20Poultry&viewAll=department&page=,£2.00,£5.27/kg,,,/groceries/en-GB/products/297682745,https://digitalcontent.api.tesco.com/v2/media/ghs/15c145f1-a2d6-4af0-9013-0e3337bb9491/7c061de1-df24-408d-af1f-f7ea3a331057.jpeg?h=225&w=225,
293709048,Tesco 8 Beef Burgers 454G,https://www.tesco.com/groceries/en-GB/shop/frozen-food/all?department=Frozen%20Meat%20%26%20Poultry&viewAll=department&page=,£2.65,£5.84/kg,,,/groceries/en-GB/products/293709048,https://digitalcontent.api.tesco.com/v2/media/ghs/1c28b87c-aaac-4598-8bc2-9d8c62bdf5b3/26945c31-ec83-4b63-92dc-1214e0b90050.jpeg?h=225&w=225,
293535996,Tesco 4 Cheese & Bacon Breaded Chicken Kievs 500G,https://www.tesco.com/groceries/en-GB/shop/frozen-food/all?department=Frozen%20Meat%20%26%20Poultry&viewAll=department&page=,£2.85,£5.70/kg,,,/groceries/en-GB/products/293535996,https://digitalcontent.api.tesco.com/v2/media/ghs/21b6f324-da4e-460b-93d3-7ad242352837/9dd360b4-0743-4830-b126-8cce1a158b29.jpeg?h=225&w=225,
299587187,Tesco 20 Pigs In Blankets 400G,https://www.tesco.com/groceries/en-GB/shop/frozen-food/all?department=Frozen%20Meat%20%26%20Poultry&viewAll=department&page=,£3.60,£9.00/kg,£3.20 Clubcard Price,,/groceries/en-GB/products/299587187,https://digitalcontent.api.tesco.com/v2/media/ghs/3902563f-ab38-44e9-b830-ca7c0e708d64/40cb3411-4bd4-4843-b318-58949d9cf575.jpeg?h=225&w=225,
299596458,Hearty Food Co 8 Breaded Chicken Burgers 456G,https://www.tesco.com/groceries/en-GB/shop/frozen-food/all?department=Frozen%20Meat%20%26%20Poultry&viewAll=department&page=,£1.50,£3.29/kg,,,/groceries/en-GB/products/299596458,https://digitalcontent.api.tesco.com/v2/media/ghs/e3682a00-2465-45bd-9e81-450a76a29478/c1551365-4030-4187-b4fd-1a16f2a50db0.jpeg?h=225&w=225,
271023178,Tesco 30 Breaded Chicken Breast Nuggets 450G,https://www.tesco.com/groceries/en-GB/shop/frozen-food/all?department=Frozen%20Meat%20%26%20Poultry&viewAll=department&page=,£2.00,£4.45/kg,,,/groceries/en-GB/products/271023178,https://digitalcontent.api.tesco.com/v2/media/ghs/d6ce9426-4908-4049-9faf-f592a606c4dc/5ee408e8-fd5c-44de-a51b-3356d59da66b.jpeg?h=225&w=225,
271024465,Tesco 20 Battered Chicken Breast Dippers 450G,https://www.tesco.com/groceries/en-GB/shop/frozen-food/all?department=Frozen%20Meat%20%26%20Poultry&viewAll=department&page=,£2.00,£4.45/kg,,,/groceries/en-GB/products/271024465,https://digitalcontent.api.tesco.com/v2/media/ghs/3008dee0-ee09-4cb9-9ea2-5fa4e1d58c05/05acbe0e-95fe-4f81-9df4-d37228503adb.jpeg?h=225&w=225,
302282232,Butchers Choice Cooked Chicken Slices 340G,https://www.tesco.com/groceries/en-GB/shop/frozen-food/all?department=Frozen%20Meat%20%26%20Poultry&viewAll=department&page=,£2.15,£6.33/kg,Aldi Price Match,,/groceries/en-GB/products/302282232,https://digitalcontent.api.tesco.com/v2/media/ghs/b833f633-5cd9-423d-be32-00c29c580722/13a9dc70-3d26-4c9f-ba66-8df0e58dbfb0.jpeg?h=225&w=225,
299587469,Hearty Food Co 20 Breaded Chicken Nuggets 320G,https://www.tesco.com/groceries/en-GB/shop/frozen-food/all?department=Frozen%20Meat%20%26%20Poultry&viewAll=department&page=,£0.99,£3.10/kg,Aldi Price Match,,/groceries/en-GB/products/299587469,https://digitalcontent.api.tesco.com/v2/media/ghs/fdcab4e1-d15d-4a9d-8055-6e03e98a29a1/b90cf013-7534-4400-a56b-b6121e1b2970.jpeg?h=225&w=225,
260067183,Tesco Casserole Beef 500G,https://www.tesco.com/groceries/en-GB/shop/frozen-food/all?department=Frozen%20Meat%20%26%20Poultry&viewAll=department&page=,£4.25,£8.50/kg,,,/groceries/en-GB/products/260067183,https://digitalcontent.api.tesco.com/v2/media/ghs/1217ef51-3f06-47b5-96fe-074c2ba84c86/dee0ebc1-38dd-441e-8ca1-f6e8c04f08eb.jpeg?h=225&w=225,
299587227,Butcher's Choice 20 Pork Sausages 907G,https://www.tesco.com/groceries/en-GB/shop/frozen-food/all?department=Frozen%20Meat%20%26%20Poultry&viewAll=department&page=,£1.36,£1.50/kg,Aldi Price Match,,/groceries/en-GB/products/299587227,https://digitalcontent.api.tesco.com/v2/media/ghs/38990c38-61e6-4511-b96c-f41805d43d6c/1a17cbd6-fe5f-445e-8702-0c7e94b609eb.jpeg?h=225&w=225,
299818007,Butchers Choice Chicken Breast Fillets 1Kg,https://www.tesco.com/groceries/en-GB/shop/frozen-food/all?department=Frozen%20Meat%20%26%20Poultry&viewAll=department&page=,£3.79,£3.79/kg,Aldi Price Match,,/groceries/en-GB/products/299818007,https://digitalcontent.api.tesco.com/v2/media/ghs/b1384e8f-b515-4e2a-b3c0-6caaff588cbf/0c8fb654-9b04-48b6-901d-36a2bece957e.jpeg?h=225&w=225,
299596493,Butcher's Choice Chicken Portions 2Kg,https://www.tesco.com/groceries/en-GB/shop/frozen-food/all?department=Frozen%20Meat%20%26%20Poultry&viewAll=department&page=,£2.62,£1.31/kg,,,/groceries/en-GB/products/299596493,https://digitalcontent.api.tesco.com/v2/media/ghs/aa035644-f1de-420a-a1cb-1d4ca94ea466/b4b9799a-6bd4-4a6e-96e9-a76b58b996c0.jpeg?h=225&w=225,
266738476,Tesco Crispy Half Duck & Pancakes 530G,https://www.tesco.com/groceries/en-GB/shop/frozen-food/all?department=Frozen%20Meat%20%26%20Poultry&viewAll=department&page=,£6.80,£12.84/kg,,,/groceries/en-GB/products/266738476,https://digitalcontent.api.tesco.com/v2/media/ghs/ed5c9eb0-6b54-4ea2-89d7-54cb52c6c253/e8ac744a-c05b-4121-8ee0-583535ddb85a.jpeg?h=225&w=225,
312365701,Tesco Finest Chateaubriand Fillet 350G,https://www.tesco.com/groceries/en-GB/shop/frozen-food/all?department=Frozen%20Meat%20%26%20Poultry&viewAll=department&page=,£12.00,£34.29/kg,,New,/groceries/en-GB/products/312365701,https://digitalcontent.api.tesco.com/v2/media/ghs/c6f190ae-3edd-4d44-b152-2fb6e89c9c07/6b618118-be9b-437f-ba12-a9ccc5e5c684.jpeg?h=225&w=225,
268490820,Tesco British Frozen Medium Turkey Breast Crown 2.0-2.3Kg,https://www.tesco.com/groceries/en-GB/shop/frozen-food/all?department=Frozen%20Meat%20%26%20Poultry&viewAll=department&page=,£17.00,£8.50/kg,,,/groceries/en-GB/products/268490820,https://digitalcontent.api.tesco.com/v2/media/ghs/e6637c1d-8a11-4063-8409-4691dab7d316/b4db98d8-522d-4ee6-a4c4-170f2ed55877.jpeg?h=225&w=225,
300256123,Birds Eye Original 10 Beef Burgers With Onion 567G,https://www.tesco.com/groceries/en-GB/shop/frozen-food/all?department=Frozen%20Meat%20%26%20Poultry&viewAll=department&page=,£5.50,£9.71/kg,,,/groceries/en-GB/products/300256123,https://digitalcontent.api.tesco.com/v2/media/ghs/32ef92b9-80b2-4708-bede-019ac1420017/757e293c-c4f6-4759-ac79-b5ffd6b6e120.jpeg?h=225&w=225,
258077908,Tesco Chicken Thighs 1Kg,https://www.tesco.com/groceries/en-GB/shop/frozen-food/all?department=Frozen%20Meat%20%26%20Poultry&viewAll=department&page=,£3.50,£3.50/kg,,,/groceries/en-GB/products/258077908,https://digitalcontent.api.tesco.com/v2/media/ghs/522a8985-dafa-46ef-9957-da102865a9b4/f81c25e3-e8d2-4138-b557-a24233e1cc8d.jpeg?h=225&w=225,
268368753,Tesco British Frozen Large Turkey Breast Crown 2.4-2.8Kg,https://www.tesco.com/groceries/en-GB/shop/frozen-food/all?department=Frozen%20Meat%20%26%20Poultry&viewAll=department&page=,£19.00,£7.92/kg,,,/groceries/en-GB/products/268368753,https://digitalcontent.api.tesco.com/v2/media/ghs/37531554-c218-4913-af4e-f298654a09cf/3eccd6fd-577b-4e96-9a6c-aad37c5bad52.jpeg?h=225&w=225,
305829740,Birds Eye 2 Ultimate Chicken Shop Fillets Burger 227G,https://www.tesco.com/groceries/en-GB/shop/frozen-food/all?department=Frozen%20Meat%20%26%20Poultry&viewAll=department&page=,£4.00,£17.63/kg,,,/groceries/en-GB/products/305829740,https://digitalcontent.api.tesco.com/v2/media/ghs/541a300e-c999-4190-a5e8-c8159bc0571c/e39ea024-a36b-4c61-8725-40c6f215bc9d.jpeg?h=225&w=225,
305832545,Birds Eye 2 Chicken Shop Sizzler Fillets Burger 227G,https://www.tesco.com/groceries/en-GB/shop/frozen-food/all?department=Frozen%20Meat%20%26%20Poultry&viewAll=department&page=,£4.00,£17.63/kg,,,/groceries/en-GB/products/305832545,https://digitalcontent.api.tesco.com/v2/media/ghs/84820243-c506-4c52-a7a8-1f356156af9b/6f329219-d45c-41a4-8334-21e39169da3c.jpeg?h=225&w=225,
311222014,Birds Eye Chicken Shop Salt & Pepper Chicken Goujons 325G,https://www.tesco.com/groceries/en-GB/shop/frozen-food/all?department=Frozen%20Meat%20%26%20Poultry&viewAll=department&page=,£4.00,£12.31/kg,,,/groceries/en-GB/products/311222014,https://digitalcontent.api.tesco.com/v2/media/ghs/bdae19c6-0ef2-476a-a67d-9e41661951a5/afc0c091-6e73-4f3b-ace7-65c5c581766f.jpeg?h=225&w=225,
309771057,Birds Eye Chicken Shop Buttermilk Chicken Strips 350G,https://www.tesco.com/groceries/en-GB/shop/frozen-food/all?department=Frozen%20Meat%20%26%20Poultry&viewAll=department&page=,£5.00,£14.29/kg,,,/groceries/en-GB/products/309771057,https://digitalcontent.api.tesco.com/v2/media/ghs/e2a8518e-1bc7-418c-b2a4-51ce1dcf158a/4668ef8f-b63d-43f9-9c80-4d476628c9b2.jpeg?h=225&w=225,
299587240,Tesco Pork Sausage Meat 400G,https://www.tesco.com/groceries/en-GB/shop/frozen-food/all?department=Frozen%20Meat%20%26%20Poultry&viewAll=department&page=,£2.25,£5.63/kg,,,/groceries/en-GB/products/299587240,https://digitalcontent.api.tesco.com/v2/media/ghs/0112d83b-a748-47e0-a6b8-a308ea5ffd1c/ed605640-797b-4ecd-ac02-389ae6f2b189.jpeg?h=225&w=225,
297186866,Acre Lane Lamb Leg Joint 1.0-1.2Kg,https://www.tesco.com/groceries/en-GB/shop/frozen-food/all?department=Frozen%20Meat%20%26%20Poultry&viewAll=department&page=,£11.00,£10.00/kg,,,/groceries/en-GB/products/297186866,https://digitalcontent.api.tesco.com/v2/media/ghs/1a6afe18-1386-4e6c-b312-37b7d2cb06f9/8b5934c4-2c41-4310-bbf6-0255bfb682cc.jpeg?h=225&w=225,
262083592,Tesco Breaded Mini Chicken Fillets 300G,https://www.tesco.com/groceries/en-GB/shop/frozen-food/all?department=Frozen%20Meat%20%26%20Poultry&viewAll=department&page=,£2.75,£9.17/kg,,,/groceries/en-GB/products/262083592,https://digitalcontent.api.tesco.com/v2/media/ghs/854ac6f5-6716-4e9f-beb1-98bf360687e4/e283baa4-43c9-4d89-b76e-78e743af187d.jpeg?h=225&w=225,
262083678,Tesco Southern Fried Mini Chicken Breast Fillets 300G,https://www.tesco.com/groceries/en-GB/shop/frozen-food/all?department=Frozen%20Meat%20%26%20Poultry&viewAll=department&page=,£2.75,£9.17/kg,,,/groceries/en-GB/products/262083678,https://digitalcontent.api.tesco.com/v2/media/ghs/d9b1bfd9-2f90-4209-bb76-cdd4aa44c7ca/b5703e8e-fdba-4cc6-8425-93e07da47bc1.jpeg?h=225&w=225,
279336204,Birds Eye 4 Beef Grills 340G,https://www.tesco.com/groceries/en-GB/shop/frozen-food/all?department=Frozen%20Meat%20%26%20Poultry&viewAll=department&page=,£3.40,£10.00/kg,,,/groceries/en-GB/products/279336204,https://digitalcontent.api.tesco.com/v2/media/ghs/1a4f710a-6fdd-495c-94d0-fc8ce61d71b2/d460333e-8da8-4656-ab23-e4a807232966.jpeg?h=225&w=225,
309748909,Birds Eye Chicken Shop Battered Chicken Nuggets 400G,https://www.tesco.com/groceries/en-GB/shop/frozen-food/all?department=Frozen%20Meat%20%26%20Poultry&viewAll=department&page=,£4.00,£10.00/kg,,,/groceries/en-GB/products/309748909,https://digitalcontent.api.tesco.com/v2/media/ghs/03fa3bcb-52df-49b6-b41c-c75bb8954043/2b46e1ed-0dd7-4732-b190-32bf64079d0a.jpeg?h=225&w=225,
287128001,Tesco Gammon Joint With Honey 550G,https://www.tesco.com/groceries/en-GB/shop/frozen-food/all?department=Frozen%20Meat%20%26%20Poultry&viewAll=department&page=,£4.00,£7.28/kg,,,/groceries/en-GB/products/287128001,https://digitalcontent.api.tesco.com/v2/media/ghs/045091df-e511-488e-998b-ab04ccd460c9/d32466bd-b953-4252-a408-f2d6f514bfc7.jpeg?h=225&w=225,
311228250,Birds Eye 6 Crispy Chicken In Tempura Batter 510G,https://www.tesco.com/groceries/en-GB/shop/frozen-food/all?department=Frozen%20Meat%20%26%20Poultry&viewAll=department&page=,£4.50,£8.83/kg,£3.50 Clubcard Price,,/groceries/en-GB/products/311228250,https://digitalcontent.api.tesco.com/v2/media/ghs/4e721862-2061-4b56-9b77-8b852dc461fa/08ebd869-14d8-4e7b-8832-060ad05579a7.jpeg?h=225&w=225,
311225011,Birds Eye 6 Southern Fried Chicken In Breadcrumbs 540G,https://www.tesco.com/groceries/en-GB/shop/frozen-food/all?department=Frozen%20Meat%20%26%20Poultry&viewAll=department&page=,£4.50,£8.34/kg,£3.50 Clubcard Price,,/groceries/en-GB/products/311225011,https://digitalcontent.api.tesco.com/v2/media/ghs/f541564f-129f-4638-9752-4027c30bc8d0/8cc55ade-ee43-48eb-b9c0-9456d1e2ed94.jpeg?h=225&w=225,
251980353,Birds Eye Original Beef Quarter Pounders Burgers With Onion 454G,https://www.tesco.com/groceries/en-GB/shop/frozen-food/all?department=Frozen%20Meat%20%26%20Poultry&viewAll=department&page=,£4.00,£8.82/kg,,,/groceries/en-GB/products/251980353,https://digitalcontent.api.tesco.com/v2/media/ghs/13387144-e8ad-4ead-b57f-d376c3a9c7d7/36e51d1a-2668-4e60-9e9d-4354e29a6ca5.jpeg?h=225&w=225,
299587204,Tesco 56 Pork Cocktail Sausages 672G,https://www.tesco.com/groceries/en-GB/shop/frozen-food/all?department=Frozen%20Meat%20%26%20Poultry&viewAll=department&page=,£2.90,£4.32/kg,,,/groceries/en-GB/products/299587204,https://digitalcontent.api.tesco.com/v2/media/ghs/77add8b4-8115-4aaa-b48f-aa6e96ee8b55/9d48e8a5-9bda-4f1c-a830-5e6e302a6dc8.jpeg?h=225&w=225,
296128621,Richmond Skinless Sausages 16 Pack 426G,https://www.tesco.com/groceries/en-GB/shop/frozen-food/all?department=Frozen%20Meat%20%26%20Poultry&viewAll=department&page=,£2.25,£5.29/kg,,,/groceries/en-GB/products/296128621,https://digitalcontent.api.tesco.com/v2/media/ghs/7e484614-8ecc-443e-8dab-fcf5c00d7c75/029cc4d7-1642-48ad-80af-950ac8420935.jpeg?h=225&w=225,
311956009,Bernard Matthews 6 Minion Shaped Turkey Nuggets 342G,https://www.tesco.com/groceries/en-GB/shop/frozen-food/all?department=Frozen%20Meat%20%26%20Poultry&viewAll=department&page=,£2.20,£6.44/kg,,,/groceries/en-GB/products/311956009,https://digitalcontent.api.tesco.com/v2/media/ghs/68a0930a-98aa-456e-8696-b3371e78f2a3/b93fcf7d-b3a1-4cc0-a8cf-d5cae926af46.jpeg?h=225&w=225,
289706028,Tesco 6 Pork & Herb Sausage Patties 342G,https://www.tesco.com/groceries/en-GB/shop/frozen-food/all?department=Frozen%20Meat%20%26%20Poultry&viewAll=department&page=,£2.50,£7.31/kg,,,/groceries/en-GB/products/289706028,https://digitalcontent.api.tesco.com/v2/media/ghs/2f1e951c-2aef-4e5b-a371-77b442bec2f3/dbe87a63-53dd-4023-8c13-0bf2f6061aab.jpeg?h=225&w=225,
254750569,Birds Eye 4 Original Beef Burgers 227G,https://www.tesco.com/groceries/en-GB/shop/frozen-food/all?department=Frozen%20Meat%20%26%20Poultry&viewAll=department&page=,£2.40,£10.58/kg,,,/groceries/en-GB/products/254750569,https://digitalcontent.api.tesco.com/v2/media/ghs/b5577d4d-e11d-4a09-b4cc-6a219250ca74/22502502-29fc-449d-92d4-af3bc6991f5c.jpeg?h=225&w=225,
309475356,Birds Eye Chicken Shop Hot & Fiery Onion Rings 450G,https://www.tesco.com/groceries/en-GB/shop/frozen-food/all?department=Frozen%20Meat%20%26%20Poultry&viewAll=department&page=,£2.20,£4.89/kg,,,/groceries/en-GB/products/309475356,https://digitalcontent.api.tesco.com/v2/media/ghs/ffc7bc45-ea1a-48ec-8c68-c519c350d9c1/0e076b8f-0768-401d-a5a3-3c674ead5f93.jpeg?h=225&w=225,
296092264,Birds Eye 10 Chicken Fingers 250G,https://www.tesco.com/groceries/en-GB/shop/frozen-food/all?department=Frozen%20Meat%20%26%20Poultry&viewAll=department&page=,£2.55,£10.20/kg,,,/groceries/en-GB/products/296092264,https://digitalcontent.api.tesco.com/v2/media/ghs/468670e2-ed33-40cf-931f-40b76da34497/a7314ca6-bb75-43a5-9793-752265b0156d.jpeg?h=225&w=225,
301737929,Ella's Kitchen Big Kids Starry Chicken Nuggets 200G,https://www.tesco.com/groceries/en-GB/shop/frozen-food/all?department=Frozen%20Meat%20%26%20Poultry&viewAll=department&page=,£3.15,£15.75/kg,,,/groceries/en-GB/products/301737929,https://digitalcontent.api.tesco.com/v2/media/ghs/6e5a7a35-28e2-44be-8b9f-625be08fcd5d/ed4dba4c-5033-4d33-893c-0a2855b45652.jpeg?h=225&w=225,
293709025,Tesco Finest 4 Beef Burgers 454G,https://www.tesco.com/groceries/en-GB/shop/frozen-food/all?department=Frozen%20Meat%20%26%20Poultry&viewAll=department&page=,£3.50,£7.71/kg,,,/groceries/en-GB/products/293709025,https://digitalcontent.api.tesco.com/v2/media/ghs/85ff01cf-f107-4dee-9db9-e3863a3105cf/325a575f-5cce-46fc-85da-de1e43c89610.jpeg?h=225&w=225,
295710866,Tesco Chicken Breast Fillets 640G,https://www.tesco.com/groceries/en-GB/shop/frozen-food/all?department=Frozen%20Meat%20%26%20Poultry&viewAll=department&page=,£4.40,£6.88/kg,,,/groceries/en-GB/products/295710866,https://digitalcontent.api.tesco.com/v2/media/ghs/1d2480e7-797c-46e7-8d11-4bfc2d8f7ff3/a1e7f133-f561-4cea-8eb1-3ee29a550b2e.jpeg?h=225&w=225,
307762221,Tesco Whole Chunks Battered Chicken Breast 350G,https://www.tesco.com/groceries/en-GB/shop/frozen-food/all?department=Frozen%20Meat%20%26%20Poultry&viewAll=department&page=,£3.00,£8.58/kg,,,/groceries/en-GB/products/307762221,https://digitalcontent.api.tesco.com/v2/media/ghs/18aaee0a-85be-407b-ae76-9e79692600ed/6594da0f-6314-4c41-9e58-27dd69002071.jpeg?h=225&w=225,
299486600,Tesco Diced Chorizo 250G,https://www.tesco.com/groceries/en-GB/shop/frozen-food/all?department=Frozen%20Meat%20%26%20Poultry&viewAll=department&page=,£2.35,£9.40/kg,,,/groceries/en-GB/products/299486600,https://digitalcontent.api.tesco.com/v2/media/ghs/ae0383e2-98ef-4680-804c-2491bae752cf/227b1946-00da-4347-9150-a19a923f0554.jpeg?h=225&w=225,
309741109,Birds Eye Garlic & Herb Corn On The Cob 2 Pack,https://www.tesco.com/groceries/en-GB/shop/frozen-food/all?department=Frozen%20Meat%20%26%20Poultry&viewAll=department&page=,£2.00,£1.00/each,,,/groceries/en-GB/products/309741109,https://digitalcontent.api.tesco.com/v2/media/ghs/a4d048a2-0078-4f86-bd97-76096ebdec04/1263d43c-8ce6-4b8e-b86c-41ccb2cacbc9.jpeg?h=225&w=225,
312352411,Richmond 32 Cocktail Pork Sausages 448G,https://www.tesco.com/groceries/en-GB/shop/frozen-food/all?department=Frozen%20Meat%20%26%20Poultry&viewAll=department&page=,£2.50,£5.59/kg,£1.95 Clubcard Price,,/groceries/en-GB/products/312352411,https://digitalcontent.api.tesco.com/v2/media/ghs/3b26fb40-42ee-444b-87dd-892bfbe4e3e5/86163b92-645f-4146-88f7-0ebcc6da4d13.jpeg?h=225&w=225,
304795987,Tesco Southern Fried Chicken Bites 500G,https://www.tesco.com/groceries/en-GB/shop/frozen-food/all?department=Frozen%20Meat%20%26%20Poultry&viewAll=department&page=,£2.75,£5.50/kg,,,/groceries/en-GB/products/304795987,https://digitalcontent.api.tesco.com/v2/media/ghs/18237fde-aa89-401f-9372-e7367c518472/e2300621-405b-41b5-8565-5baa355cd221.jpeg?h=225&w=225,
310670193,Richmond 6 Sausage Patties Frozen 342G,https://www.tesco.com/groceries/en-GB/shop/frozen-food/all?department=Frozen%20Meat%20%26%20Poultry&viewAll=department&page=,£2.20,£6.44/kg,,,/groceries/en-GB/products/310670193,https://digitalcontent.api.tesco.com/v2/media/ghs/8ccd3caa-2409-4547-ace3-59dfda2c8160/83b9badb-f643-4e81-84ec-41ecd91be72f.jpeg?h=225&w=225,
304799925,Acre Lane 2 Lamb Shanks In Mint Gravy 800G,https://www.tesco.com/groceries/en-GB/shop/frozen-food/all?department=Frozen%20Meat%20%26%20Poultry&viewAll=department&page=,£6.90,£8.63/kg,,,/groceries/en-GB/products/304799925,https://digitalcontent.api.tesco.com/v2/media/ghs/a55875cf-2bd6-43e9-95bb-06741906206e/238b5b66-e7b3-4e48-80ba-29f135ee4d52.jpeg?h=225&w=225,
307745189,Tesco Southern Fried Chicken Breast 350G,https://www.tesco.com/groceries/en-GB/shop/frozen-food/all?department=Frozen%20Meat%20%26%20Poultry&viewAll=department&page=,£3.00,£8.58/kg,,,/groceries/en-GB/products/307745189,https://digitalcontent.api.tesco.com/v2/media/ghs/396905f7-fe84-45c4-a040-e6f5caf80495/30666ff6-5240-4949-b41c-ae435987edf2.jpeg?h=225&w=225,
309177473,Tesco 4 Beef Burgers 227G,https://www.tesco.com/groceries/en-GB/shop/frozen-food/all?department=Frozen%20Meat%20%26%20Poultry&viewAll=department&page=,£1.60,£7.05/kg,,,/groceries/en-GB/products/309177473,https://digitalcontent.api.tesco.com/v2/media/ghs/f4d2a07d-72fa-4196-b6c4-99033597796d/7cf159d9-7165-4b9d-bf3f-d03bb41cc93e.jpeg?h=225&w=225,
259077212,Tesco Minced Beef 20% Fat 1Kg,https://www.tesco.com/groceries/en-GB/shop/frozen-food/all?department=Frozen%20Meat%20%26%20Poultry&viewAll=department&page=,£6.00,£6.00/kg,,,/groceries/en-GB/products/259077212,https://digitalcontent.api.tesco.com/v2/media/ghs/2101a26c-8d8c-472e-abbc-56f749a0d861/4f7e6d32-b16f-4fe0-b13e-986a58f90a34.jpeg?h=225&w=225,
308110479,Tesco Lamb Loin Chops 550G,https://www.tesco.com/groceries/en-GB/shop/frozen-food/all?department=Frozen%20Meat%20%26%20Poultry&viewAll=department&page=,£6.80,£12.37/kg,,,/groceries/en-GB/products/308110479,https://digitalcontent.api.tesco.com/v2/media/ghs/6bd0ba49-359b-4d33-a6d0-948c2c1711f7/6878729b-6ab2-442c-bb9b-8b56257b7dd6.jpeg?h=225&w=225,
272866077,Tesco Chicken Breast Joint 800G,https://www.tesco.com/groceries/en-GB/shop/frozen-food/all?department=Frozen%20Meat%20%26%20Poultry&viewAll=department&page=,£5.25,£6.57/kg,,,/groceries/en-GB/products/272866077,https://digitalcontent.api.tesco.com/v2/media/ghs/45a85438-497c-4297-9f25-426f908dee97/4669f9a2-f3d9-4ed0-bca1-9d004ebf5ab5.jpeg?h=225&w=225,
313380709,Cranberry Foods British Bronze Free Range Turkey 3.2-4.8Kg,https://www.tesco.com/groceries/en-GB/shop/frozen-food/all?department=Frozen%20Meat%20%26%20Poultry&viewAll=department&page=,£26.00,£5.42/kg,,New,/groceries/en-GB/products/313380709,https://digitalcontent.api.tesco.com/v2/media/ghs-mktg/b0b04216-fa73-466d-a9d7-c9fcfa1ce9b3/no-image.jpeg,
292808740,Tesco British Frozen Medium Basted Whole Turkey Bird 3.9Kg - 5.2kg,https://www.tesco.com/groceries/en-GB/shop/frozen-food/all?department=Frozen%20Meat%20%26%20Poultry&viewAll=department&page=,£18.00,£4.62/kg,,,/groceries/en-GB/products/292808740,https://digitalcontent.api.tesco.com/v2/media/ghs/7733a870-7f94-4cfb-be08-f316ae518dfb/9969b46c-868e-46d0-a134-17c348c16268.jpeg?h=225&w=225,
268369130,Tesco British Frozen Large Basted Whole Turkey Bird 5.3-6.9Kg,https://www.tesco.com/groceries/en-GB/shop/frozen-food/all?department=Frozen%20Meat%20%26%20Poultry&viewAll=department&page=,£22.00,£4.16/kg,,,/groceries/en-GB/products/268369130,https://digitalcontent.api.tesco.com/v2/media/ghs/6b8fa708-5662-4145-8769-d85e3d366cf8/54e5e7eb-a307-40a9-84ec-2cf08d3cc8b6.jpeg?h=225&w=225,
296276525,Tesco British Frozen Small Basted Whole Turkey Bird 2.6Kg - 3.8KG,https://www.tesco.com/groceries/en-GB/shop/frozen-food/all?department=Frozen%20Meat%20%26%20Poultry&viewAll=department&page=,£14.00,£5.39/kg,,,/groceries/en-GB/products/296276525,https://digitalcontent.api.tesco.com/v2/media/ghs/2fa5c46d-7384-481b-b445-280917504d5b/873d7ca2-632c-45ce-a4a7-ef3a3927caf5.jpeg?h=225&w=225,
268370029,Tesco British Frozen Extra Large Basted Whole Turkey Bird 7.0-8.8Kg,https://www.tesco.com/groceries/en-GB/shop/frozen-food/all?department=Frozen%20Meat%20%26%20Poultry&viewAll=department&page=,£26.00,£3.72/kg,,,/groceries/en-GB/products/268370029,https://digitalcontent.api.tesco.com/v2/media/ghs/6db1f95d-3892-4ca7-8b59-75341dcb5455/2df30a8a-eaf0-4b40-9feb-a7c523beb247.jpeg?h=225&w=225,
288834684,Tesco British Frozen Mini Turkey Crown 1Kg-1.4Kg,https://www.tesco.com/groceries/en-GB/shop/frozen-food/all?department=Frozen%20Meat%20%26%20Poultry&viewAll=department&page=,£12.00,£10.91/kg,,,/groceries/en-GB/products/288834684,https://digitalcontent.api.tesco.com/v2/media/ghs/0436a252-d54e-4602-b9c7-9154ef930baa/785999a7-e8ed-46b5-93ab-3aa2eb1cd654.jpeg?h=225&w=225,
295653357,Tesco Chicken Drumsticks 1.5Kg,https://www.tesco.com/groceries/en-GB/shop/frozen-food/all?department=Frozen%20Meat%20%26%20Poultry&viewAll=department&page=,£4.50,£3.00/kg,,,/groceries/en-GB/products/295653357,https://digitalcontent.api.tesco.com/v2/media/ghs/347ae944-ff0b-4984-8563-a7951ff57a90/53b05828-6cfc-4746-9268-d84a5c80d287.jpeg?h=225&w=225,
292809133,Tesco British Frozen Small Turkey Crown 1.5Kg,https://www.tesco.com/groceries/en-GB/shop/frozen-food/all?department=Frozen%20Meat%20%26%20Poultry&viewAll=department&page=,£14.00,£9.34/kg,,,/groceries/en-GB/products/292809133,https://digitalcontent.api.tesco.com/v2/media/ghs/8f128f6b-f65f-4b78-9bc3-5c8762e16b47/402c77f1-5306-47dd-b39e-f499bd5a1d7a.jpeg?h=225&w=225,
312567140,Acre Lane Christmas Three Bird Roast & Stuffing 1.2Kg,https://www.tesco.com/groceries/en-GB/shop/frozen-food/all?department=Frozen%20Meat%20%26%20Poultry&viewAll=department&page=,£11.00,£9.17/kg,,,/groceries/en-GB/products/312567140,https://digitalcontent.api.tesco.com/v2/media/ghs/ad1ab427-a6f3-419a-a07e-f8052e36ba0b/58a5aad5-a927-4325-bb4b-1115d231d089.jpeg?h=225&w=225,
312092286,Tesco Finest Pulled Beef Wellington 700G,https://www.tesco.com/groceries/en-GB/shop/frozen-food/all?department=Frozen%20Meat%20%26%20Poultry&viewAll=department&page=,£8.50,£12.15/kg,,,/groceries/en-GB/products/312092286,https://digitalcontent.api.tesco.com/v2/media/ghs/3203870f-3917-4b3c-8925-b934295e0112/e2f95c92-400e-4055-ac59-75a83783c13a.jpeg?h=225&w=225,
309207554,Tesco Pork Shoulder In A Bbq Sauce 465G,https://www.tesco.com/groceries/en-GB/shop/frozen-food/all?department=Frozen%20Meat%20%26%20Poultry&viewAll=department&page=,£4.20,£9.04/kg,,,/groceries/en-GB/products/309207554,https://digitalcontent.api.tesco.com/v2/media/ghs/535aac96-b591-456c-a086-37289b5c6a0b/29086bab-ce12-4dc5-928c-c124dd9c2f93.jpeg?h=225&w=225,
308865524,Tesco Chicken Wings 1.5Kg,https://www.tesco.com/groceries/en-GB/shop/frozen-food/all?department=Frozen%20Meat%20%26%20Poultry&viewAll=department&page=,£3.90,£2.60/kg,,,/groceries/en-GB/products/308865524,https://digitalcontent.api.tesco.com/v2/media/ghs/751da764-85d9-4bfb-9a94-93d789e1f4a7/b9da9c4e-2fc1-49c6-8bb5-dd66d23bffcb.jpeg?h=225&w=225,
288834845,Tesco British Frozen Turkey Crown Extra Large 2.9Kg - 3.5Kg,https://www.tesco.com/groceries/en-GB/shop/frozen-food/all?department=Frozen%20Meat%20%26%20Poultry&viewAll=department&page=,£22.50,£7.76/kg,,,/groceries/en-GB/products/288834845,https://digitalcontent.api.tesco.com/v2/media/ghs/130a7fd1-da41-47d9-8050-8a55398d8d21/6278478b-8758-4d7c-8761-734e8fed3809.jpeg?h=225&w=225,
312990006,Acre Lane Kitchen 2 Gammon Shanks Honey Mustard Sauce 500G,https://www.tesco.com/groceries/en-GB/shop/frozen-food/all?department=Frozen%20Meat%20%26%20Poultry&viewAll=department&page=,£4.50,£9.00/kg,,New,/groceries/en-GB/products/312990006,https://digitalcontent.api.tesco.com/v2/media/ghs-mktg/b0b04216-fa73-466d-a9d7-c9fcfa1ce9b3/no-image.jpeg,
309788464,Birds Eye Chicken Shop Hot & Fiery Breast Chunks 350G,https://www.tesco.com/groceries/en-GB/shop/frozen-food/all?department=Frozen%20Meat%20%26%20Poultry&viewAll=department&page=,£5.00,£14.29/kg,,,/groceries/en-GB/products/309788464,https://digitalcontent.api.tesco.com/v2/media/ghs/1af28ad9-be3b-4641-be22-cb9aaecb0cac/14324b33-0316-46e9-ba7d-394fc2db8b4b.jpeg?h=225&w=225,
309746290,Birds Eye Texas Style Bbq Popcorn Chicken 325G,https://www.tesco.com/groceries/en-GB/shop/frozen-food/all?department=Frozen%20Meat%20%26%20Poultry&viewAll=department&page=,£4.00,£12.31/kg,,,/groceries/en-GB/products/309746290,https://digitalcontent.api.tesco.com/v2/media/ghs/bc7f4ce5-90c5-4c45-b039-e681116ff6c3/70b024a6-df44-4536-b367-75d8e9db91fd.jpeg?h=225&w=225,
309182529,Tesco Pork Joint With Crackling 800G,https://www.tesco.com/groceries/en-GB/shop/frozen-food/all?department=Frozen%20Meat%20%26%20Poultry&viewAll=department&page=,£5.50,£6.88/kg,,,/groceries/en-GB/products/309182529,https://digitalcontent.api.tesco.com/v2/media/ghs/68da736d-6ccf-44f1-b890-62e483e6d53d/8d060667-b8e6-4706-b77b-f47e162fb286.jpeg?h=225&w=225,
299584449,Tesco Beef Brisket In Gravy 400G,https://www.tesco.com/groceries/en-GB/shop/frozen-food/all?department=Frozen%20Meat%20%26%20Poultry&viewAll=department&page=,£4.45,£11.13/kg,,,/groceries/en-GB/products/299584449,https://digitalcontent.api.tesco.com/v2/media/ghs/410c9d0d-1dfb-4bd9-b162-6bdcf079d897/7d7a48dd-e5d1-4648-9162-d1dc82a7dbde.jpeg?h=225&w=225,
310694389,Birds Eye 6 Sweet & Sticky Bbq Chicken Chargrills 522G,https://www.tesco.com/groceries/en-GB/shop/frozen-food/all?department=Frozen%20Meat%20%26%20Poultry&viewAll=department&page=,£4.50,£8.63/kg,£3.50 Clubcard Price,,/groceries/en-GB/products/310694389,https://digitalcontent.api.tesco.com/v2/media/ghs/0595a22c-0ba9-4168-8d01-c5c614949776/eb6da67c-b253-41e2-8d5c-3dfc19bba6b0.jpeg?h=225&w=225,
311215947,Birds Eye 6 Original Chicken Chargrills 510G,https://www.tesco.com/groceries/en-GB/shop/frozen-food/all?department=Frozen%20Meat%20%26%20Poultry&viewAll=department&page=,£4.50,£8.83/kg,£3.50 Clubcard Price,,/groceries/en-GB/products/311215947,https://digitalcontent.api.tesco.com/v2/media/ghs/a13b3d99-475c-421b-ac29-e30595ebb45c/eda4052a-2065-47f5-b7a8-ffa11bdaeeee.jpeg?h=225&w=225,
308083268,Birds Eye Southern Fried Chicken Nuggets 400G,https://www.tesco.com/groceries/en-GB/shop/frozen-food/all?department=Frozen%20Meat%20%26%20Poultry&viewAll=department&page=,£4.00,£10.00/kg,,,/groceries/en-GB/products/308083268,https://digitalcontent.api.tesco.com/v2/media/ghs/bbad49e1-013b-4650-8ecd-53fb32a3bc07/e766e3ac-3245-4afa-a1e8-001b25bfb181.jpeg?h=225&w=225,
313170843,Acre Lane Kitchen Sweet & Sticky Bbq Pork Ribs 450G,https://www.tesco.com/groceries/en-GB/shop/frozen-food/all?department=Frozen%20Meat%20%26%20Poultry&viewAll=department&page=,£3.60,£8.00/kg,,New,/groceries/en-GB/products/313170843,https://digitalcontent.api.tesco.com/v2/media/ghs-mktg/b0b04216-fa73-466d-a9d7-c9fcfa1ce9b3/no-image.jpeg,
289805988,Tesco American Southern Fried Chicken Wings 1Kg,https://www.tesco.com/groceries/en-GB/shop/frozen-food/all?department=Frozen%20Meat%20%26%20Poultry&viewAll=department&page=,£3.70,£3.70/kg,,,/groceries/en-GB/products/289805988,https://digitalcontent.api.tesco.com/v2/media/ghs/bd6da652-d5d6-46a6-9fe2-ac38d3752e90/260ea9bb-8ca7-481d-9374-523712f8a37c.jpeg?h=225&w=225,
312852695,Gressingham Frozen Whole Duck 1.7Kg - 1.9Kg,https://www.tesco.com/groceries/en-GB/shop/frozen-food/all?department=Frozen%20Meat%20%26%20Poultry&viewAll=department&page=,£8.00,£4.71/kg,,New,/groceries/en-GB/products/312852695,https://digitalcontent.api.tesco.com/v2/media/ghs/d40e4071-399a-4d2c-92c1-fd6dddcff161/dc7575f9-6065-4c9b-9976-0a4f97c9eb7c.jpeg?h=225&w=225,
290883979,Tesco Cooked Diced Chicken 340G,https://www.tesco.com/groceries/en-GB/shop/frozen-food/all?department=Frozen%20Meat%20%26%20Poultry&viewAll=department&page=,£2.65,£7.80/kg,,,/groceries/en-GB/products/290883979,https://digitalcontent.api.tesco.com/v2/media/ghs/fd6c54fe-11d3-49f0-adc4-1f6921c300f9/42aa9941-6b50-4c0e-a411-74a135565e4f.jpeg?h=225&w=225,
309200544,Tesco Minced Beef & Onion 750G,https://www.tesco.com/groceries/en-GB/shop/frozen-food/all?department=Frozen%20Meat%20%26%20Poultry&viewAll=department&page=,£4.20,£5.60/kg,,,/groceries/en-GB/products/309200544,https://digitalcontent.api.tesco.com/v2/media/ghs/c72bf28f-dff5-4ac0-b337-ab24bd48d54f/dc58934e-30a0-453c-a39f-a19e7e1be5f1.jpeg?h=225&w=225,
310178252,Tesco Southern Fried Chicken Breast 650G,https://www.tesco.com/groceries/en-GB/shop/frozen-food/all?department=Frozen%20Meat%20%26%20Poultry&viewAll=department&page=,£5.00,£7.70/kg,,,/groceries/en-GB/products/310178252,https://digitalcontent.api.tesco.com/v2/media/ghs/1de06e18-8fad-4f91-bb66-4a82be755a2c/8325cd63-be59-4fc1-b322-6daa1c917b63.jpeg?h=225&w=225,
310151272,Tesco Southern Fried Chicken Thigh Fillet Burger 300G,https://www.tesco.com/groceries/en-GB/shop/frozen-food/all?department=Frozen%20Meat%20%26%20Poultry&viewAll=department&page=,£2.50,£8.34/kg,,,/groceries/en-GB/products/310151272,https://digitalcontent.api.tesco.com/v2/media/ghs/6d5eda84-928d-4935-9057-112f22cbec6e/9399c727-b8ef-4ee8-afac-f2e930c58306.jpeg?h=225&w=225,
309480263,Tesco 24 Piece Trimming Selection Pack 464G,https://www.tesco.com/groceries/en-GB/shop/frozen-food/all?department=Frozen%20Meat%20%26%20Poultry&viewAll=department&page=,£3.60,£7.93/kg,,,/groceries/en-GB/products/309480263,https://digitalcontent.api.tesco.com/v2/media/ghs/13f3d579-618e-4f49-995d-724636ab1854/bd3562a1-5148-4214-81ed-4fd48d665bb2.jpeg?h=225&w=225,
310164458,Heat & Enjoy Battered Chicken Nuggets 200G,https://www.tesco.com/groceries/en-GB/shop/frozen-food/all?department=Frozen%20Meat%20%26%20Poultry&viewAll=department&page=,£1.10,£5.50/kg,,,/groceries/en-GB/products/310164458,https://digitalcontent.api.tesco.com/v2/media/ghs/dc8793ae-1b65-487d-9f81-114ae32c2d69/d2ded261-6ed1-4d11-a043-9105a5f8a890.jpeg?h=225&w=225,
268370352,Tesco British Frozen Extra Extra Large Basted Whole Turkey Bird 8.9Kg - 10.6Kg,https://www.tesco.com/groceries/en-GB/shop/frozen-food/all?department=Frozen%20Meat%20%26%20Poultry&viewAll=department&page=,,,,,/groceries/en-GB/products/268370352,https://digitalcontent.api.tesco.com/v2/media/ghs/86ac10dd-d76a-448a-9823-f6342a1b64fc/da78b93e-feff-4380-8fa7-670e294bba93.jpeg?h=225&w=225,This product's currently out of stock
310157029,The Malton Food 20 Cumberland Pork Says & Vegetable 907G,https://www.tesco.com/groceries/en-GB/shop/frozen-food/all?department=Frozen%20Meat%20%26%20Poultry&viewAll=department&page=,£2.70,£135.00/kg,,,/groceries/en-GB/products/310157029,,
302706337,Tesco Wild Salmon Fillets 500G,https://www.tesco.com/groceries/en-GB/shop/frozen-food/all?department=Frozen%20Fish%20%26%20Seafood&viewAll=department&page=,£5.55,£11.10/kg,,,/groceries/en-GB/products/302706337,https://digitalcontent.api.tesco.com/v2/media/ghs/f8200fda-1724-46d1-bda1-9433d6b12ee5/724dea98-b16b-47c1-aa50-de2682e08416.jpeg?h=225&w=225,
305728358,Youngs Gastro 2 Tempura Battered Fish Fillets 270G,https://www.tesco.com/groceries/en-GB/shop/frozen-food/all?department=Frozen%20Fish%20%26%20Seafood&viewAll=department&page=,£4.00,£14.82/kg,,,/groceries/en-GB/products/305728358,https://digitalcontent.api.tesco.com/v2/media/ghs/1a8cd4c8-2bc8-41c2-b3e9-707b67d2e2b0/886fa725-64aa-4d6e-a007-0629a6195a87.jpeg?h=225&w=225,
303334245,Birds Eye 4 Large Breaded Cod Fillets 440G,https://www.tesco.com/groceries/en-GB/shop/frozen-food/all?department=Frozen%20Fish%20%26%20Seafood&viewAll=department&page=,£5.60,£12.73/kg,,,/groceries/en-GB/products/303334245,https://digitalcontent.api.tesco.com/v2/media/ghs/c3f2048e-5054-4163-93db-7d2b17f1f076/ba0a3686-1bfc-4d14-91ba-b1e5ce7ea55b.jpeg?h=225&w=225,
265418417,Tesco Finest Jumbo Cooked King Prawns 225G,https://www.tesco.com/groceries/en-GB/shop/frozen-food/all?department=Frozen%20Fish%20%26%20Seafood&viewAll=department&page=,£4.95,£2.20/100g,,,/groceries/en-GB/products/265418417,https://digitalcontent.api.tesco.com/v2/media/ghs/e463c735-147f-4f44-abb2-45277ef2b2a2/47e7b84e-0249-4f98-b6a8-83240143409f.jpeg?h=225&w=225,
265296387,Tesco Cooked & Peeled Prawns 300G,https://www.tesco.com/groceries/en-GB/shop/frozen-food/all?department=Frozen%20Fish%20%26%20Seafood&viewAll=department&page=,£4.80,£16.00/kg,,,/groceries/en-GB/products/265296387,https://digitalcontent.api.tesco.com/v2/media/ghs/29ec6da9-ee6e-47e7-bed3-d070983f46f8/73e6998d-8706-4091-bd61-0a4bed6827f0.jpeg?h=225&w=225,
274663688,Youngs Scampi 220G,https://www.tesco.com/groceries/en-GB/shop/frozen-food/all?department=Frozen%20Fish%20%26%20Seafood&viewAll=department&page=,£3.75,£17.05/kg,,,/groceries/en-GB/products/274663688,https://digitalcontent.api.tesco.com/v2/media/ghs/c2d41705-0c3e-4e98-be66-ed1e9e78bd7c/2535e35a-b9bf-463a-8f31-deec6fb85991.jpeg?h=225&w=225,
277744283,Tesco Finest Jumbo Raw King Prawns 240G,https://www.tesco.com/groceries/en-GB/shop/frozen-food/all?department=Frozen%20Fish%20%26%20Seafood&viewAll=department&page=,£4.95,£20.63/kg,£4.00 Clubcard Price,,/groceries/en-GB/products/277744283,https://digitalcontent.api.tesco.com/v2/media/ghs/e08e91b1-5915-4809-a9c7-01f3a3a300a2/ae972b70-eebc-4327-8de4-a0616357af8a.jpeg?h=225&w=225,
302861814,Birds Eye 20 Cod Fish Fingers 560G,https://www.tesco.com/groceries/en-GB/shop/frozen-food/all?department=Frozen%20Fish%20%26%20Seafood&viewAll=department&page=,£6.00,£10.72/kg,,,/groceries/en-GB/products/302861814,https://digitalcontent.api.tesco.com/v2/media/ghs/a3f7d9da-bcbd-4ee3-93d0-2e79fd157d30/ebaf4c33-db1b-4fa1-84a3-8883b0553afd.jpeg?h=225&w=225,
275963204,Tesco 4 Wild Salmon Fillets 330G,https://www.tesco.com/groceries/en-GB/shop/frozen-food/all?department=Frozen%20Fish%20%26%20Seafood&viewAll=department&page=,£4.00,£12.13/kg,,,/groceries/en-GB/products/275963204,https://digitalcontent.api.tesco.com/v2/media/ghs/ef8e9336-c8e7-4d13-8c1b-f635ba3493f7/95857fda-2b2e-454d-a306-a6f4a112c7d9.jpeg?h=225&w=225,
268093052,Tesco Fish Pie Mix 400G,https://www.tesco.com/groceries/en-GB/shop/frozen-food/all?department=Frozen%20Fish%20%26%20Seafood&viewAll=department&page=,£4.75,£11.88/kg,,,/groceries/en-GB/products/268093052,https://digitalcontent.api.tesco.com/v2/media/ghs/c7c0ed22-0b45-4af2-b6f1-e9890a8f7ba4/7b40a373-b9db-419c-ae7c-4e124c1653b5.jpeg?h=225&w=225,
303334268,Birds Eye 4 Large Battered Cod Fillets 440G,https://www.tesco.com/groceries/en-GB/shop/frozen-food/all?department=Frozen%20Fish%20%26%20Seafood&viewAll=department&page=,£5.60,£12.73/kg,£4.00 Clubcard Price,,/groceries/en-GB/products/303334268,https://digitalcontent.api.tesco.com/v2/media/ghs/4a7c5d89-1fcb-406f-b47b-4a8959e9a15e/74eeb330-bd95-4232-bd39-1bc313a26110.jpeg?h=225&w=225,
313000026,Whitby Seafoods Scampi 370G,https://www.tesco.com/groceries/en-GB/shop/frozen-food/all?department=Frozen%20Fish%20%26%20Seafood&viewAll=department&page=,£4.50,£12.17/kg,,New,/groceries/en-GB/products/313000026,https://digitalcontent.api.tesco.com/v2/media/ghs/07a860b8-55e4-467e-a5c1-e591e85e7ea1/7e3e4d77-7966-4161-ad29-59a43d23011b_499123352.jpeg?h=225&w=225,
303391700,Youngs Chip Shop 4 Large Cod Fillets 440G,https://www.tesco.com/groceries/en-GB/shop/frozen-food/all?department=Frozen%20Fish%20%26%20Seafood&viewAll=department&page=,£5.00,£11.37/kg,,,/groceries/en-GB/products/303391700,https://digitalcontent.api.tesco.com/v2/media/ghs/628c6e4c-961c-4ede-b7f4-1dce5f3c5b7b/78efd6b8-ef78-4986-b4ce-d6a06a1e10da.jpeg?h=225&w=225,
285815717,Tesco Large Cooked King Prawns 170G,https://www.tesco.com/groceries/en-GB/shop/frozen-food/all?department=Frozen%20Fish%20%26%20Seafood&viewAll=department&page=,£3.10,£1.83/100g,,,/groceries/en-GB/products/285815717,https://digitalcontent.api.tesco.com/v2/media/ghs/d3de9695-9bbf-474d-b084-9032d3e5dbf4/1727eabb-e1ac-4996-ba9b-f480c14d3a7d.jpeg?h=225&w=225,
293588063,Birds Eye 12 Gluten Free Fish Fingers 360G,https://www.tesco.com/groceries/en-GB/shop/frozen-food/all?department=Frozen%20Fish%20%26%20Seafood&viewAll=department&page=,£3.20,£0.89/100g,,,/groceries/en-GB/products/293588063,https://digitalcontent.api.tesco.com/v2/media/ghs/c8fb3c43-3d9b-497d-ba18-88fd59bc220b/66a08703-069b-4ba7-bacc-d96ae07dc7a1.jpeg?h=225&w=225,
305736786,Youngs Gastro Jumbo Wholetail Scampi 230G,https://www.tesco.com/groceries/en-GB/shop/frozen-food/all?department=Frozen%20Fish%20%26%20Seafood&viewAll=department&page=,£4.50,£19.57/kg,£3.00 Clubcard Price,,/groceries/en-GB/products/305736786,https://digitalcontent.api.tesco.com/v2/media/ghs/885e1a28-377c-4e6a-8695-8038772b89ef/0bf00e4b-9043-4c1e-a366-eca5eb05d078.jpeg?h=225&w=225,
305948799,Birds Eye 6 Chunky Fish Fingers Extra Large 360G,https://www.tesco.com/groceries/en-GB/shop/frozen-food/all?department=Frozen%20Fish%20%26%20Seafood&viewAll=department&page=,£3.50,£9.73/kg,,,/groceries/en-GB/products/305948799,https://digitalcontent.api.tesco.com/v2/media/ghs/b4778644-d319-4b43-9b71-7b4c8eaabcb1/5fcce15f-71d6-4172-9ae0-1127892ee95c.jpeg?h=225&w=225,
266196966,Tesco 4 Battered Cod Fillets 500G,https://www.tesco.com/groceries/en-GB/shop/frozen-food/all?department=Frozen%20Fish%20%26%20Seafood&viewAll=department&page=,£4.50,£9.00/kg,,,/groceries/en-GB/products/266196966,https://digitalcontent.api.tesco.com/v2/media/ghs/619cd781-4b1a-4cfe-974f-ad59bff07244/b2cc90d7-9b99-448a-ac52-5698b9415fc0.jpeg?h=225&w=225,
297648919,Tesco Raw & Peeled King Prawns 200G,https://www.tesco.com/groceries/en-GB/shop/frozen-food/all?department=Frozen%20Fish%20%26%20Seafood&viewAll=department&page=,£3.50,£17.50/kg,,,/groceries/en-GB/products/297648919,https://digitalcontent.api.tesco.com/v2/media/ghs/32d112ed-f8d6-4ed7-ad9e-e193206e8e46/2892fe06-70e1-4582-851e-475200e71e49.jpeg?h=225&w=225,
305729501,Youngs Gastro Signature Breaded Lemon & Pepper 2 Fish Fillets 270G,https://www.tesco.com/groceries/en-GB/shop/frozen-food/all?department=Frozen%20Fish%20%26%20Seafood&viewAll=department&page=,£4.00,£14.82/kg,£2.50 Clubcard Price,,/groceries/en-GB/products/305729501,https://digitalcontent.api.tesco.com/v2/media/ghs/c8779863-149b-4788-b132-238a06f4caf8/084e98a5-16f5-41d3-a985-85b56158a046.jpeg?h=225&w=225,
266195171,Tesco 4 Breaded Cod Fillets 500G,https://www.tesco.com/groceries/en-GB/shop/frozen-food/all?department=Frozen%20Fish%20%26%20Seafood&viewAll=department&page=,£4.50,£9.00/kg,,,/groceries/en-GB/products/266195171,https://digitalcontent.api.tesco.com/v2/media/ghs/ffe9d71b-7cd1-4a12-b0bb-ed6684904010/a55617a5-cde7-40a7-8c81-3cc7d8a2eb1a.jpeg?h=225&w=225,
310098824,Youngs Gastro Signature Breaded 8 Chunky Fish Fingers 320G,https://www.tesco.com/groceries/en-GB/shop/frozen-food/all?department=Frozen%20Fish%20%26%20Seafood&viewAll=department&page=,£2.75,£8.60/kg,,,/groceries/en-GB/products/310098824,https://digitalcontent.api.tesco.com/v2/media/ghs/c596638f-1085-480c-a240-45dbeb0265aa/0b669dfc-ebdc-4f43-8f74-aea8e7810c22.jpeg?h=225&w=225,
266197284,Tesco 4 Battered Haddock Fillets 500G,https://www.tesco.com/groceries/en-GB/shop/frozen-food/all?department=Frozen%20Fish%20%26%20Seafood&viewAll=department&page=,£4.50,£9.00/kg,,,/groceries/en-GB/products/266197284,https://digitalcontent.api.tesco.com/v2/media/ghs/ffeffa43-e115-416f-aea3-c18079a0d18c/3bc8b291-0f67-4c27-8788-90c23670339f.jpeg?h=225&w=225,
258609605,Tesco 4 Breaded Chunky Prime Cod Fillets 500G,https://www.tesco.com/groceries/en-GB/shop/frozen-food/all?department=Frozen%20Fish%20%26%20Seafood&viewAll=department&page=,£5.25,£10.50/kg,,,/groceries/en-GB/products/258609605,https://digitalcontent.api.tesco.com/v2/media/ghs/c048e32c-7687-48cc-8b3c-1a52d0e788f6/f9b328a8-e246-465f-b486-c0ca7291c419.jpeg?h=225&w=225,
266197134,Tesco 4 Breaded Haddock Fillets 500G,https://www.tesco.com/groceries/en-GB/shop/frozen-food/all?department=Frozen%20Fish%20%26%20Seafood&viewAll=department&page=,£4.50,£9.00/kg,,,/groceries/en-GB/products/266197134,https://digitalcontent.api.tesco.com/v2/media/ghs/53ed7047-3f18-45fb-b292-de11d8b361a3/a1dff837-193f-4b82-a642-71803d22d983.jpeg?h=225&w=225,
302861751,Birds Eye 20 Omega 3 Fish Fingers 560G,https://www.tesco.com/groceries/en-GB/shop/frozen-food/all?department=Frozen%20Fish%20%26%20Seafood&viewAll=department&page=,£4.20,£7.50/kg,,,/groceries/en-GB/products/302861751,https://digitalcontent.api.tesco.com/v2/media/ghs/d31887a3-8ad8-44d8-b0a4-eb492d8a970e/8d05e8f9-02a6-4b37-b7a5-6fc3c4f35469.jpeg?h=225&w=225,
302861774,Birds Eye 30 Omega 3 Fish Fingers 840G,https://www.tesco.com/groceries/en-GB/shop/frozen-food/all?department=Frozen%20Fish%20%26%20Seafood&viewAll=department&page=,£5.00,£5.96/kg,£4.50 Clubcard Price,,/groceries/en-GB/products/302861774,https://digitalcontent.api.tesco.com/v2/media/ghs/f3e3f659-b675-4167-a160-ac5cd41ac29f/a1b1d7d0-e7a1-46cc-97da-122879042941.jpeg?h=225&w=225,
299538989,Bay Fishmongers Cold Water Prawns 250G,https://www.tesco.com/groceries/en-GB/shop/frozen-food/all?department=Frozen%20Fish%20%26%20Seafood&viewAll=department&page=,£3.00,£12.00/kg,,,/groceries/en-GB/products/299538989,https://digitalcontent.api.tesco.com/v2/media/ghs/6476c07e-03f1-48ff-bce6-62d7f174308f/bcc1d38e-8bc0-4ead-aa3c-f39af198a869.jpeg?h=225&w=225,
270953414,Tesco Wholetail Breaded Scampi 280G,https://www.tesco.com/groceries/en-GB/shop/frozen-food/all?department=Frozen%20Fish%20%26%20Seafood&viewAll=department&page=,£3.05,£10.90/kg,,,/groceries/en-GB/products/270953414,https://digitalcontent.api.tesco.com/v2/media/ghs/8e207b3b-67f9-4530-87de-7795a3421b0b/0c4064af-e12f-4a64-8ae5-4b3a43b2492b.jpeg?h=225&w=225,
301882975,Tesco Cod Fillets 360G,https://www.tesco.com/groceries/en-GB/shop/frozen-food/all?department=Frozen%20Fish%20%26%20Seafood&viewAll=department&page=,£4.00,£11.12/kg,,,/groceries/en-GB/products/301882975,https://digitalcontent.api.tesco.com/v2/media/ghs/493f8d03-69e3-4b3f-9903-7449fc7453e0/7ac0f45d-51e8-4ca7-a357-f9fd1c7aefd1.jpeg?h=225&w=225,
296117300,Birds Eye Cod Fish Fingers 10 Pack 280G,https://www.tesco.com/groceries/en-GB/shop/frozen-food/all?department=Frozen%20Fish%20%26%20Seafood&viewAll=department&page=,£4.00,£14.29/kg,£2.75 Clubcard Price,,/groceries/en-GB/products/296117300,https://digitalcontent.api.tesco.com/v2/media/ghs/ed8733d1-5797-4beb-a765-fe658e52974f/a371047a-b39f-4026-9215-03bd5cd282ee.jpeg?h=225&w=225,
307747205,Tesco Haddock Fillets 360G,https://www.tesco.com/groceries/en-GB/shop/frozen-food/all?department=Frozen%20Fish%20%26%20Seafood&viewAll=department&page=,£4.00,£1.12/100g,£3.50 Clubcard Price,,/groceries/en-GB/products/307747205,https://digitalcontent.api.tesco.com/v2/media/ghs/3780b1bf-2b38-460b-beff-a8805b7f676c/f3a1441a-00fc-4a2e-9dc1-048d987b2aab.jpeg?h=225&w=225,
299598214,Hearty Food Co 10 Cod Fishcakes 500G,https://www.tesco.com/groceries/en-GB/shop/frozen-food/all?department=Frozen%20Fish%20%26%20Seafood&viewAll=department&page=,£1.89,£3.78/kg,,,/groceries/en-GB/products/299598214,https://digitalcontent.api.tesco.com/v2/media/ghs/22bfd09f-55ae-4be5-86de-7a0d67e81c29/76ae7b29-d37f-498d-a1df-5454c6f5ca0c.jpeg?h=225&w=225,
312345178,Tesco Finest Canadian Scallops & Smoked Bacon With Risotto 176G,https://www.tesco.com/groceries/en-GB/shop/frozen-food/all?department=Frozen%20Fish%20%26%20Seafood&viewAll=department&page=,£5.00,£28.41/kg,,New,/groceries/en-GB/products/312345178,https://digitalcontent.api.tesco.com/v2/media/ghs/d841344f-1657-4351-b6a3-be4d3adf2999/88b36527-8a43-473b-b942-85855e691063.jpeg?h=225&w=225,
296117381,Birds Eye 10 Fish Fingers Omega3 280G,https://www.tesco.com/groceries/en-GB/shop/frozen-food/all?department=Frozen%20Fish%20%26%20Seafood&viewAll=department&page=,£3.00,£10.72/kg,,,/groceries/en-GB/products/296117381,https://digitalcontent.api.tesco.com/v2/media/ghs/d1414e37-f3ce-4aa6-af9e-7658ef587c3b/a685461a-d208-4bdf-b74a-6504d19685e2.jpeg?h=225&w=225,
303630499,Whitby Seafoods Breaded Scampi Bites 190G,https://www.tesco.com/groceries/en-GB/shop/frozen-food/all?department=Frozen%20Fish%20%26%20Seafood&viewAll=department&page=,£1.45,£7.64/kg,,,/groceries/en-GB/products/303630499,https://digitalcontent.api.tesco.com/v2/media/ghs/64cdacbe-f7f9-4644-94eb-959ce9e1c1d9/ea837346-285b-477f-8b5d-de8118d8ccb0.jpeg?h=225&w=225,
305738559,Tesco Finest 6 Chunky Cod Fillets Fish Fingers 400G,https://www.tesco.com/groceries/en-GB/shop/frozen-food/all?department=Frozen%20Fish%20%26%20Seafood&viewAll=department&page=,£3.40,£8.50/kg,,,/groceries/en-GB/products/305738559,https://digitalcontent.api.tesco.com/v2/media/ghs/1f5c7bf1-0fb5-440a-a8e1-83aea78b9c4a/8ee405e1-884e-4a4c-9727-f941589f8dcb.jpeg?h=225&w=225,
254747522,Birds Eye 4 Breaded Cod Cakes 198G,https://www.tesco.com/groceries/en-GB/shop/frozen-food/all?department=Frozen%20Fish%20%26%20Seafood&viewAll=department&page=,£1.40,£7.08/kg,,,/groceries/en-GB/products/254747522,https://digitalcontent.api.tesco.com/v2/media/ghs/ea4c4a64-ea88-4f42-8f60-08deaf8b02c9/d687fde5-80c1-45f4-8762-56a075072c0d.jpeg?h=225&w=225,
306936415,Youngs 4 Omega 3 Fish Cakes 200G,https://www.tesco.com/groceries/en-GB/shop/frozen-food/all?department=Frozen%20Fish%20%26%20Seafood&viewAll=department&page=,£0.99,£4.95/kg,,,/groceries/en-GB/products/306936415,https://digitalcontent.api.tesco.com/v2/media/ghs/35a6dff7-67b8-4332-a6bd-f76a5fcbc1e7/bce747cc-115a-418b-a3b8-8fd3cfbf724f.jpeg?h=225&w=225,
299598237,Bay Fishmongers White Fish Fillets 520G,https://www.tesco.com/groceries/en-GB/shop/frozen-food/all?department=Frozen%20Fish%20%26%20Seafood&viewAll=department&page=,£2.50,£4.81/kg,,,/groceries/en-GB/products/299598237,https://digitalcontent.api.tesco.com/v2/media/ghs/e283d577-7669-49fc-9e10-5d6c3eb567f6/37f00e21-b191-4bf0-bcf5-e33a63c2396d.jpeg?h=225&w=225,
307741252,Tesco 30 Omega 3 Fish Fingers 900G,https://www.tesco.com/groceries/en-GB/shop/frozen-food/all?department=Frozen%20Fish%20%26%20Seafood&viewAll=department&page=,£3.95,£4.39/kg,,,/groceries/en-GB/products/307741252,https://digitalcontent.api.tesco.com/v2/media/ghs/83d0e156-eff2-4ba1-b428-52cb3fa16017/6a0257de-cc8c-4578-9a25-814ef66667c3.jpeg?h=225&w=225,
259764998,Tesco 10 Omega 3 Fish Fingers 300G,https://www.tesco.com/groceries/en-GB/shop/frozen-food/all?department=Frozen%20Fish%20%26%20Seafood&viewAll=department&page=,£1.50,£5.00/kg,,,/groceries/en-GB/products/259764998,https://digitalcontent.api.tesco.com/v2/media/ghs/e5f512ba-4f70-4ebf-ab7a-2e63d7e5d461/62373128-2fca-4476-a099-10edb08f2e8d.jpeg?h=225&w=225,
299624340,Hearty Food Co 4 Battered White Fish Fillets 500G,https://www.tesco.com/groceries/en-GB/shop/frozen-food/all?department=Frozen%20Fish%20%26%20Seafood&viewAll=department&page=,£1.99,£3.98/kg,,,/groceries/en-GB/products/299624340,https://digitalcontent.api.tesco.com/v2/media/ghs/124c3874-da81-4592-833d-26b5d222ed2d/6d351ae9-c55d-4964-a8d1-9e3116c560bc.jpeg?h=225&w=225,
289991420,Tesco Cod Fish Fingers 300G,https://www.tesco.com/groceries/en-GB/shop/frozen-food/all?department=Frozen%20Fish%20%26%20Seafood&viewAll=department&page=,£2.20,£7.34/kg,,,/groceries/en-GB/products/289991420,https://digitalcontent.api.tesco.com/v2/media/ghs/d08c4831-1ddc-4066-981b-9f832882cb61/39aadb9e-955a-4460-becf-6873ff024b0b.jpeg?h=225&w=225,
299598250,Hearty Food Co 10 Fish Fingers 250G,https://www.tesco.com/groceries/en-GB/shop/frozen-food/all?department=Frozen%20Fish%20%26%20Seafood&viewAll=department&page=,,,,,/groceries/en-GB/products/299598250,https://digitalcontent.api.tesco.com/v2/media/ghs/12cad663-612e-4f8a-afda-8ea62ab7b39a/61cc531b-f8fb-4763-9345-76913ef3d6f0.jpeg?h=225&w=225,This product's currently out of stock
305523531,Tesco Finest Canadian Cooked Prawns 225G,https://www.tesco.com/groceries/en-GB/shop/frozen-food/all?department=Frozen%20Fish%20%26%20Seafood&viewAll=department&page=,£4.95,£2.20/100g,,,/groceries/en-GB/products/305523531,https://digitalcontent.api.tesco.com/v2/media/ghs/0f7d5fb1-6fc7-4812-8db2-1d06e6da5408/dd2cd04c-3ccb-49ee-b9ac-29177083b09d.jpeg?h=225&w=225,
303334308,Birds Eye 4 Battered Haddock Fillets 440G,https://www.tesco.com/groceries/en-GB/shop/frozen-food/all?department=Frozen%20Fish%20%26%20Seafood&viewAll=department&page=,£5.60,£12.73/kg,,,/groceries/en-GB/products/303334308,https://digitalcontent.api.tesco.com/v2/media/ghs/5dc0bf3c-0a42-46f3-b64d-1b930a30acab/162b63cb-850c-46ae-940a-526f204ca4b5.jpeg?h=225&w=225,
301809959,Youngs Gastro 2 Sea Salt & Pepper Basa Fillets 310G,https://www.tesco.com/groceries/en-GB/shop/frozen-food/all?department=Frozen%20Fish%20%26%20Seafood&viewAll=department&page=,£4.00,£12.91/kg,,,/groceries/en-GB/products/301809959,,
301810284,Youngs Gastro 2 Crispy Lemon Basa Fillets 310G,https://www.tesco.com/groceries/en-GB/shop/frozen-food/all?department=Frozen%20Fish%20%26%20Seafood&viewAll=department&page=,£4.00,£12.91/kg,,,/groceries/en-GB/products/301810284,https://digitalcontent.api.tesco.com/v2/media/ghs/8b27075c-2afe-4728-b2c5-d7fd571e3495/3bd0133f-5b7d-400d-9043-c2da1602efef.jpeg?h=225&w=225,
291731507,Tesco Raw King Prawns 170G,https://www.tesco.com/groceries/en-GB/shop/frozen-food/all?department=Frozen%20Fish%20%26%20Seafood&viewAll=department&page=,£3.10,£18.24/kg,,,/groceries/en-GB/products/291731507,https://digitalcontent.api.tesco.com/v2/media/ghs/c5f6d816-496b-497e-b0bd-b801ec27ce05/2a33436e-ae7b-4f8d-8989-259bb8e5f69b.jpeg?h=225&w=225,
268228424,Tesco Basa Fillets 500G,https://www.tesco.com/groceries/en-GB/shop/frozen-food/all?department=Frozen%20Fish%20%26%20Seafood&viewAll=department&page=,£4.00,£8.00/kg,,,/groceries/en-GB/products/268228424,https://digitalcontent.api.tesco.com/v2/media/ghs/48fc7490-324d-4f64-8c56-6e8289be8640/685cf7a5-2d06-4262-a2f4-8d62dec2e82b.jpeg?h=225&w=225,
312110502,Tesco Finest Whole Raw Black Tiger Prawns 300G,https://www.tesco.com/groceries/en-GB/shop/frozen-food/all?department=Frozen%20Fish%20%26%20Seafood&viewAll=department&page=,£8.00,£26.67/kg,,New,/groceries/en-GB/products/312110502,https://digitalcontent.api.tesco.com/v2/media/ghs/4e0777ab-5af3-44e8-a3ba-ff32734f2d48/9ce8510a-3e34-4ea4-8140-b137d8f4282a.jpeg?h=225&w=225,
302277705,Birds Eye Perfectly Baked 2 Haddock Fillets White Wine & Onion Sauce 260G,https://www.tesco.com/groceries/en-GB/shop/frozen-food/all?department=Frozen%20Fish%20%26%20Seafood&viewAll=department&page=,£4.75,£18.27/kg,,,/groceries/en-GB/products/302277705,https://digitalcontent.api.tesco.com/v2/media/ghs/319c2ee0-7dd0-4bc1-b5c3-dd23d81ca5cd/26234334-00fe-42b3-9529-1867905590ae.jpeg?h=225&w=225,
296117323,Birds Eye 10 Fish Fingers Haddock 280G,https://www.tesco.com/groceries/en-GB/shop/frozen-food/all?department=Frozen%20Fish%20%26%20Seafood&viewAll=department&page=,£3.60,£12.86/kg,,,/groceries/en-GB/products/296117323,https://digitalcontent.api.tesco.com/v2/media/ghs/55906166-cbae-4faa-8f04-d72a8d711190/c765513f-24e5-4a4a-acc6-b247908581d5.jpeg?h=225&w=225,
259958420,Youngs 4 Cod Steaks In Parsley Sauce 560G,https://www.tesco.com/groceries/en-GB/shop/frozen-food/all?department=Frozen%20Fish%20%26%20Seafood&viewAll=department&page=,£4.95,£8.84/kg,,,/groceries/en-GB/products/259958420,https://digitalcontent.api.tesco.com/v2/media/ghs/41c5a78e-da79-465f-8b1c-73e46fc3588a/95de1fce-dbe7-45e0-8e57-c1a2bda697be.jpeg?h=225&w=225,
259958443,Youngs 4 Cod Steaks In Butter Sauce 560G,https://www.tesco.com/groceries/en-GB/shop/frozen-food/all?department=Frozen%20Fish%20%26%20Seafood&viewAll=department&page=,£4.95,£8.84/kg,,,/groceries/en-GB/products/259958443,https://digitalcontent.api.tesco.com/v2/media/ghs/079dc0fc-399d-4794-9bb7-33279b4f8ba8/24c770b4-0143-4a85-963b-a60b8f2a0cd0.jpeg?h=225&w=225,
305735482,Youngs Gastro 2 Smoked Haddock Chunky Fish Cakes 270G,https://www.tesco.com/groceries/en-GB/shop/frozen-food/all?department=Frozen%20Fish%20%26%20Seafood&viewAll=department&page=,£3.50,£12.97/kg,,,/groceries/en-GB/products/305735482,https://digitalcontent.api.tesco.com/v2/media/ghs/c2c2dd3c-4bac-415a-82d4-0d8c004c419f/e9aa6612-58b2-4404-8e96-b3f07ae7de44.jpeg?h=225&w=225,
311779417,Tesco Raw Seafood Selection 350G,https://www.tesco.com/groceries/en-GB/shop/frozen-food/all?department=Frozen%20Fish%20%26%20Seafood&viewAll=department&page=,£4.50,£12.86/kg,,,/groceries/en-GB/products/311779417,https://digitalcontent.api.tesco.com/v2/media/ghs/7660856a-8040-4be2-ad66-5f26b7d93f4b/167ed0bd-e282-4d95-b22c-4de4e16cef34.jpeg?h=225&w=225,
274974061,Youngs Calamari 250G,https://www.tesco.com/groceries/en-GB/shop/frozen-food/all?department=Frozen%20Fish%20%26%20Seafood&viewAll=department&page=,£3.50,£14.00/kg,,,/groceries/en-GB/products/274974061,https://digitalcontent.api.tesco.com/v2/media/ghs/2791e23f-984a-4bbe-a42a-bb815fa8dc87/6be329e8-519b-40b1-8f8c-e2aba690f9d8.jpeg?h=225&w=225,
305733680,Youngs Chip Shop 2 Extra Large Cod Fillets In Batter 300G,https://www.tesco.com/groceries/en-GB/shop/frozen-food/all?department=Frozen%20Fish%20%26%20Seafood&viewAll=department&page=,£4.25,£14.17/kg,,,/groceries/en-GB/products/305733680,https://digitalcontent.api.tesco.com/v2/media/ghs/f8162621-d25f-490b-a810-b9bc78dc687a/7563f349-753b-4d3f-a23a-b5196558b9f4.jpeg?h=225&w=225,
303334677,Tesco Finest Salmon Wellington 700G,https://www.tesco.com/groceries/en-GB/shop/frozen-food/all?department=Frozen%20Fish%20%26%20Seafood&viewAll=department&page=,£6.00,£8.58/kg,,,/groceries/en-GB/products/303334677,https://digitalcontent.api.tesco.com/v2/media/ghs/796ecb55-a819-4545-9828-ebd91a02c56e/0d55bebf-045f-40f3-899c-bad0430a0833.jpeg?h=225&w=225,
306942769,Youngs Gastro 2 Lemon & Parsley Cod Fillets 270G,https://www.tesco.com/groceries/en-GB/shop/frozen-food/all?department=Frozen%20Fish%20%26%20Seafood&viewAll=department&page=,£4.00,£14.82/kg,,,/groceries/en-GB/products/306942769,https://digitalcontent.api.tesco.com/v2/media/ghs/76e45d11-dfa3-4e1b-a45a-f0b87ac730cd/d27bd798-79ba-4367-81c1-63ad42fd5739.jpeg?h=225&w=225,
308093400,Birdseye Lightly Dusted 2 Fish Fillets Lemon & Pepper 280G,https://www.tesco.com/groceries/en-GB/shop/frozen-food/all?department=Frozen%20Fish%20%26%20Seafood&viewAll=department&page=,£4.00,£14.29/kg,,,/groceries/en-GB/products/308093400,https://digitalcontent.api.tesco.com/v2/media/ghs/638b37d8-f4e8-4621-aeef-b0c2005c7c0e/30c3ec9e-3cf2-4359-8476-7ad55f6327c5.jpeg?h=225&w=225,
305529415,Tesco 2 Boneless Seabass Fillets 240G,https://www.tesco.com/groceries/en-GB/shop/frozen-food/all?department=Frozen%20Fish%20%26%20Seafood&viewAll=department&page=,£4.00,£16.67/kg,,,/groceries/en-GB/products/305529415,https://digitalcontent.api.tesco.com/v2/media/ghs/05d1ea06-bbec-4e21-a777-cab1c0ecfc51/aca01b75-f8b9-4d82-83cd-64c140de3f15.jpeg?h=225&w=225,
303391625,Youngs Simply Breaded Omega 3 4 Fish Fillets 400G,https://www.tesco.com/groceries/en-GB/shop/frozen-food/all?department=Frozen%20Fish%20%26%20Seafood&viewAll=department&page=,£3.25,£8.13/kg,,,/groceries/en-GB/products/303391625,https://digitalcontent.api.tesco.com/v2/media/ghs/ffb0bbbe-64a3-4c80-bd90-a79698080caf/73e8fa63-22a9-4c09-a96a-0d986aa5223c.jpeg?h=225&w=225,
302861561,Birds Eye 30 Cod Fish Fingers 840G,https://www.tesco.com/groceries/en-GB/shop/frozen-food/all?department=Frozen%20Fish%20%26%20Seafood&viewAll=department&page=,£7.75,£9.23/kg,,,/groceries/en-GB/products/302861561,https://digitalcontent.api.tesco.com/v2/media/ghs/2c8a50be-807b-42d1-94ef-86497587800e/4ff286ea-85c7-430a-beb0-6e9501943ecb.jpeg?h=225&w=225,
296608347,Youngs Gastro 8 Tempura Battered Cod Fingers 320G,https://www.tesco.com/groceries/en-GB/shop/frozen-food/all?department=Frozen%20Fish%20%26%20Seafood&viewAll=department&page=,£3.75,£11.72/kg,,,/groceries/en-GB/products/296608347,https://digitalcontent.api.tesco.com/v2/media/ghs/712097d5-3b11-4a6c-b674-de7528d54e42/9758d709-976a-4455-b863-4d10f5112cb8.jpeg?h=225&w=225,
305731768,Youngs Chip Shop Extra Large Fish Fillets Beer Batter 300G,https://www.tesco.com/groceries/en-GB/shop/frozen-food/all?department=Frozen%20Fish%20%26%20Seafood&viewAll=department&page=,£3.15,£10.50/kg,,,/groceries/en-GB/products/305731768,https://digitalcontent.api.tesco.com/v2/media/ghs/08d3ec0f-4e08-4b20-a8db-df21e834953b/079f5ca6-a9d1-40c5-8055-ceee929e9750.jpeg?h=225&w=225,
297648931,Tesco Cooked & Peeled King Prawns 200G,https://www.tesco.com/groceries/en-GB/shop/frozen-food/all?department=Frozen%20Fish%20%26%20Seafood&viewAll=department&page=,£3.50,£1.75/100g,,,/groceries/en-GB/products/297648931,https://digitalcontent.api.tesco.com/v2/media/ghs/6b550339-178d-49b9-97c0-470d5685ab3c/54429bd7-7bfe-4a2b-aea8-c51fe5da44e8.jpeg?h=225&w=225,
309206336,Tesco Raw Garlic & Herb Marinated King Prawns 200G,https://www.tesco.com/groceries/en-GB/shop/frozen-food/all?department=Frozen%20Fish%20%26%20Seafood&viewAll=department&page=,£3.40,£17.00/kg,,,/groceries/en-GB/products/309206336,https://digitalcontent.api.tesco.com/v2/media/ghs/afda27f4-461a-47b4-a2ea-5468e3affd9c/3bbb92f1-eab0-4ad2-a6ca-2e6facfbd3d2.jpeg?h=225&w=225,
265536824,Birds Eye 8 Crispy Batter Fish Fingers 224G,https://www.tesco.com/groceries/en-GB/shop/frozen-food/all?department=Frozen%20Fish%20%26%20Seafood&viewAll=department&page=,£2.00,£8.93/kg,,,/groceries/en-GB/products/265536824,https://digitalcontent.api.tesco.com/v2/media/ghs/e2a1b2a1-fa63-4e0a-a6af-f1e030c9192a/517f1128-b9c1-470a-9e56-0df416170b0a.jpeg?h=225&w=225,
284627740,Tesco Tuna Steaks 400G,https://www.tesco.com/groceries/en-GB/shop/frozen-food/all?department=Frozen%20Fish%20%26%20Seafood&viewAll=department&page=,£4.70,£11.75/kg,,,/groceries/en-GB/products/284627740,https://digitalcontent.api.tesco.com/v2/media/ghs/3388e468-8f3e-4767-a0bc-f9ac698ea5ae/2cf233f8-80c8-44ba-be71-0a525a0a3d73.jpeg?h=225&w=225,
296608324,Youngs Gastro 8 Chunky Breaded Haddock Fingers 320G,https://www.tesco.com/groceries/en-GB/shop/frozen-food/all?department=Frozen%20Fish%20%26%20Seafood&viewAll=department&page=,£3.75,£11.72/kg,£3.25 Clubcard Price,,/groceries/en-GB/products/296608324,https://digitalcontent.api.tesco.com/v2/media/ghs/cd5ae5e9-fb35-450e-826e-91d9e3f59860/2cd74bd3-95fd-48c5-bcc5-05e33ef948d6.jpeg?h=225&w=225,
307155813,Birds Eye 6 Crispy Battered Fish Fingers Extra Large 360G,https://www.tesco.com/groceries/en-GB/shop/frozen-food/all?department=Frozen%20Fish%20%26%20Seafood&viewAll=department&page=,£3.50,£9.73/kg,,,/groceries/en-GB/products/307155813,https://digitalcontent.api.tesco.com/v2/media/ghs/284f6206-f174-4a80-b817-6a5eb06a7bf5/fc8215dc-9121-40e4-b1a6-6c8f04c06d48.jpeg?h=225&w=225,
303391723,Youngs Simply Breaded 4 Large Cod Fillets 440G,https://www.tesco.com/groceries/en-GB/shop/frozen-food/all?department=Frozen%20Fish%20%26%20Seafood&viewAll=department&page=,£5.00,£11.37/kg,£4.00 Clubcard Price,,/groceries/en-GB/products/303391723,https://digitalcontent.api.tesco.com/v2/media/ghs/fe46ce35-e684-4263-a7a3-a549162c22e7/11348ab1-3a9e-4b53-a00f-ea1b4e90a9a6.jpeg?h=225&w=225,
303391602,Youngs Chip Shop 4 Omega 3 Fish Fillets,https://www.tesco.com/groceries/en-GB/shop/frozen-food/all?department=Frozen%20Fish%20%26%20Seafood&viewAll=department&page=,£3.25,£8.13/kg,,,/groceries/en-GB/products/303391602,https://digitalcontent.api.tesco.com/v2/media/ghs/b145c051-0316-4f1e-a617-1fadbd7d1e47/12970011-7021-4f99-99ea-251e8a7d66c7.jpeg?h=225&w=225,
304789079,Tesco Smoked Haddock Fillets 360G,https://www.tesco.com/groceries/en-GB/shop/frozen-food/all?department=Frozen%20Fish%20%26%20Seafood&viewAll=department&page=,£4.00,£1.12/100g,,,/groceries/en-GB/products/304789079,https://digitalcontent.api.tesco.com/v2/media/ghs/e7930ed9-8ac6-4d35-bbac-03d8deb11caf/bed7a530-6145-4078-a79b-9e608162b4b0.jpeg?h=225&w=225,
305731289,Tesco 4 Breaded Plaice Fillets 500G,https://www.tesco.com/groceries/en-GB/shop/frozen-food/all?department=Frozen%20Fish%20%26%20Seafood&viewAll=department&page=,£5.25,£10.50/kg,,,/groceries/en-GB/products/305731289,https://digitalcontent.api.tesco.com/v2/media/ghs/d43780f8-9275-4e3f-8393-ccd7e913df7d/2cd874c5-a4e1-435c-bf9a-f2bdb7581ac0.jpeg?h=225&w=225,
305732289,Youngs Chip Shop Lighter 2 Large Cod Fillets 220G,https://www.tesco.com/groceries/en-GB/shop/frozen-food/all?department=Frozen%20Fish%20%26%20Seafood&viewAll=department&page=,£3.00,£13.64/kg,,,/groceries/en-GB/products/305732289,https://digitalcontent.api.tesco.com/v2/media/ghs/f0347787-13a1-4802-ba97-ce1f79b01fa5/b8b11f90-1d11-413e-9a2b-1b3d62731304.jpeg?h=225&w=225,
290017687,Tesco 4 Breaded Cod Fishcakes 340G,https://www.tesco.com/groceries/en-GB/shop/frozen-food/all?department=Frozen%20Fish%20%26%20Seafood&viewAll=department&page=,£2.75,£8.09/kg,,,/groceries/en-GB/products/290017687,https://digitalcontent.api.tesco.com/v2/media/ghs/27494cb0-a05c-421a-a25c-8d3687f65eba/36d7b077-51e6-433a-9c04-59456912e0d8.jpeg?h=225&w=225,
255780854,Tesco 4 Battered Chunky Cod Fillets 500G,https://www.tesco.com/groceries/en-GB/shop/frozen-food/all?department=Frozen%20Fish%20%26%20Seafood&viewAll=department&page=,£5.25,£10.50/kg,,,/groceries/en-GB/products/255780854,https://digitalcontent.api.tesco.com/v2/media/ghs/52bcf7bf-3a86-4a6b-a3b3-0dc3efcec508/17e87782-436b-458a-b69d-455184f85ef8.jpeg?h=225&w=225,
266176833,Youngs 10 Flipper Dippers 250G,https://www.tesco.com/groceries/en-GB/shop/frozen-food/all?department=Frozen%20Fish%20%26%20Seafood&viewAll=department&page=,£1.45,£5.80/kg,,,/groceries/en-GB/products/266176833,https://digitalcontent.api.tesco.com/v2/media/ghs/6018f0d6-908b-46e0-b922-07898f77a87d/9e05b2ae-91ba-4a0e-b168-38c285b2e201.jpeg?h=225&w=225,
301737906,Ella's Kitchen Big Kids Cod Fishies With Vegetable 200G,https://www.tesco.com/groceries/en-GB/shop/frozen-food/all?department=Frozen%20Fish%20%26%20Seafood&viewAll=department&page=,£3.15,£15.75/kg,,,/groceries/en-GB/products/301737906,https://digitalcontent.api.tesco.com/v2/media/ghs/a1a8e824-17bd-4dfe-8828-3a9df6e0dfe6/a8ebc893-708d-4ead-aca1-d0a8c78b5b66.jpeg?h=225&w=225,
310133227,Tesco Finest Beer Battered Cod Bites 290G,https://www.tesco.com/groceries/en-GB/shop/frozen-food/all?department=Frozen%20Fish%20%26%20Seafood&viewAll=department&page=,£2.75,£9.49/kg,,,/groceries/en-GB/products/310133227,https://digitalcontent.api.tesco.com/v2/media/ghs/a9c78baa-a3e0-4671-9d90-a2ef15dd8d70/514bcea8-8cbf-43e4-98ce-996414b69b9a.jpeg?h=225&w=225,
299598197,Hearty Food Co 4 Fish Steaks In Butter Sauce 552G,https://www.tesco.com/groceries/en-GB/shop/frozen-food/all?department=Frozen%20Fish%20%26%20Seafood&viewAll=department&page=,£2.35,£4.26/kg,,,/groceries/en-GB/products/299598197,https://digitalcontent.api.tesco.com/v2/media/ghs/6e9f1be8-f512-4283-b430-23d7c9da462c/99ae72fa-338d-454e-b78d-c39357965f76.jpeg?h=225&w=225,
299624328,Hearty Food Co 4 Breaded White Fish Fillets 500G,https://www.tesco.com/groceries/en-GB/shop/frozen-food/all?department=Frozen%20Fish%20%26%20Seafood&viewAll=department&page=,£1.99,£3.98/kg,,,/groceries/en-GB/products/299624328,https://digitalcontent.api.tesco.com/v2/media/ghs/43b62cca-e29e-47d5-af28-4783f248cab0/406bb942-3725-4410-8230-6486951d037e.jpeg?h=225&w=225,
304410695,Tesco Raw Scallops 180G,https://www.tesco.com/groceries/en-GB/shop/frozen-food/all?department=Frozen%20Fish%20%26%20Seafood&viewAll=department&page=,£6.10,£33.89/kg,,,/groceries/en-GB/products/304410695,https://digitalcontent.api.tesco.com/v2/media/ghs/cfcb4647-8152-4c7b-a5d3-266261cb7551/ab857c84-0474-4132-a0c0-7bd83706a520.jpeg?h=225&w=225,
304416654,Tesco Cooked Whole Shell Prawns 500G,https://www.tesco.com/groceries/en-GB/shop/frozen-food/all?department=Frozen%20Fish%20%26%20Seafood&viewAll=department&page=,£4.95,£9.90/kg,,,/groceries/en-GB/products/304416654,https://digitalcontent.api.tesco.com/v2/media/ghs/66c6b381-94cd-4c2a-8c34-145e06262e90/0119841c-0fb0-40a1-be77-e9b4bbd16b64.jpeg?h=225&w=225,
304379363,Tesco Langoustines 500G,https://www.tesco.com/groceries/en-GB/shop/frozen-food/all?department=Frozen%20Fish%20%26%20Seafood&viewAll=department&page=,£8.50,£17.00/kg,,,/groceries/en-GB/products/304379363,https://digitalcontent.api.tesco.com/v2/media/ghs/e717d7e4-ac47-4ad7-9595-b864c32c87b4/7d9a55a5-f8bf-43a3-8472-3c765c76815c.jpeg?h=225&w=225,
311783607,Tesco Finest Whole Cooked Atlantic Lobster 400G,https://www.tesco.com/groceries/en-GB/shop/frozen-food/all?department=Frozen%20Fish%20%26%20Seafood&viewAll=department&page=,£11.00,£27.50/kg,,New,/groceries/en-GB/products/311783607,https://digitalcontent.api.tesco.com/v2/media/ghs/a566c0a7-e290-45e5-976e-6602760d0140/cd4d435f-24e5-4f11-8bae-9dbcb37f6f57.jpeg?h=225&w=225,
303334280,Birds Eye 4 Large Breaded Haddock 440G,https://www.tesco.com/groceries/en-GB/shop/frozen-food/all?department=Frozen%20Fish%20%26%20Seafood&viewAll=department&page=,£5.60,£12.73/kg,,,/groceries/en-GB/products/303334280,https://digitalcontent.api.tesco.com/v2/media/ghs/b57ad503-d011-4cf1-a0d1-aeb76e8ad0fd/23ea880c-ed8b-4ed0-b444-73806cbaf4f9.jpeg?h=225&w=225,
312104677,Tesco Finest 2 Whole Raw Lobster Tails 220G,https://www.tesco.com/groceries/en-GB/shop/frozen-food/all?department=Frozen%20Fish%20%26%20Seafood&viewAll=department&page=,£13.00,£59.10/kg,,New,/groceries/en-GB/products/312104677,https://digitalcontent.api.tesco.com/v2/media/ghs/980051dd-389b-4892-9a42-3e0a7928aabb/14fb416d-1c9d-4e11-8c91-711015f1ab36.jpeg?h=225&w=225,
306825132,Tesco Raw Whole Black Tiger Prawns 300G,https://www.tesco.com/groceries/en-GB/shop/frozen-food/all?department=Frozen%20Fish%20%26%20Seafood&viewAll=department&page=,£7.35,£24.50/kg,,,/groceries/en-GB/products/306825132,https://digitalcontent.api.tesco.com/v2/media/ghs/33c417b5-5532-4797-9c32-37fa4b04fc59/a7c4ee37-482b-4d15-9383-9b7be6238fe6.jpeg?h=225&w=225,
297648810,Tesco Cooked Seafood Cocktail 300G,https://www.tesco.com/groceries/en-GB/shop/frozen-food/all?department=Frozen%20Fish%20%26%20Seafood&viewAll=department&page=,£4.00,£1.34/100g,,,/groceries/en-GB/products/297648810,https://digitalcontent.api.tesco.com/v2/media/ghs/e5e14d40-e6d5-4ce8-afca-41f98f17ffb8/56162da2-11d5-48a2-b1df-c89f2ca2700f.jpeg?h=225&w=225,
290017969,Tesco Raw Squid Rings 300G,https://www.tesco.com/groceries/en-GB/shop/frozen-food/all?department=Frozen%20Fish%20%26%20Seafood&viewAll=department&page=,£4.50,£15.00/kg,,,/groceries/en-GB/products/290017969,https://digitalcontent.api.tesco.com/v2/media/ghs/4af546b0-4747-4717-b38b-2d0ca835e199/69733719-4712-433c-aac4-95cad453b324.jpeg?h=225&w=225,
268427937,Tesco Fish Monger Cold Water Cooked & Peeled Prawns 300G,https://www.tesco.com/groceries/en-GB/shop/frozen-food/all?department=Frozen%20Fish%20%26%20Seafood&viewAll=department&page=,£4.80,£1.60/100g,,,/groceries/en-GB/products/268427937,https://digitalcontent.api.tesco.com/v2/media/ghs/e08c77b6-b82c-4389-840d-9a8b19c88c1b/f511787b-d641-483c-b603-738392f28f2a.jpeg?h=225&w=225,
287134166,Tesco 2 Yellow Fin Sole Lemon & Parsley 250G,https://www.tesco.com/groceries/en-GB/shop/frozen-food/all?department=Frozen%20Fish%20%26%20Seafood&viewAll=department&page=,£3.15,£12.60/kg,,,/groceries/en-GB/products/287134166,https://digitalcontent.api.tesco.com/v2/media/ghs/d814322e-85b5-458d-80d5-7d808018a70e/712aaa6f-7742-45b3-ae31-e5a6835c1bda.jpeg?h=225&w=225,
289840231,Tesco Cooked Mussels 400G,https://www.tesco.com/groceries/en-GB/shop/frozen-food/all?department=Frozen%20Fish%20%26%20Seafood&viewAll=department&page=,£3.00,£7.50/kg,,,/groceries/en-GB/products/289840231,https://digitalcontent.api.tesco.com/v2/media/ghs/b5146413-3e41-465b-bacd-5911896e730f/dea7820f-9f5b-4ca9-a6d5-7bfc26b226f9.jpeg?h=225&w=225,
302277878,Birds Eye Fish Nuggets 490G,https://www.tesco.com/groceries/en-GB/shop/frozen-food/all?department=Frozen%20Fish%20%26%20Seafood&viewAll=department&page=,£3.80,£7.76/kg,,,/groceries/en-GB/products/302277878,https://digitalcontent.api.tesco.com/v2/media/ghs/2a257946-a699-421b-b629-a3f1cdb51445/ba0efd11-266a-447a-aae3-5d4a4a5c312f.jpeg?h=225&w=225,
312579431,Youngs Gastro 2 Extra Large Battered Cod Fillets 450G,https://www.tesco.com/groceries/en-GB/shop/frozen-food/all?department=Frozen%20Fish%20%26%20Seafood&viewAll=department&page=,£5.50,£12.23/kg,,,/groceries/en-GB/products/312579431,https://digitalcontent.api.tesco.com/v2/media/ghs/f66707c4-157d-42fa-8a25-22784cf27f9e/7b4dc9b1-0b1d-4712-8457-596ad4966b9c.jpeg?h=225&w=225,
304404173,Tesco King Prawns & Scallops In Prseco Sauce 200G,https://www.tesco.com/groceries/en-GB/shop/frozen-food/all?department=Frozen%20Fish%20%26%20Seafood&viewAll=department&page=,£4.00,£20.00/kg,,,/groceries/en-GB/products/304404173,https://digitalcontent.api.tesco.com/v2/media/ghs/c23b0791-ab6d-4129-acf4-70ba62e6198a/ef8e61e0-80cb-4067-b4b4-1d5b04752cea.jpeg?h=225&w=225,
297648401,Tesco Frozen Cooked Mussels 500G,https://www.tesco.com/groceries/en-GB/shop/frozen-food/all?department=Frozen%20Fish%20%26%20Seafood&viewAll=department&page=,£3.75,£0.75/100g,,,/groceries/en-GB/products/297648401,https://digitalcontent.api.tesco.com/v2/media/ghs/57271739-e9ae-48fc-9502-d11e5c026037/27b18e34-507e-4594-9f13-400b9f90584a.jpeg?h=225&w=225,
297648770,Tesco Squid Raw Prepared 300G,https://www.tesco.com/groceries/en-GB/shop/frozen-food/all?department=Frozen%20Fish%20%26%20Seafood&viewAll=department&page=,£3.65,£12.17/kg,,,/groceries/en-GB/products/297648770,https://digitalcontent.api.tesco.com/v2/media/ghs/b96899bb-fd18-4af3-a744-ea28e244c502/002cbc3b-c8aa-44e8-a2a6-7bf4f082a0bb.jpeg?h=225&w=225,
311252082,Birds Eye Seeded Crust 2 Fish Fillets With Linseeds 220G,https://www.tesco.com/groceries/en-GB/shop/frozen-food/all?department=Frozen%20Fish%20%26%20Seafood&viewAll=department&page=,£3.00,£13.64/kg,,,/groceries/en-GB/products/311252082,https://digitalcontent.api.tesco.com/v2/media/ghs/2ab31b46-84a5-45f2-8479-396b3801c8e7/f6abc2f8-c23a-424d-a320-7b0f6907bd5f.jpeg?h=225&w=225,
312714076,Youngs Gastro Cod Parmesan Parsley 2 F/Cakes 270G,https://www.tesco.com/groceries/en-GB/shop/frozen-food/all?department=Frozen%20Fish%20%26%20Seafood&viewAll=department&page=,£3.50,£12.97/kg,,New,/groceries/en-GB/products/312714076,https://digitalcontent.api.tesco.com/v2/media/ghs/21e6dc82-5c08-4f7a-b820-ea40923de815/261879bc-39fc-4258-beb1-9bf77bc92d7c.jpeg?h=225&w=225,
313181202,Whitby Seafoods Lemon & Pepper King Prawns 200G,https://www.tesco.com/groceries/en-GB/shop/frozen-food/all?department=Frozen%20Fish%20%26%20Seafood&viewAll=department&page=,£3.00,£15.00/kg,,New,/groceries/en-GB/products/313181202,https://digitalcontent.api.tesco.com/v2/media/ghs/2357e028-17be-423c-befe-b05f8c026cb4/0ceedd41-85d3-426d-b737-1bb008340545_1603587227.jpeg?h=225&w=225,
312347320,Youngs Gastro Creamy Garlic Topped Cod Fillets 350G,https://www.tesco.com/groceries/en-GB/shop/frozen-food/all?department=Frozen%20Fish%20%26%20Seafood&viewAll=department&page=,£4.00,£11.43/kg,£3.00 Clubcard Price,,/groceries/en-GB/products/312347320,https://digitalcontent.api.tesco.com/v2/media/ghs/6d9eb7ba-598e-43c7-8196-bf17c78fb804/520a4f38-41a4-4ecd-9e24-9e63d8bd7579.jpeg?h=225&w=225,
305728485,Youngs Chip Shop 2 Fish Fillet Quarter Pounders 227G,https://www.tesco.com/groceries/en-GB/shop/frozen-food/all?department=Frozen%20Fish%20%26%20Seafood&viewAll=department&page=,£2.25,£9.92/kg,,,/groceries/en-GB/products/305728485,https://digitalcontent.api.tesco.com/v2/media/ghs/f6de3f72-2ef6-4a17-8526-2fe79ef15dbd/eb4fc7e0-6c19-421c-a70c-e5c7dd960aaf.jpeg?h=225&w=225,
306811655,Tesco Skin On Cod Fillets 540G,https://www.tesco.com/groceries/en-GB/shop/frozen-food/all?department=Frozen%20Fish%20%26%20Seafood&viewAll=department&page=,£4.95,£9.17/kg,,,/groceries/en-GB/products/306811655,https://digitalcontent.api.tesco.com/v2/media/ghs/5f47d17f-4815-4dbb-bbb3-4f2b65e92b2e/e4157885-83e4-49a5-9f06-c9959e9ee845.jpeg?h=225&w=225,
268427511,Raw Headless King Prawns 275G,https://www.tesco.com/groceries/en-GB/shop/frozen-food/all?department=Frozen%20Fish%20%26%20Seafood&viewAll=department&page=,£3.90,£14.19/kg,,,/groceries/en-GB/products/268427511,https://digitalcontent.api.tesco.com/v2/media/ghs/bbcd46c7-ab77-4750-ab8d-46ef6d24e73b/e390a940-9429-4d27-980c-e660be5c9521.jpeg?h=225&w=225,
310115460,Tesco Salt & Pepper Squid 250G,https://www.tesco.com/groceries/en-GB/shop/frozen-food/all?department=Frozen%20Fish%20%26%20Seafood&viewAll=department&page=,£3.00,£12.00/kg,£2.50 Clubcard Price,,/groceries/en-GB/products/310115460,https://digitalcontent.api.tesco.com/v2/media/ghs/e065230d-407e-4e6d-8e63-93d554d1aa7e/8e539ec2-4578-4fed-880f-0561eecc2c16.jpeg?h=225&w=225,
307349446,Strong Roots Spinach Bites 308G,https://www.tesco.com/groceries/en-GB/shop/frozen-food/all?department=Frozen%20Party%20Food%20%26%20Sausage%20Rolls&viewAll=department&page=,£3.30,£10.72/kg,,,/groceries/en-GB/products/307349446,https://digitalcontent.api.tesco.com/v2/media/ghs/5d186d30-29a1-4c21-9e17-363491aeeade/eb871fdd-91b3-47a1-b5b2-c1a4e0dc599b.jpeg?h=225&w=225,
302297347,Tesco Plant Chef Sticky Chilli Cauliflower Bites 220G,https://www.tesco.com/groceries/en-GB/shop/frozen-food/all?department=Frozen%20Party%20Food%20%26%20Sausage%20Rolls&viewAll=department&page=,£2.50,£1.14/100g,,,/groceries/en-GB/products/302297347,https://digitalcontent.api.tesco.com/v2/media/ghs/2d9c43a0-be06-4efd-9c33-433487662373/3d543027-6283-4bd8-a40f-c352d89282dc.jpeg?h=225&w=225,
297186722,Tesco 8 Tempura King Prawns 140G,https://www.tesco.com/groceries/en-GB/shop/frozen-food/all?department=Frozen%20Party%20Food%20%26%20Sausage%20Rolls&viewAll=department&page=,£3.00,£2.15/100g,Any 3 for £6 Clubcard Price - Selected Tesco Frozen Party Food 120g - 564g,,/groceries/en-GB/products/297186722,https://digitalcontent.api.tesco.com/v2/media/ghs/c912c052-6dfd-44cf-8963-9ae4ebdcacc7/35ddbeb1-2533-4873-96d4-ae709313f6f7.jpeg?h=225&w=225,
293723399,Tesco Garlic Breaded Mushrooms 400G,https://www.tesco.com/groceries/en-GB/shop/frozen-food/all?department=Frozen%20Party%20Food%20%26%20Sausage%20Rolls&viewAll=department&page=,£2.00,£5.00/kg,,,/groceries/en-GB/products/293723399,https://digitalcontent.api.tesco.com/v2/media/ghs/46ed3d71-64d5-4841-8c07-5da412ecf82e/45d69632-200b-40f8-986a-5308139c97bc.jpeg?h=225&w=225,
305043661,Tesco Plant Chef Meat Free Sausage Rolls 600G,https://www.tesco.com/groceries/en-GB/shop/frozen-food/all?department=Frozen%20Party%20Food%20%26%20Sausage%20Rolls&viewAll=department&page=,£2.15,£3.59/kg,,,/groceries/en-GB/products/305043661,https://digitalcontent.api.tesco.com/v2/media/ghs-mktg/b0b04216-fa73-466d-a9d7-c9fcfa1ce9b3/no-image.jpeg,
311265723,Strong Roots Crispy Veg. Nuggets 300G,https://www.tesco.com/groceries/en-GB/shop/frozen-food/all?department=Frozen%20Party%20Food%20%26%20Sausage%20Rolls&viewAll=department&page=,£3.30,£11.00/kg,,,/groceries/en-GB/products/311265723,https://digitalcontent.api.tesco.com/v2/media/ghs/09859645-6c53-40c4-935c-0e18628097e4/5b6e3a3e-492b-4920-8529-89ad880dfadf.jpeg?h=225&w=225,
289263545,Tesco 12 Hot & Spicy Prawns 132G,https://www.tesco.com/groceries/en-GB/shop/frozen-food/all?department=Frozen%20Party%20Food%20%26%20Sausage%20Rolls&viewAll=department&page=,£3.00,£2.28/100g,Any 3 for £6 Clubcard Price - Selected Tesco Frozen Party Food 120g - 564g,,/groceries/en-GB/products/289263545,https://digitalcontent.api.tesco.com/v2/media/ghs/562b9b11-0228-4d4c-a8ef-05e371635a2c/9cfef355-32e2-4f78-9635-b23a43b30e38.jpeg?h=225&w=225,
277249368,Birds Eye 4 Sausage Rolls 360G,https://www.tesco.com/groceries/en-GB/shop/frozen-food/all?department=Frozen%20Party%20Food%20%26%20Sausage%20Rolls&viewAll=department&page=,£2.00,£0.56/100g,,,/groceries/en-GB/products/277249368,https://digitalcontent.api.tesco.com/v2/media/ghs/dcfed8c9-8711-476a-bd27-6d8d83215fb7/d02c4695-4e21-4ac7-8da7-1240724034a4.jpeg?h=225&w=225,
297167031,Tesco 12 Pigs In Blankets 240G,https://www.tesco.com/groceries/en-GB/shop/frozen-food/all?department=Frozen%20Party%20Food%20%26%20Sausage%20Rolls&viewAll=department&page=,£3.00,£12.50/kg,Any 3 for £6 Clubcard Price - Selected Tesco Frozen Party Food 120g - 564g,,/groceries/en-GB/products/297167031,https://digitalcontent.api.tesco.com/v2/media/ghs/78514c2a-d35c-46c9-92d6-d9e0c4381162/3730f8b6-ae98-4d37-bc46-d07e661669df.jpeg?h=225&w=225,
309449307,Tesco 12 Filled Mini Churros 210G,https://www.tesco.com/groceries/en-GB/shop/frozen-food/all?department=Frozen%20Party%20Food%20%26%20Sausage%20Rolls&viewAll=department&page=,£2.50,£1.20/100g,Any 3 for £6 Clubcard Price - Selected Tesco Frozen Party Food 120g - 564g,,/groceries/en-GB/products/309449307,https://digitalcontent.api.tesco.com/v2/media/ghs/e313ebf4-4cb2-471b-bd60-c9a33349eb2d/2525a80d-b0b3-40be-bbe0-df2f9d6eb76c.jpeg?h=225&w=225,
305727843,Tesco Plant Chef Breaded Nuggets 320G,https://www.tesco.com/groceries/en-GB/shop/frozen-food/all?department=Frozen%20Party%20Food%20%26%20Sausage%20Rolls&viewAll=department&page=,£1.75,£0.55/100g,,,/groceries/en-GB/products/305727843,https://digitalcontent.api.tesco.com/v2/media/ghs/3ed5b981-5341-4924-86f7-26b36b394466/d46ba325-ddcb-40aa-abf4-f396571a5dc9.jpeg?h=225&w=225,
312832045,Itsu Veggie Crystal Rolls 200G,https://www.tesco.com/groceries/en-GB/shop/frozen-food/all?department=Frozen%20Party%20Food%20%26%20Sausage%20Rolls&viewAll=department&page=,£4.25,£21.25/kg,,,/groceries/en-GB/products/312832045,https://digitalcontent.api.tesco.com/v2/media/ghs/0573714c-25aa-4017-9702-0fbd7adcdd57/ee9fcb39-a75b-4280-96b2-7e733163a80d_702744618.jpeg?h=225&w=225,
264947005,Tesco 14 Mini Duck Spring Rolls 252G,https://www.tesco.com/groceries/en-GB/shop/frozen-food/all?department=Frozen%20Party%20Food%20%26%20Sausage%20Rolls&viewAll=department&page=,£2.50,£9.93/kg,Any 3 for £6 Clubcard Price - Selected Tesco Frozen Party Food 120g - 564g,,/groceries/en-GB/products/264947005,https://digitalcontent.api.tesco.com/v2/media/ghs/4a56e2a6-5f69-4e93-b952-c71f5e9b75cd/e53b1124-c4c4-4e77-8961-b3f2ffa9b25a.jpeg?h=225&w=225,
312343981,Pukka 4 Sausage Rolls 360G,https://www.tesco.com/groceries/en-GB/shop/frozen-food/all?department=Frozen%20Party%20Food%20%26%20Sausage%20Rolls&viewAll=department&page=,£2.50,£0.70/100g,,New,/groceries/en-GB/products/312343981,https://digitalcontent.api.tesco.com/v2/media/ghs/a2c34a9f-5050-4229-9c15-411cc8df4011/beb15c60-e5dd-4637-8fba-4b147b1bea0d.jpeg?h=225&w=225,
297186768,Tesco 12 Mini Prawn Toast 120G,https://www.tesco.com/groceries/en-GB/shop/frozen-food/all?department=Frozen%20Party%20Food%20%26%20Sausage%20Rolls&viewAll=department&page=,£2.50,£2.09/100g,Any 3 for £6 Clubcard Price - Selected Tesco Frozen Party Food 120g - 564g,,/groceries/en-GB/products/297186768,https://digitalcontent.api.tesco.com/v2/media/ghs/472b7f34-60f2-465e-ad00-4f45d37200c4/4d7a4aeb-7df5-4f8b-9721-34c50cd31542.jpeg?h=225&w=225,
301555211,Tesco 12 Salt & Pepper Prawns 132G,https://www.tesco.com/groceries/en-GB/shop/frozen-food/all?department=Frozen%20Party%20Food%20%26%20Sausage%20Rolls&viewAll=department&page=,£3.00,£2.28/100g,Any 3 for £6 Clubcard Price - Selected Tesco Frozen Party Food 120g - 564g,,/groceries/en-GB/products/301555211,https://digitalcontent.api.tesco.com/v2/media/ghs/2d77e907-f2de-4159-a221-d3e1aed2435a/66abd784-2364-4419-83e6-0e0056db90f2.jpeg?h=225&w=225,
309497416,Tesco 10 Halloumi-Style Fries 170G,https://www.tesco.com/groceries/en-GB/shop/frozen-food/all?department=Frozen%20Party%20Food%20%26%20Sausage%20Rolls&viewAll=department&page=,£3.00,£1.77/100g,Any 3 for £6 Clubcard Price - Selected Tesco Frozen Party Food 120g - 564g,,/groceries/en-GB/products/309497416,https://digitalcontent.api.tesco.com/v2/media/ghs/e8d54f26-650e-4626-ba93-fcaf48f5313b/85acc706-0fae-4a2c-95c4-a66a6a46b9d4.jpeg?h=225&w=225,
310146313,The Big Prawn Co 12 Salt & Pepper Prawns 132G,https://www.tesco.com/groceries/en-GB/shop/frozen-food/all?department=Frozen%20Party%20Food%20%26%20Sausage%20Rolls&viewAll=department&page=,£2.50,£1.90/100g,,,/groceries/en-GB/products/310146313,https://digitalcontent.api.tesco.com/v2/media/ghs-mktg/b0b04216-fa73-466d-a9d7-c9fcfa1ce9b3/no-image.jpeg,
309782764,Brew City Bbq Mozzarella Melts 220G,https://www.tesco.com/groceries/en-GB/shop/frozen-food/all?department=Frozen%20Party%20Food%20%26%20Sausage%20Rolls&viewAll=department&page=,£2.65,£1.21/100g,Any 3 for £6 Clubcard Price - Selected Tesco Frozen Party Food 120g - 564g,,/groceries/en-GB/products/309782764,https://digitalcontent.api.tesco.com/v2/media/ghs/18299c96-2922-44d3-b1e3-7ff4c9fac3ce/b22d332b-971a-411e-9677-3461f29821cd.jpeg?h=225&w=225,
274155132,Tesco 12 Mini Eclairs 140G Price Marked,https://www.tesco.com/groceries/en-GB/shop/frozen-food/all?department=Frozen%20Party%20Food%20%26%20Sausage%20Rolls&viewAll=department&page=,£1.50,£1.08/100g,,,/groceries/en-GB/products/274155132,https://digitalcontent.api.tesco.com/v2/media/ghs/92677f71-4b95-42dc-aebb-aac567e6452a/6d4c3509-477d-459b-a221-efdaea41533c.jpeg?h=225&w=225,
304411417,Brew City Halloumi Fries 150G,https://www.tesco.com/groceries/en-GB/shop/frozen-food/all?department=Frozen%20Party%20Food%20%26%20Sausage%20Rolls&viewAll=department&page=,£2.65,£1.77/100g,Any 3 for £6 Clubcard Price - Selected Tesco Frozen Party Food 120g - 564g,,/groceries/en-GB/products/304411417,https://digitalcontent.api.tesco.com/v2/media/ghs/88e45f8c-29a0-4187-bea7-60db65875e4f/f28a90d4-003a-4e89-8df6-73e2109bd997.jpeg?h=225&w=225,
311781987,Tesco Plant Chef 10 No Prawn Tempuras 150G,https://www.tesco.com/groceries/en-GB/shop/frozen-food/all?department=Frozen%20Party%20Food%20%26%20Sausage%20Rolls&viewAll=department&page=,£2.50,£1.67/100g,Any 3 for £6 Clubcard Price - Selected Tesco Frozen Party Food 120g - 564g,,/groceries/en-GB/products/311781987,https://digitalcontent.api.tesco.com/v2/media/ghs/67f5693e-874b-4c52-b59e-3f6200ebe9c4/9bd009c8-38d6-4524-b926-97dbf7482f9c_972249617.jpeg?h=225&w=225,
304409726,Brew City Cheesy Brew Bites 200G,https://www.tesco.com/groceries/en-GB/shop/frozen-food/all?department=Frozen%20Party%20Food%20%26%20Sausage%20Rolls&viewAll=department&page=,£2.65,£1.33/100g,Any 3 for £6 Clubcard Price - Selected Tesco Frozen Party Food 120g - 564g,,/groceries/en-GB/products/304409726,https://digitalcontent.api.tesco.com/v2/media/ghs/6d508aa1-cfb2-48c8-ad87-4ab168960019/53a39481-1cb3-470e-9e76-39a13f468bcf.jpeg?h=225&w=225,
266949357,Tesco Mini Vegetable Spring Rolls 216G,https://www.tesco.com/groceries/en-GB/shop/frozen-food/all?department=Frozen%20Party%20Food%20%26%20Sausage%20Rolls&viewAll=department&page=,£1.25,£5.79/kg,,,/groceries/en-GB/products/266949357,https://digitalcontent.api.tesco.com/v2/media/ghs/ab10301d-b46f-4fa0-81ca-7cf4978f3220/d3d80006-fea1-462f-b0f9-76645bbca917.jpeg?h=225&w=225,
312208635,Tesco Plant Chef 8 Fish Free Bites & Chips 310G,https://www.tesco.com/groceries/en-GB/shop/frozen-food/all?department=Frozen%20Party%20Food%20%26%20Sausage%20Rolls&viewAll=department&page=,£3.50,£1.13/100g,Any 3 for £6 Clubcard Price - Selected Tesco Frozen Party Food 120g - 564g,,/groceries/en-GB/products/312208635,https://digitalcontent.api.tesco.com/v2/media/ghs/057e4ac7-4f37-436e-aca1-ca3899da8806/ec4c8abe-5d86-4e6d-b941-93361826389e_582835707.jpeg?h=225&w=225,
284274315,Tesco Vegetable Samosas 216G Price Marked,https://www.tesco.com/groceries/en-GB/shop/frozen-food/all?department=Frozen%20Party%20Food%20%26%20Sausage%20Rolls&viewAll=department&page=,£1.25,£0.58/100g,,,/groceries/en-GB/products/284274315,https://digitalcontent.api.tesco.com/v2/media/ghs/c5ce22e9-4b2f-42e3-92a1-7adc35a5b565/3144b94f-6108-47c0-abcb-c070806e3bbf.jpeg?h=225&w=225,
278480460,Tesco 14 Onion Bhajis 210G,https://www.tesco.com/groceries/en-GB/shop/frozen-food/all?department=Frozen%20Party%20Food%20%26%20Sausage%20Rolls&viewAll=department&page=,£1.25,£0.60/100g,,,/groceries/en-GB/products/278480460,https://digitalcontent.api.tesco.com/v2/media/ghs/6f08082a-455f-4518-82f8-85e3037b04d2/d833b4a0-944e-4e15-8d1a-6a00392257cb.jpeg?h=225&w=225,
304401781,Tesco 12 Mozzarella Sticks 180G,https://www.tesco.com/groceries/en-GB/shop/frozen-food/all?department=Frozen%20Party%20Food%20%26%20Sausage%20Rolls&viewAll=department&page=,£1.45,£0.81/100g,,,/groceries/en-GB/products/304401781,https://digitalcontent.api.tesco.com/v2/media/ghs/0b2788cd-effd-48dc-9b19-04288b13c655/a05cc45e-a800-42c8-b5d6-424e6cc01a9a.jpeg?h=225&w=225,
309753874,Tesco Pepperoni Pizza Parcels 315G,https://www.tesco.com/groceries/en-GB/shop/frozen-food/all?department=Frozen%20Party%20Food%20%26%20Sausage%20Rolls&viewAll=department&page=,£2.50,£0.79/100g,Any 3 for £6 Clubcard Price - Selected Tesco Frozen Party Food 120g - 564g,,/groceries/en-GB/products/309753874,https://digitalcontent.api.tesco.com/v2/media/ghs/9c9bd562-a654-4249-9f2b-b3639a2fef90/6c5ed824-0444-4534-b56d-3de019faa90b.jpeg?h=225&w=225,
308083717,Brew City Sweet Chilli Halloumi Bites 150G,https://www.tesco.com/groceries/en-GB/shop/frozen-food/all?department=Frozen%20Party%20Food%20%26%20Sausage%20Rolls&viewAll=department&page=,£2.65,£1.77/100g,Any 3 for £6 Clubcard Price - Selected Tesco Frozen Party Food 120g - 564g,,/groceries/en-GB/products/308083717,https://digitalcontent.api.tesco.com/v2/media/ghs/ca765432-7f92-4d62-bd1a-3c17429cd234/2688465c-621f-4fd5-b401-94a0f50f30ba.jpeg?h=225&w=225,
289573374,Tesco 25 Cheese And Onion Rolls 375G,https://www.tesco.com/groceries/en-GB/shop/frozen-food/all?department=Frozen%20Party%20Food%20%26%20Sausage%20Rolls&viewAll=department&page=,£1.25,£0.33/100g,,,/groceries/en-GB/products/289573374,https://digitalcontent.api.tesco.com/v2/media/ghs/5fb4b209-08f2-4061-953b-b2e5876825d0/e1d385e2-4d01-4dfb-9b6e-e4b47e59993f.jpeg?h=225&w=225,
297683289,Tesco 26 Pork Cocktail Sausages 312G,https://www.tesco.com/groceries/en-GB/shop/frozen-food/all?department=Frozen%20Party%20Food%20%26%20Sausage%20Rolls&viewAll=department&page=,£1.50,£0.48/100g,,,/groceries/en-GB/products/297683289,https://digitalcontent.api.tesco.com/v2/media/ghs/d39879c1-23b6-4a71-accf-177fc9da0a33/d5bdc5fe-92c9-4dee-990d-c8cad32fcc95.jpeg?h=225&w=225,
301576704,Tesco 16 Nacho Chicken Bites 200G,https://www.tesco.com/groceries/en-GB/shop/frozen-food/all?department=Frozen%20Party%20Food%20%26%20Sausage%20Rolls&viewAll=department&page=,£2.50,£1.25/100g,Any 3 for £6 Clubcard Price - Selected Tesco Frozen Party Food 120g - 564g,,/groceries/en-GB/products/301576704,https://digitalcontent.api.tesco.com/v2/media/ghs/508f44f7-1caf-4720-9d5b-972bba52c9fb/eb211fb1-c75a-48d8-a50b-6169ae92e8f4.jpeg?h=225&w=225,
311949107,Tesco Plant Chef 12 Meat Free Mini Pasties 264G,https://www.tesco.com/groceries/en-GB/shop/frozen-food/all?department=Frozen%20Party%20Food%20%26%20Sausage%20Rolls&viewAll=department&page=,£1.50,£0.57/100g,,New,/groceries/en-GB/products/311949107,https://digitalcontent.api.tesco.com/v2/media/ghs/1c98e0d8-6c8b-4632-8dc5-0554dbf0f554/2ff581ee-05bc-416d-8935-194cda49bb44_1646869630.jpeg?h=225&w=225,
312093627,Tesco Plant Chef 10 No Duck Spring Rolls 180G,https://www.tesco.com/groceries/en-GB/shop/frozen-food/all?department=Frozen%20Party%20Food%20%26%20Sausage%20Rolls&viewAll=department&page=,£2.00,£1.12/100g,,New,/groceries/en-GB/products/312093627,https://digitalcontent.api.tesco.com/v2/media/ghs/fdfefd9a-274c-4d58-ae07-ed115d43aa78/963d7646-92eb-4194-80c6-643cb2add6ad_443065283.jpeg?h=225&w=225,
306810938,Tesco 50 Sausage Rolls 750G,https://www.tesco.com/groceries/en-GB/shop/frozen-food/all?department=Frozen%20Party%20Food%20%26%20Sausage%20Rolls&viewAll=department&page=,£1.55,£0.21/100g,,,/groceries/en-GB/products/306810938,https://digitalcontent.api.tesco.com/v2/media/ghs/a78d4c62-1b7f-48c3-bee6-6756b8758b54/1e6dbe6e-3f27-4d01-9c2b-9e2207be76ee.jpeg?h=225&w=225,
305437535,Tesco Plant Chef 16 Vegetable Fingers 448G,https://www.tesco.com/groceries/en-GB/shop/frozen-food/all?department=Frozen%20Party%20Food%20%26%20Sausage%20Rolls&viewAll=department&page=,£1.75,£0.39/100g,,,/groceries/en-GB/products/305437535,https://digitalcontent.api.tesco.com/v2/media/ghs/d950a6b6-52b5-4d8f-aaf1-3438b2599358/160d86d7-5f68-49b8-bef4-b7a6004daaf9.jpeg?h=225&w=225,
297860609,Tesco Southern Fried Chicken Bites 220G,https://www.tesco.com/groceries/en-GB/shop/frozen-food/all?department=Frozen%20Party%20Food%20%26%20Sausage%20Rolls&viewAll=department&page=,£1.25,£0.57/100g,,,/groceries/en-GB/products/297860609,https://digitalcontent.api.tesco.com/v2/media/ghs/23756e8f-471e-46ae-8e71-5a680020c809/8cb7e2e6-fbdf-4a88-a4f0-9d293322257b.jpeg?h=225&w=225,
297394994,Tesco 8 Green Jalapeno Peppers Bites 160G,https://www.tesco.com/groceries/en-GB/shop/frozen-food/all?department=Frozen%20Party%20Food%20%26%20Sausage%20Rolls&viewAll=department&page=,£1.25,£0.78/100g,,,/groceries/en-GB/products/297394994,https://digitalcontent.api.tesco.com/v2/media/ghs/d02f2d1d-7fde-48e7-8542-27e7c0d40679/1454f7e4-e2a5-4742-89ec-73837205a100.jpeg?h=225&w=225,
289584620,Tesco 10 Sticky Chicken Kebabs 180G,https://www.tesco.com/groceries/en-GB/shop/frozen-food/all?department=Frozen%20Party%20Food%20%26%20Sausage%20Rolls&viewAll=department&page=,£2.50,£1.39/100g,Any 3 for £6 Clubcard Price - Selected Tesco Frozen Party Food 120g - 564g,,/groceries/en-GB/products/289584620,https://digitalcontent.api.tesco.com/v2/media/ghs/02ab25fa-4aa3-4b77-9a6c-17221c785566/66c1b24c-d3e4-4473-99b6-64b54905b84e.jpeg?h=225&w=225,
312363882,Tesco 8 Mini Lamb Koftas 180G,https://www.tesco.com/groceries/en-GB/shop/frozen-food/all?department=Frozen%20Party%20Food%20%26%20Sausage%20Rolls&viewAll=department&page=,£2.50,£1.39/100g,Any 3 for £6 Clubcard Price - Selected Tesco Frozen Party Food 120g - 564g,,/groceries/en-GB/products/312363882,https://digitalcontent.api.tesco.com/v2/media/ghs/e13c3f60-54ff-48d8-a8d0-5b280523f131/8626cfe7-6e8f-4cec-9399-115a6fe1efbc.jpeg?h=225&w=225,
310690946,Big Prawn Co. 12 Hot & Spicy Prawns 132G,https://www.tesco.com/groceries/en-GB/shop/frozen-food/all?department=Frozen%20Party%20Food%20%26%20Sausage%20Rolls&viewAll=department&page=,£2.50,£1.90/100g,,,/groceries/en-GB/products/310690946,https://digitalcontent.api.tesco.com/v2/media/ghs-mktg/b0b04216-fa73-466d-a9d7-c9fcfa1ce9b3/no-image.jpeg,
254749399,Hollands Potato & Meat Pies 4 Pack,https://www.tesco.com/groceries/en-GB/shop/frozen-food/all?department=Frozen%20Pies&viewAll=department&page=,£4.00,£1.00/each,,,/groceries/en-GB/products/254749399,https://digitalcontent.api.tesco.com/v2/media/ghs/e6c795db-e33f-41dd-9498-5668624648ea/d6fa3df9-e25c-46ac-b744-c88e385ec8b9.jpeg?h=225&w=225,
295543270,Tesco 2 Steak & Craft Ale Pies 440G,https://www.tesco.com/groceries/en-GB/shop/frozen-food/all?department=Frozen%20Pies&viewAll=department&page=,£3.60,£0.82/100g,,,/groceries/en-GB/products/295543270,https://digitalcontent.api.tesco.com/v2/media/ghs/339ff4f3-ab4b-4d67-941b-a0135accf330/7bc16c1f-f794-4cd0-8377-d6aa36bbb97c.jpeg?h=225&w=225,
307745812,Hollands Potato & Meat Family Pie,https://www.tesco.com/groceries/en-GB/shop/frozen-food/all?department=Frozen%20Pies&viewAll=department&page=,£3.75,£3.75/each,£3.25 Clubcard Price,,/groceries/en-GB/products/307745812,https://digitalcontent.api.tesco.com/v2/media/ghs/d5f317b2-7fd8-4664-8648-1b2f8a10902e/33afe8cd-476b-44a9-a453-8057f4e169d8.jpeg?h=225&w=225,
254749445,Hollands 4 Steak & Kidney Puddings,https://www.tesco.com/groceries/en-GB/shop/frozen-food/all?department=Frozen%20Pies&viewAll=department&page=,£4.00,£1.00/each,,,/groceries/en-GB/products/254749445,https://digitalcontent.api.tesco.com/v2/media/ghs/f4b2367d-8acd-468d-ac8c-c9bc548542fc/046d2b34-908b-48ba-80d5-1df632cd60d3.jpeg?h=225&w=225,
287258964,Genius Gluten Free 2 Steak Pies 320G,https://www.tesco.com/groceries/en-GB/shop/frozen-food/all?department=Frozen%20Pies&viewAll=department&page=,£3.70,£1.16/100g,,,/groceries/en-GB/products/287258964,https://digitalcontent.api.tesco.com/v2/media/ghs/0c63350b-59d2-45cd-bb44-3438f87a1150/0e83be8f-3b25-40ec-9b87-24e7cbe4ded6.jpeg?h=225&w=225,
252234700,Birds Eye 4 Shortcrust Chicken Pies 620G,https://www.tesco.com/groceries/en-GB/shop/frozen-food/all?department=Frozen%20Pies&viewAll=department&page=,£4.00,£0.65/100g,,,/groceries/en-GB/products/252234700,https://digitalcontent.api.tesco.com/v2/media/ghs/3f4be0bc-9187-4341-8434-71425d784aa9/137826ec-7601-4c9f-a31b-afb7faecf835.jpeg?h=225&w=225,
291845610,Quorn Chicken & Bacon Lattice 2 Pack 300G,https://www.tesco.com/groceries/en-GB/shop/frozen-food/all?department=Frozen%20Pies&viewAll=department&page=,£2.50,£0.83/100g,,,/groceries/en-GB/products/291845610,https://digitalcontent.api.tesco.com/v2/media/ghs/cfd874e3-b9b4-43d4-9047-af6b13f7c88c/c49a2a4a-f294-41ca-bc31-87cc862b363c.jpeg?h=225&w=225,
310150296,Pukka Vegan Minced Steak & Onion 2Pack,https://www.tesco.com/groceries/en-GB/shop/frozen-food/all?department=Frozen%20Pies&viewAll=department&page=,£2.50,£1.25/each,,New,/groceries/en-GB/products/310150296,https://digitalcontent.api.tesco.com/v2/media/ghs/ab25a1f9-e11a-43aa-a662-f61b702e126e/4506da66-be6b-4e49-ad0c-7a8023f0f5b0.jpeg?h=225&w=225,
299390610,Tesco 2 Vegetarian Mushroom & Camembert Pies 360G,https://www.tesco.com/groceries/en-GB/shop/frozen-food/all?department=Frozen%20Pies&viewAll=department&page=,£2.50,£6.95/kg,,,/groceries/en-GB/products/299390610,https://digitalcontent.api.tesco.com/v2/media/ghs/fd0e581d-1c21-46c1-8780-a80bdd66e237/97003881-b901-44e7-a8f3-6a237421c3eb.jpeg?h=225&w=225,
312567883,Pukka 2 Sausage & Bean Bakes 306G,https://www.tesco.com/groceries/en-GB/shop/frozen-food/all?department=Frozen%20Pies&viewAll=department&page=,£2.50,£0.82/100g,,New,/groceries/en-GB/products/312567883,https://digitalcontent.api.tesco.com/v2/media/ghs/c4330398-e7aa-4d54-bd8d-9259f5d52d3a/52e8de2d-3f14-4796-b659-1df1baed401d_605895200.jpeg?h=225&w=225,
259669218,Pukka All Steak 2 Microwaveable Pies 418G,https://www.tesco.com/groceries/en-GB/shop/frozen-food/all?department=Frozen%20Pies&viewAll=department&page=,£3.00,£0.72/100g,£2.50 Clubcard Price,,/groceries/en-GB/products/259669218,https://digitalcontent.api.tesco.com/v2/media/ghs/b94542e6-0856-47b1-9bac-5eed886326cf/52e0f12b-7aa1-4a92-aabb-e85404605c25.jpeg?h=225&w=225,
299390131,Tesco 4 Cheese & Vegetable Pies 568G,https://www.tesco.com/groceries/en-GB/shop/frozen-food/all?department=Frozen%20Pies&viewAll=department&page=,£2.65,£0.47/100g,,,/groceries/en-GB/products/299390131,https://digitalcontent.api.tesco.com/v2/media/ghs/c0e432f6-ffe6-4d6c-87b8-e55f0d541107/cc508257-71bd-4f0c-9869-b8af4d8485b6.jpeg?h=225&w=225,
299077399,Tesco 2 Vegetarian Mozzarella Roast Vegetable & Pesto Melts 280G,https://www.tesco.com/groceries/en-GB/shop/frozen-food/all?department=Frozen%20Pies&viewAll=department&page=,£2.50,£8.93/kg,,,/groceries/en-GB/products/299077399,https://digitalcontent.api.tesco.com/v2/media/ghs/efd42319-2a7c-4f02-ab23-f2a3006ebba8/e2be0d0c-3a4e-4f65-8bf6-a8fa93a93b95.jpeg?h=225&w=225,
299389992,Tesco Roast Chicken Pie 700G,https://www.tesco.com/groceries/en-GB/shop/frozen-food/all?department=Frozen%20Pies&viewAll=department&page=,£3.15,£0.45/100g,,,/groceries/en-GB/products/299389992,https://digitalcontent.api.tesco.com/v2/media/ghs/bb5abfe8-58b6-4f92-8310-0b47d1ed7dec/40843c8a-0d8e-41ef-8a82-96a7dbac08f9.jpeg?h=225&w=225,
311216644,Pukka Beef & Vegetable Puff Pastry Pies 4 Pack,https://www.tesco.com/groceries/en-GB/shop/frozen-food/all?department=Frozen%20Pies&viewAll=department&page=,£3.25,£0.81/each,,,/groceries/en-GB/products/311216644,https://digitalcontent.api.tesco.com/v2/media/ghs/9293291b-0b44-4f94-afed-2a7ead717ced/5affd1ee-fc8f-4591-a1d5-6d4f1ce4642b.jpeg?h=225&w=225,
309788850,Pukka Microwave Chicken & Bacon Pie 2 Pack,https://www.tesco.com/groceries/en-GB/shop/frozen-food/all?department=Frozen%20Pies&viewAll=department&page=,£3.00,£1.50/each,£2.50 Clubcard Price,,/groceries/en-GB/products/309788850,https://digitalcontent.api.tesco.com/v2/media/ghs/5bd4f5ec-bbdf-4f7b-8c72-e70c98430751/951c8705-7342-4314-9e0c-b72c10f1abd5.jpeg?h=225&w=225,
287490313,Tesco 4 Chicken & Vegetable Pies 568G,https://www.tesco.com/groceries/en-GB/shop/frozen-food/all?department=Frozen%20Pies&viewAll=department&page=,£2.65,£0.47/100g,£2.40 Clubcard Price,,/groceries/en-GB/products/287490313,https://digitalcontent.api.tesco.com/v2/media/ghs/d98eaefe-21ea-4af8-84d5-303b8ce5b0a7/672f612f-8051-4757-af2d-6ca874d59500.jpeg?h=225&w=225,
267530827,Uppercrust Chicken & Asparagus Pie 680G,https://www.tesco.com/groceries/en-GB/shop/frozen-food/all?department=Frozen%20Pies&viewAll=department&page=,£3.75,£0.55/100g,£2.50 Clubcard Price,,/groceries/en-GB/products/267530827,https://digitalcontent.api.tesco.com/v2/media/ghs/8afd1e65-ed09-476f-ba62-f80fb6daee6b/275078aa-eda5-48ff-b8c4-6b8d360c964f.jpeg?h=225&w=225,
313007937,Pukka Vegan Smoky Cheddar Flavour & Onion Bakes 2 Pack 278G,https://www.tesco.com/groceries/en-GB/shop/frozen-food/all?department=Frozen%20Pies&viewAll=department&page=,£2.50,£9.00/kg,,New,/groceries/en-GB/products/313007937,https://digitalcontent.api.tesco.com/v2/media/ghs/5514e5fc-8814-41e6-bc89-f20d76464970/bc6e8e2f-7af5-47f8-a127-2d8d883a46ee.jpeg?h=225&w=225,
311674437,Holland's Steak & Gravy Pies 2X220g,https://www.tesco.com/groceries/en-GB/shop/frozen-food/all?department=Frozen%20Pies&viewAll=department&page=,£3.25,£0.74/100g,,,/groceries/en-GB/products/311674437,https://digitalcontent.api.tesco.com/v2/media/ghs/281a2e7c-a036-44c5-ba8b-7f0486a94c86/cd175e01-4e84-437a-a579-b7c60c7c2592.jpeg?h=225&w=225,
312720007,Pukka 2 Chicken Bakes 306G,https://www.tesco.com/groceries/en-GB/shop/frozen-food/all?department=Frozen%20Pies&viewAll=department&page=,£2.50,£0.82/100g,,New,/groceries/en-GB/products/312720007,https://digitalcontent.api.tesco.com/v2/media/ghs/467de276-d071-441d-ade1-36d3f623b7e0/47bc17a5-5c62-458c-abc9-a3fac23c980f_1286198622.jpeg?h=225&w=225,
287490273,Tesco 4 Chicken & Bacon Pies 568G,https://www.tesco.com/groceries/en-GB/shop/frozen-food/all?department=Frozen%20Pies&viewAll=department&page=,£2.65,£0.47/100g,£2.40 Clubcard Price,,/groceries/en-GB/products/287490273,https://digitalcontent.api.tesco.com/v2/media/ghs/a20d4255-2994-44a0-b83c-78f8386c25ea/f7507bf1-53f9-4f84-a55a-badb0c6bbb37.jpeg?h=225&w=225,
299390217,Hearty Food Co 4 Chicken & Vegetable Pies 484G,https://www.tesco.com/groceries/en-GB/shop/frozen-food/all?department=Frozen%20Pies&viewAll=department&page=,£1.69,£0.35/100g,Aldi Price Match,,/groceries/en-GB/products/299390217,https://digitalcontent.api.tesco.com/v2/media/ghs/8edb36ba-fb31-48f6-81c4-be491c63e51b/ea0b470d-7ef2-4e15-a869-84d21cc65f15.jpeg?h=225&w=225,
299389957,Tesco Steak Pie 700G,https://www.tesco.com/groceries/en-GB/shop/frozen-food/all?department=Frozen%20Pies&viewAll=department&page=,£3.15,£0.45/100g,,,/groceries/en-GB/products/299389957,https://digitalcontent.api.tesco.com/v2/media/ghs/b1b10f0c-f4fd-4dd4-8cbc-847b68bdf2aa/65ca5f0e-aa0f-4eab-a880-3e4ee0fbc112.jpeg?h=225&w=225,
277132120,Tesco 2 Cheese & Onion Bakes 260G,https://www.tesco.com/groceries/en-GB/shop/frozen-food/all?department=Frozen%20Pies&viewAll=department&page=,£1.45,£0.56/100g,,,/groceries/en-GB/products/277132120,https://digitalcontent.api.tesco.com/v2/media/ghs/18d3ce5b-3778-4f0c-a24a-115ef2392e17/83dc3544-fd89-4d85-8cc5-0a770426a35c.jpeg?h=225&w=225,
310845125,Holland's Chicken & Gravy Pies 2X220g,https://www.tesco.com/groceries/en-GB/shop/frozen-food/all?department=Frozen%20Pies&viewAll=department&page=,£3.25,£0.74/100g,,,/groceries/en-GB/products/310845125,https://digitalcontent.api.tesco.com/v2/media/ghs/0ae6eb6f-c12b-430e-84d4-8f93c2a1a072/b87b004c-66ec-4645-bf77-9a0f3c47f560.jpeg?h=225&w=225,
312574033,Pukka 2 Steak Bakes 278G,https://www.tesco.com/groceries/en-GB/shop/frozen-food/all?department=Frozen%20Pies&viewAll=department&page=,£2.50,£0.90/100g,,,/groceries/en-GB/products/312574033,https://digitalcontent.api.tesco.com/v2/media/ghs/0830e194-a119-490c-a97f-045acf6a9de5/7b07ff34-27df-4918-95c9-028e8e09e3d6_1850019535.jpeg?h=225&w=225,
287490250,Tesco 4 Steak Pies 568G,https://www.tesco.com/groceries/en-GB/shop/frozen-food/all?department=Frozen%20Pies&viewAll=department&page=,£2.65,£0.47/100g,,,/groceries/en-GB/products/287490250,https://digitalcontent.api.tesco.com/v2/media/ghs/018fe889-9f1d-4a58-9c0c-451ad3be1560/dbcdb838-5696-41af-b840-8abe1a5ef79f.jpeg?h=225&w=225,
277044126,Tesco 2 Creamy Chicken Bakes 280G Price Marked,https://www.tesco.com/groceries/en-GB/shop/frozen-food/all?department=Frozen%20Pies&viewAll=department&page=,£1.45,£0.52/100g,,,/groceries/en-GB/products/277044126,https://digitalcontent.api.tesco.com/v2/media/ghs/54cad0e2-8673-4d32-9af8-9b4ebf5ea626/d07648b0-3805-4680-aabd-eb78abae4a26.jpeg?h=225&w=225,
299390154,Tesco 2 Bbq Chicken Bakes 280G,https://www.tesco.com/groceries/en-GB/shop/frozen-food/all?department=Frozen%20Pies&viewAll=department&page=,£1.45,£0.52/100g,,,/groceries/en-GB/products/299390154,https://digitalcontent.api.tesco.com/v2/media/ghs/3efad611-7cc6-4570-8d34-3b8c2221d56e/4b752561-f19c-42d7-81b7-8cebe0bee8c2.jpeg?h=225&w=225,
277942716,Tesco 2 Steak Bakes 280G,https://www.tesco.com/groceries/en-GB/shop/frozen-food/all?department=Frozen%20Pies&viewAll=department&page=,£1.45,£0.52/100g,,,/groceries/en-GB/products/277942716,https://digitalcontent.api.tesco.com/v2/media/ghs/779a3a5c-10a5-4828-a699-fea91e7bacb1/f8157b97-ef61-4a6d-b34f-de1b184dced8.jpeg?h=225&w=225,
299390350,Hearty Food Co 4 Bean & Cheese Melts 400G,https://www.tesco.com/groceries/en-GB/shop/frozen-food/all?department=Frozen%20Pies&viewAll=department&page=,£1.00,£0.25/100g,,,/groceries/en-GB/products/299390350,https://digitalcontent.api.tesco.com/v2/media/ghs/5616f3ec-adba-41a8-b703-b9939df8adb1/1c62322e-c67f-49fc-a1a9-7a9d9e7a19b4.jpeg?h=225&w=225,
308080438,Crosta & Mollica Pizzeria Margherita Pizza 403G,https://www.tesco.com/groceries/en-GB/shop/frozen-food/all?department=Frozen%20Pizza%20%26%20Garlic%20Bread&viewAll=department&page=,£5.10,£1.27/100g,,,/groceries/en-GB/products/308080438,https://digitalcontent.api.tesco.com/v2/media/ghs/1edd406b-d853-4393-bffe-f700348922d0/6955f720-ffa2-47f5-a5e1-c072fe7450ed.jpeg?h=225&w=225,
307159890,Goodfella's Classic Crust Takeaway Pepperoni Pizza 524G,https://www.tesco.com/groceries/en-GB/shop/frozen-food/all?department=Frozen%20Pizza%20%26%20Garlic%20Bread&viewAll=department&page=,£4.40,£0.84/100g,£3.00 Clubcard Price,,/groceries/en-GB/products/307159890,https://digitalcontent.api.tesco.com/v2/media/ghs/008a166b-d4bc-4979-bf1e-be9715557dc5/8b1c4539-2de5-4da5-8234-f426444a4e3f.jpeg?h=225&w=225,
282765763,Goodfella's Takeaway The Big Cheese 555G,https://www.tesco.com/groceries/en-GB/shop/frozen-food/all?department=Frozen%20Pizza%20%26%20Garlic%20Bread&viewAll=department&page=,£4.40,£0.79/100g,£3.00 Clubcard Price,,/groceries/en-GB/products/282765763,https://digitalcontent.api.tesco.com/v2/media/ghs/04ab96fb-7ee3-47cb-af6d-de80948a83c6/d976fc88-01b4-42bb-80f2-27d4e9a5b758.jpeg?h=225&w=225,
271414124,Goodfella's Stonebaked Thin Chicken 365G,https://www.tesco.com/groceries/en-GB/shop/frozen-food/all?department=Frozen%20Pizza%20%26%20Garlic%20Bread&viewAll=department&page=,£2.85,£0.78/100g,,,/groceries/en-GB/products/271414124,https://digitalcontent.api.tesco.com/v2/media/ghs/bd1ea17e-fc20-4f2b-bedf-604e50506c71/84207be3-bc22-4f82-b078-77fd48be7df2.jpeg?h=225&w=225,
307366159,Goodfellas Stone Baked Thin Pepperoni Pizza 332G,https://www.tesco.com/groceries/en-GB/shop/frozen-food/all?department=Frozen%20Pizza%20%26%20Garlic%20Bread&viewAll=department&page=,£2.85,£0.86/100g,,,/groceries/en-GB/products/307366159,https://digitalcontent.api.tesco.com/v2/media/ghs/b9cfc0ab-a2ae-4f83-9ebd-4d7a92bc2a42/4b76fed9-5c65-4ffe-8c5a-f0572c9e6156.jpeg?h=225&w=225,
266459126,Goodfella's Stonebaked Thin Margherita 345G,https://www.tesco.com/groceries/en-GB/shop/frozen-food/all?department=Frozen%20Pizza%20%26%20Garlic%20Bread&viewAll=department&page=,£2.85,£0.83/100g,,,/groceries/en-GB/products/266459126,https://digitalcontent.api.tesco.com/v2/media/ghs/2913bb4e-f844-4c1e-973f-9044c64d98a1/f1733aa6-8eee-43ab-b514-483fa9ebedec.jpeg?h=225&w=225,
307746264,Chicago Town Takeaway Meat Feast Pizza 640G,https://www.tesco.com/groceries/en-GB/shop/frozen-food/all?department=Frozen%20Pizza%20%26%20Garlic%20Bread&viewAll=department&page=,£4.50,£0.70/100g,,,/groceries/en-GB/products/307746264,https://digitalcontent.api.tesco.com/v2/media/ghs/b5eae0a9-f722-474c-b00e-277679b10bc1/186f9b6c-aa04-4476-aef0-849076510172.jpeg?h=225&w=225,
307157650,Northern Dough Co. Pizza Dough Original 2 X 220G,https://www.tesco.com/groceries/en-GB/shop/frozen-food/all?department=Frozen%20Pizza%20%26%20Garlic%20Bread&viewAll=department&page=,£2.60,£0.59/100g,,,/groceries/en-GB/products/307157650,https://digitalcontent.api.tesco.com/v2/media/ghs/22fc4cae-8ba2-46a3-a161-6466df63bc23/02fc81f8-5c33-4feb-a185-86dfcf6ad300.jpeg?h=225&w=225,
264625922,Chicago Town Large Takeaway Cheese Pizza 630G,https://www.tesco.com/groceries/en-GB/shop/frozen-food/all?department=Frozen%20Pizza%20%26%20Garlic%20Bread&viewAll=department&page=,£3.75,£0.60/100g,,,/groceries/en-GB/products/264625922,https://digitalcontent.api.tesco.com/v2/media/ghs/e1c4fb22-eabc-4873-b552-de24a61514c6/d2c8b666-334b-41f4-b155-74ea6c227f2c.jpeg?h=225&w=225,
264625916,Chicago Town Large Takeaway Pepperoni Pizza 645G,https://www.tesco.com/groceries/en-GB/shop/frozen-food/all?department=Frozen%20Pizza%20%26%20Garlic%20Bread&viewAll=department&page=,£3.75,£0.58/100g,,,/groceries/en-GB/products/264625916,https://digitalcontent.api.tesco.com/v2/media/ghs/be96f48b-fa60-4add-81a7-576d7139ab3c/a9df5ff9-f0bf-4679-81bb-431a7b4e454e.jpeg?h=225&w=225,
307160737,Goodfella's Deep Pan Baked Pepperoni Pizza 411G,https://www.tesco.com/groceries/en-GB/shop/frozen-food/all?department=Frozen%20Pizza%20%26%20Garlic%20Bread&viewAll=department&page=,£2.50,£0.61/100g,,,/groceries/en-GB/products/307160737,https://digitalcontent.api.tesco.com/v2/media/ghs/84dd8fe0-c961-4214-8284-4cb0ce68328f/f60b5462-2083-45d9-9a6b-4413b36c8853.jpeg?h=225&w=225,
303008920,Goodfella's Deep Cheesy Pizza 421G,https://www.tesco.com/groceries/en-GB/shop/frozen-food/all?department=Frozen%20Pizza%20%26%20Garlic%20Bread&viewAll=department&page=,£2.50,£0.59/100g,,,/groceries/en-GB/products/303008920,https://digitalcontent.api.tesco.com/v2/media/ghs/61d8313e-1afe-4b59-8873-deffdc450298/6cb8b40e-020b-42f9-863d-03468b6a86c6.jpeg?h=225&w=225,
305839198,Chicago Town Stuffed Crust Chicken & Bacon Large Pizza 640G,https://www.tesco.com/groceries/en-GB/shop/frozen-food/all?department=Frozen%20Pizza%20%26%20Garlic%20Bread&viewAll=department&page=,£3.75,£0.59/100g,,,/groceries/en-GB/products/305839198,https://digitalcontent.api.tesco.com/v2/media/ghs/4ed433a1-8241-4344-8a61-3cf6a8fd94ba/2723bacf-15e9-4a13-9f14-32edf8cf8b5e.jpeg?h=225&w=225,
312696672,Lewis Capaldi Big Sexy Meaty One Pizza 507G,https://www.tesco.com/groceries/en-GB/shop/frozen-food/all?department=Frozen%20Pizza%20%26%20Garlic%20Bread&viewAll=department&page=,£4.00,£0.79/100g,,New,/groceries/en-GB/products/312696672,https://digitalcontent.api.tesco.com/v2/media/ghs/57506348-0381-4133-940c-fb4df4c566ee/75309076-a648-42d8-aa2d-6d6bce2a7d38_684237481.jpeg?h=225&w=225,
312701673,Lewis Capaldi Big Sexy Cheesy One Pizza 450G,https://www.tesco.com/groceries/en-GB/shop/frozen-food/all?department=Frozen%20Pizza%20%26%20Garlic%20Bread&viewAll=department&page=,£4.00,£0.89/100g,,New,/groceries/en-GB/products/312701673,https://digitalcontent.api.tesco.com/v2/media/ghs/02e2fc99-6ead-4842-9453-e13cc10fc65d/16f040c4-761b-4c94-a8e0-bd0bb4727217_214218899.jpeg?h=225&w=225,
305979020,Chicago Town Tiger Crust Double Pepperoni Pizza 320G,https://www.tesco.com/groceries/en-GB/shop/frozen-food/all?department=Frozen%20Pizza%20%26%20Garlic%20Bread&viewAll=department&page=,£3.00,£0.94/100g,£2.00 Clubcard Price,,/groceries/en-GB/products/305979020,https://digitalcontent.api.tesco.com/v2/media/ghs/e6fbcc1e-31f0-49bc-bd07-5a6ef7645792/522ecf6d-9ba5-4a44-8c82-ee675a2cd0dc.jpeg?h=225&w=225,
304403364,Goodfella's Pizza Pockets Triple Cheese 2 Pack 250G,https://www.tesco.com/groceries/en-GB/shop/frozen-food/all?department=Frozen%20Pizza%20%26%20Garlic%20Bread&viewAll=department&page=,£2.00,£0.80/100g,,,/groceries/en-GB/products/304403364,https://digitalcontent.api.tesco.com/v2/media/ghs/ad3e1960-a911-42c5-b553-179ee4e83978/c475a873-1b19-44f5-8864-02bc60af8ed1.jpeg?h=225&w=225,
304388225,Goodfella's Pizza Pockets Pepperoni 2 Pack 250G,https://www.tesco.com/groceries/en-GB/shop/frozen-food/all?department=Frozen%20Pizza%20%26%20Garlic%20Bread&viewAll=department&page=,£2.00,£0.80/100g,,,/groceries/en-GB/products/304388225,https://digitalcontent.api.tesco.com/v2/media/ghs/7b7fd9bf-0b63-4d3c-bd55-927fb2e9b7ff/37f9ff6c-12f4-402a-a837-68e0c6f7b642.jpeg?h=225&w=225,
305970064,Chicago Town Tiger Crust Cheese Medley Pizza 305G,https://www.tesco.com/groceries/en-GB/shop/frozen-food/all?department=Frozen%20Pizza%20%26%20Garlic%20Bread&viewAll=department&page=,£3.00,£0.98/100g,£2.00 Clubcard Price,,/groceries/en-GB/products/305970064,https://digitalcontent.api.tesco.com/v2/media/ghs/82a366be-2cd0-40ca-9877-25f3cb51a00b/ac10c5cd-6b0b-4cb5-acc8-e1271c42f5f4.jpeg?h=225&w=225,
291744331,Tesco Stuffed Crust Cheese Pizza 431G,https://www.tesco.com/groceries/en-GB/shop/frozen-food/all?department=Frozen%20Pizza%20%26%20Garlic%20Bread&viewAll=department&page=,£2.40,£0.56/100g,,,/groceries/en-GB/products/291744331,https://digitalcontent.api.tesco.com/v2/media/ghs/7af7b17a-2cc0-4c0f-886b-9c648af7f9f5/f22f6e9e-f9da-4939-88d0-0e464e36245c.jpeg?h=225&w=225,
305943009,Chicago Town Tiger Crust Cheesy Ham & Bacon Pizza 315G,https://www.tesco.com/groceries/en-GB/shop/frozen-food/all?department=Frozen%20Pizza%20%26%20Garlic%20Bread&viewAll=department&page=,£3.00,£0.95/100g,£2.00 Clubcard Price,,/groceries/en-GB/products/305943009,https://digitalcontent.api.tesco.com/v2/media/ghs/5c01700f-77af-48b0-ab73-06b2b63cce7a/0463a853-7d84-455c-9d89-2b11da66a97c.jpeg?h=225&w=225,
312356361,Chicago Town Deep Dish Picante N'duja Pizza 2 X 153G,https://www.tesco.com/groceries/en-GB/shop/frozen-food/all?department=Frozen%20Pizza%20%26%20Garlic%20Bread&viewAll=department&page=,£2.50,£0.82/100g,£1.75 Clubcard Price,,/groceries/en-GB/products/312356361,https://digitalcontent.api.tesco.com/v2/media/ghs/ed84c819-f34c-45f9-ba88-21af59bcaffe/2c536d4d-a1d3-45c3-9848-327cf4611598_1131937271.jpeg?h=225&w=225,
299344694,Hearty Food Co. Mini Pizzas Cheese & Tomato 4 Pack 356G,https://www.tesco.com/groceries/en-GB/shop/frozen-food/all?department=Frozen%20Pizza%20%26%20Garlic%20Bread&viewAll=department&page=,£2.20,£0.62/100g,,,/groceries/en-GB/products/299344694,https://digitalcontent.api.tesco.com/v2/media/ghs/6a952988-7378-4637-8273-f2daceaf538d/ad06e1d9-10af-4e35-b6d7-d12cfe19d2c8.jpeg?h=225&w=225,
251334802,Dr. Oetker Ristorante Pizza Hawaii 355G,https://www.tesco.com/groceries/en-GB/shop/frozen-food/all?department=Frozen%20Pizza%20%26%20Garlic%20Bread&viewAll=department&page=,£3.00,£0.84/100g,£1.50 Clubcard Price,,/groceries/en-GB/products/251334802,https://digitalcontent.api.tesco.com/v2/media/ghs/e17a73be-b250-4641-b300-090b22457201/2573d7ca-3860-4b61-89d0-77c38aca4d4d.jpeg?h=225&w=225,
308090403,Tesco Takeaway Bbq Chicken Pizza 509G,https://www.tesco.com/groceries/en-GB/shop/frozen-food/all?department=Frozen%20Pizza%20%26%20Garlic%20Bread&viewAll=department&page=,£2.50,£0.49/100g,,,/groceries/en-GB/products/308090403,https://digitalcontent.api.tesco.com/v2/media/ghs/578db7da-2787-4d03-aac7-49fc8c9282ed/dab03fc4-bc11-4857-87e4-7ba37a9bd175.jpeg?h=225&w=225,
251334710,Dr. Oetker Ristorante Pizza Mozzarella 335G,https://www.tesco.com/groceries/en-GB/shop/frozen-food/all?department=Frozen%20Pizza%20%26%20Garlic%20Bread&viewAll=department&page=,£3.00,£0.90/100g,£1.50 Clubcard Price,,/groceries/en-GB/products/251334710,https://digitalcontent.api.tesco.com/v2/media/ghs/c5821c24-948e-4e02-946e-e503ed6493a2/a5ceae96-3a1f-4456-b180-a5a3ef0413d7.jpeg?h=225&w=225,
255057692,Dr. Oetker Ristorante Pizza Pollo 355G,https://www.tesco.com/groceries/en-GB/shop/frozen-food/all?department=Frozen%20Pizza%20%26%20Garlic%20Bread&viewAll=department&page=,£3.00,£0.84/100g,£1.50 Clubcard Price,,/groceries/en-GB/products/255057692,https://digitalcontent.api.tesco.com/v2/media/ghs/4751d916-c208-4e0d-8436-3ffefab15458/599d997b-76cc-48d6-9c9f-3e8b353fa6ce.jpeg?h=225&w=225,
285363525,Tesco Stonebaked Thin Double Pepperoni Pizza 330G Price Marked,https://www.tesco.com/groceries/en-GB/shop/frozen-food/all?department=Frozen%20Pizza%20%26%20Garlic%20Bread&viewAll=department&page=,£1.45,£0.44/100g,,,/groceries/en-GB/products/285363525,https://digitalcontent.api.tesco.com/v2/media/ghs/21650785-3bc8-418a-a4ab-f9aa4a55b49b/744cd042-3f87-4ce1-8701-b3507ba781fd.jpeg?h=225&w=225,
251334664,Dr. Oetker Ristorante Pizza Funghi 365G,https://www.tesco.com/groceries/en-GB/shop/frozen-food/all?department=Frozen%20Pizza%20%26%20Garlic%20Bread&viewAll=department&page=,£3.00,£0.82/100g,£1.50 Clubcard Price,,/groceries/en-GB/products/251334664,https://digitalcontent.api.tesco.com/v2/media/ghs/1c764245-b781-4e12-b8a1-9260a5a9dcc3/e55e7d02-691b-45ca-8cb1-1538a03e5ff3.jpeg?h=225&w=225,
285363462,Tesco Stonebaked Thin Four Cheese Pizza 330G Price Marked,https://www.tesco.com/groceries/en-GB/shop/frozen-food/all?department=Frozen%20Pizza%20%26%20Garlic%20Bread&viewAll=department&page=,£1.45,£0.44/100g,,,/groceries/en-GB/products/285363462,https://digitalcontent.api.tesco.com/v2/media/ghs/3e235df2-2819-4042-8368-e6ed148901b5/839c736b-a4e5-4ff9-b51e-084a24b2bc43.jpeg?h=225&w=225,
308107743,Tesco Takeaway Meat Feast Pizza 531G,https://www.tesco.com/groceries/en-GB/shop/frozen-food/all?department=Frozen%20Pizza%20%26%20Garlic%20Bread&viewAll=department&page=,£2.50,£0.47/100g,,,/groceries/en-GB/products/308107743,https://digitalcontent.api.tesco.com/v2/media/ghs/df8e3f93-0e48-48b1-98cc-6d1632ce70ad/890b923d-9254-44ec-a7b1-bf0c9d95cff9.jpeg?h=225&w=225,
299557298,Tesco Cheese & Garlic Pizza Bread 210G,https://www.tesco.com/groceries/en-GB/shop/frozen-food/all?department=Frozen%20Pizza%20%26%20Garlic%20Bread&viewAll=department&page=,£1.50,£0.72/100g,,,/groceries/en-GB/products/299557298,https://digitalcontent.api.tesco.com/v2/media/ghs/14d9ba71-7ec9-4540-8423-e91524e1cb52/1941fc85-5fb4-49ef-bff9-429b2c409500.jpeg?h=225&w=225,
268290106,Dr. Oetker Ristorante Pizza Pepperoni Salame 320G,https://www.tesco.com/groceries/en-GB/shop/frozen-food/all?department=Frozen%20Pizza%20%26%20Garlic%20Bread&viewAll=department&page=,£3.00,£0.94/100g,£1.50 Clubcard Price,,/groceries/en-GB/products/268290106,https://digitalcontent.api.tesco.com/v2/media/ghs/6b367804-47a9-4d48-8454-ed2e8b4bfe81/c80afa85-4a3d-4998-8061-7f01e4dbf839_2146625361.jpeg?h=225&w=225,
311783357,Chicago Town Deep Dish Pepperoni Pizzas 2 X 155G,https://www.tesco.com/groceries/en-GB/shop/frozen-food/all?department=Frozen%20Pizza%20%26%20Garlic%20Bread&viewAll=department&page=,,,,,/groceries/en-GB/products/311783357,https://digitalcontent.api.tesco.com/v2/media/ghs/8a8d128f-9f24-44e9-b7fd-bcb812289f10/1038bdb5-4a9c-4325-834e-358b81dd51a5.jpeg?h=225&w=225,This product's currently out of stock
311954991,Chicago Town Deep Dish Four Cheese Pizzas 2 X 148G,https://www.tesco.com/groceries/en-GB/shop/frozen-food/all?department=Frozen%20Pizza%20%26%20Garlic%20Bread&viewAll=department&page=,£1.49,£0.50/100g,,,/groceries/en-GB/products/311954991,https://digitalcontent.api.tesco.com/v2/media/ghs/ff9f4d71-3c53-46ca-b63b-6f991e0c9a68/c392da40-4bd3-4106-bded-c685f7edc465.jpeg?h=225&w=225,
296457692,Tesco Stonebaked Ham & Pineapple Pizza 375G,https://www.tesco.com/groceries/en-GB/shop/frozen-food/all?department=Frozen%20Pizza%20%26%20Garlic%20Bread&viewAll=department&page=,£1.45,£0.39/100g,,,/groceries/en-GB/products/296457692,https://digitalcontent.api.tesco.com/v2/media/ghs/e83165a8-7c3f-42b1-92ea-8f69533ad577/89e0d7f9-b6f5-4158-8a4b-3d2f2664a8cc.jpeg?h=225&w=225,
285363715,Tesco Stonebaked Thin Bbq Meat Feast 340G,https://www.tesco.com/groceries/en-GB/shop/frozen-food/all?department=Frozen%20Pizza%20%26%20Garlic%20Bread&viewAll=department&page=,£1.45,£0.43/100g,,,/groceries/en-GB/products/285363715,https://digitalcontent.api.tesco.com/v2/media/ghs/bf1aa75f-0b93-4436-8fdc-cf9aae6c5a17/8e532784-507a-4873-8903-f97cd1f3cd9b.jpeg?h=225&w=225,
284905132,Tesco 2 Pizza Subs Pepperoni 250G,https://www.tesco.com/groceries/en-GB/shop/frozen-food/all?department=Frozen%20Pizza%20%26%20Garlic%20Bread&viewAll=department&page=,£1.05,£0.42/100g,,,/groceries/en-GB/products/284905132,https://digitalcontent.api.tesco.com/v2/media/ghs/19d8b9e1-ea9c-4dc4-9820-1481a01de48a/1abd5e0f-4e5f-43c0-a0ac-b7ac8cae2e71.jpeg?h=225&w=225,
253803694,Tesco 10 Garlic Bread Slices 260G,https://www.tesco.com/groceries/en-GB/shop/frozen-food/all?department=Frozen%20Pizza%20%26%20Garlic%20Bread&viewAll=department&page=,£1.50,£0.58/100g,,,/groceries/en-GB/products/253803694,https://digitalcontent.api.tesco.com/v2/media/ghs/c625f969-eb6a-49f2-a4da-626870c5ef84/af3545c4-67b4-4768-b0db-6684676a43f2.jpeg?h=225&w=225,
285384454,Tesco 2 Pizza Subs Cheese 260G,https://www.tesco.com/groceries/en-GB/shop/frozen-food/all?department=Frozen%20Pizza%20%26%20Garlic%20Bread&viewAll=department&page=,£1.05,£0.40/100g,,,/groceries/en-GB/products/285384454,https://digitalcontent.api.tesco.com/v2/media/ghs/dde7ce45-7288-45a4-af97-4fd84b512211/3051f61b-353f-42dd-b56d-96ff8893d6fb.jpeg?h=225&w=225,
287317941,Tesco Deep Cheese Pizza 386G,https://www.tesco.com/groceries/en-GB/shop/frozen-food/all?department=Frozen%20Pizza%20%26%20Garlic%20Bread&viewAll=department&page=,£1.35,£0.35/100g,,,/groceries/en-GB/products/287317941,https://digitalcontent.api.tesco.com/v2/media/ghs/bfdc6922-04ee-4bd9-9fac-826f29dae99a/1612ec80-112e-4b3b-b38e-3c47798df0f9.jpeg?h=225&w=225,
312111962,Chicago Town Deep Dish Mega Meaty Pizzas 2 X 157G,https://www.tesco.com/groceries/en-GB/shop/frozen-food/all?department=Frozen%20Pizza%20%26%20Garlic%20Bread&viewAll=department&page=,£1.49,£0.48/100g,,,/groceries/en-GB/products/312111962,https://digitalcontent.api.tesco.com/v2/media/ghs/ebfca2b6-4107-4ee0-876b-b34ae27acb5f/30e0d45c-4e29-45d3-96d6-685124c34b6c.jpeg?h=225&w=225,
285159290,Tesco Deep Pan Meat Feast Pizza 386G Price Marked,https://www.tesco.com/groceries/en-GB/shop/frozen-food/all?department=Frozen%20Pizza%20%26%20Garlic%20Bread&viewAll=department&page=,£1.35,£0.35/100g,,,/groceries/en-GB/products/285159290,https://digitalcontent.api.tesco.com/v2/media/ghs/148a1581-c300-41b9-953d-259d4ea55d02/42a97041-03b0-4161-86d6-75ec1e4c1244.jpeg?h=225&w=225,
299424801,Hearty Food Co. 2 Garlic Baguettes 338G,https://www.tesco.com/groceries/en-GB/shop/frozen-food/all?department=Frozen%20Pizza%20%26%20Garlic%20Bread&viewAll=department&page=,£0.79,£0.23/100g,Aldi Price Match,,/groceries/en-GB/products/299424801,https://digitalcontent.api.tesco.com/v2/media/ghs/b5e3c55b-384a-490a-9ef6-d9ca88e1dc82/2896f565-2ab1-4d11-8257-dc634dca39fa.jpeg?h=225&w=225,
299557230,Hearty Food Thin Cheese & Tomato Pizza 314G,https://www.tesco.com/groceries/en-GB/shop/frozen-food/all?department=Frozen%20Pizza%20%26%20Garlic%20Bread&viewAll=department&page=,£0.66,£0.21/100g,Aldi Price Match,,/groceries/en-GB/products/299557230,https://digitalcontent.api.tesco.com/v2/media/ghs/2184e7bf-92ed-4622-911c-b79c850c03ad/c7ae7237-8d6b-455b-903c-261cdb41dc6a.jpeg?h=225&w=225,
299425011,Hearty Food Thin Pepperoni Pizza 314G,https://www.tesco.com/groceries/en-GB/shop/frozen-food/all?department=Frozen%20Pizza%20%26%20Garlic%20Bread&viewAll=department&page=,,,,,/groceries/en-GB/products/299425011,https://digitalcontent.api.tesco.com/v2/media/ghs/4fe1c30b-dcbe-491b-8ea1-dfe12af96403/851eba0d-b831-4bc3-aad6-a5929b9a3a39.jpeg?h=225&w=225,This product's currently out of stock
308087080,Crosta & Mollica Stromboll Spicy Salami Pizza 447G,https://www.tesco.com/groceries/en-GB/shop/frozen-food/all?department=Frozen%20Pizza%20%26%20Garlic%20Bread&viewAll=department&page=,£5.10,£1.15/100g,,,/groceries/en-GB/products/308087080,,
308103309,Crosta & Mollica Pizzeria Imperia Sourdough 419G,https://www.tesco.com/groceries/en-GB/shop/frozen-food/all?department=Frozen%20Pizza%20%26%20Garlic%20Bread&viewAll=department&page=,£5.10,£1.22/100g,,,/groceries/en-GB/products/308103309,,
311427786,Zizzi Vegan Jackfruit Pepperoni Pizza 400G,https://www.tesco.com/groceries/en-GB/shop/frozen-food/all?department=Frozen%20Pizza%20%26%20Garlic%20Bread&viewAll=department&page=,£4.00,£10.00/kg,,,/groceries/en-GB/products/311427786,https://digitalcontent.api.tesco.com/v2/media/ghs/90236a0f-77d4-4d19-b458-7f862097c29c/ae8646ae-0bb2-4695-86d4-e28856419037.jpeg?h=225&w=225,
308844866,Dr Oetker Vegan Margherita Pomodori Pizza 340G,https://www.tesco.com/groceries/en-GB/shop/frozen-food/all?department=Frozen%20Pizza%20%26%20Garlic%20Bread&viewAll=department&page=,£3.25,£9.56/kg,,,/groceries/en-GB/products/308844866,https://digitalcontent.api.tesco.com/v2/media/ghs/39e677db-6b95-4a47-8f02-15bb28a1053a/eac0fc61-53cb-4838-bc04-3f003db2dd6a.jpeg?h=225&w=225,
304392732,Chicago Town Vegan Crust Pizza Bbq Jackfruit 490G,https://www.tesco.com/groceries/en-GB/shop/frozen-food/all?department=Frozen%20Pizza%20%26%20Garlic%20Bread&viewAll=department&page=,£4.00,£8.17/kg,,,/groceries/en-GB/products/304392732,https://digitalcontent.api.tesco.com/v2/media/ghs/0638f188-30e9-419e-b6ac-441a027acd6c/8390cd3c-bc7a-4c11-b5bf-46f865b93c49.jpeg?h=225&w=225,
308099797,Goodfellas Takeaway Chicken & Bacon Bbq Pizza 549G,https://www.tesco.com/groceries/en-GB/shop/frozen-food/all?department=Frozen%20Pizza%20%26%20Garlic%20Bread&viewAll=department&page=,£4.40,£8.02/kg,,,/groceries/en-GB/products/308099797,https://digitalcontent.api.tesco.com/v2/media/ghs/ad44151b-a367-4de2-b3b2-bb2138dd8660/6954379c-bc69-4010-be6d-16c7ca1c528d.jpeg?h=225&w=225,
308114262,Chicago Town Vegan Stuffed Crust Bacn Mushroom Pizza 500G,https://www.tesco.com/groceries/en-GB/shop/frozen-food/all?department=Frozen%20Pizza%20%26%20Garlic%20Bread&viewAll=department&page=,£4.00,£8.00/kg,,,/groceries/en-GB/products/308114262,https://digitalcontent.api.tesco.com/v2/media/ghs/478f2190-54a0-4c9f-b876-dc2b4035b708/2ce08af1-4ab6-4e12-a0bc-8e9a925013fe.jpeg?h=225&w=225,
311432111,Goodfella's Pizza Chick'nless Supreme Vegan Takeaway 532G,https://www.tesco.com/groceries/en-GB/shop/frozen-food/all?department=Frozen%20Pizza%20%26%20Garlic%20Bread&viewAll=department&page=,£3.50,£6.58/kg,£3.00 Clubcard Price,,/groceries/en-GB/products/311432111,https://digitalcontent.api.tesco.com/v2/media/ghs/ca899ca4-c8d5-4246-bb68-bf53bd55c778/5e0b8dbc-0f5f-4315-b3eb-05c31a273ac9_1975932664.jpeg?h=225&w=225,
303205018,Chicago Town Takeaway Cheesy Stuffed Crust 630G,https://www.tesco.com/groceries/en-GB/shop/frozen-food/all?department=Frozen%20Pizza%20%26%20Garlic%20Bread&viewAll=department&page=,£4.50,£0.72/100g,,,/groceries/en-GB/products/303205018,https://digitalcontent.api.tesco.com/v2/media/ghs/0b6701dd-0bfa-42b6-b6da-c2ac36e562a4/4eacea8c-cd7f-4171-8d3b-ea00bb686361.jpeg?h=225&w=225,
304781698,Chicago Town Cheesy Stuffed Crust Pepperoni Pizza 640G,https://www.tesco.com/groceries/en-GB/shop/frozen-food/all?department=Frozen%20Pizza%20%26%20Garlic%20Bread&viewAll=department&page=,£4.50,£0.70/100g,,,/groceries/en-GB/products/304781698,https://digitalcontent.api.tesco.com/v2/media/ghs/d416cd5c-9056-40d6-a9a0-b253dc1063c4/1b0b2a40-8d47-4ac7-927c-aa413e2e9325.jpeg?h=225&w=225,
308103776,Chicago Town Deep Dish Cheezeburger Vegan Pizza 2X166g,https://www.tesco.com/groceries/en-GB/shop/frozen-food/all?department=Frozen%20Pizza%20%26%20Garlic%20Bread&viewAll=department&page=,£3.00,£9.04/kg,,,/groceries/en-GB/products/308103776,https://digitalcontent.api.tesco.com/v2/media/ghs/5c132c85-c531-4f55-9742-0b2d265a0d90/d38ebcdd-9ee9-4c27-a020-909ec1afd0db.jpeg?h=225&w=225,
311422336,Zizzi Rustica Margherita Classic Pizza 410G,https://www.tesco.com/groceries/en-GB/shop/frozen-food/all?department=Frozen%20Pizza%20%26%20Garlic%20Bread&viewAll=department&page=,£4.00,£0.98/100g,,,/groceries/en-GB/products/311422336,https://digitalcontent.api.tesco.com/v2/media/ghs/2638aa16-a527-4713-8dc9-e28a24d3f0bc/f9d72505-bace-4d3a-a6ab-7eca3e066fcc.jpeg?h=225&w=225,
311422964,Zizzi Rustica Ham & Mushroom Pizza 415G,https://www.tesco.com/groceries/en-GB/shop/frozen-food/all?department=Frozen%20Pizza%20%26%20Garlic%20Bread&viewAll=department&page=,£4.00,£0.96/100g,,,/groceries/en-GB/products/311422964,https://digitalcontent.api.tesco.com/v2/media/ghs/5cfc00b3-e9a2-45f4-8464-0071ca9ed885/1f8800c8-a2b1-4ad0-960c-a3dc7ddb49a9.jpeg?h=225&w=225,
311253115,Zizzi Rustica Piccante Pepperoni Pizza 410G,https://www.tesco.com/groceries/en-GB/shop/frozen-food/all?department=Frozen%20Pizza%20%26%20Garlic%20Bread&viewAll=department&page=,£4.00,£0.98/100g,,,/groceries/en-GB/products/311253115,https://digitalcontent.api.tesco.com/v2/media/ghs/377152a7-3e27-4045-854f-86d0d6c358f7/0e76e42d-b814-4e9c-83c3-77aaaa3d170d.jpeg?h=225&w=225,
312586140,Chicago Town Crispy Thin Sausage & Pepperoni Pizza 431G,https://www.tesco.com/groceries/en-GB/shop/frozen-food/all?department=Frozen%20Pizza%20%26%20Garlic%20Bread&viewAll=department&page=,£4.00,£0.93/100g,,New,/groceries/en-GB/products/312586140,https://digitalcontent.api.tesco.com/v2/media/ghs/9037f30a-ca12-401f-b0d8-5e113c4f599f/f56a85b0-36e9-4873-b248-3b38a8effeac_1419111141.jpeg?h=225&w=225,
312831259,Chicago Town Crispy Thin Loaded Cheese Pizza 439G,https://www.tesco.com/groceries/en-GB/shop/frozen-food/all?department=Frozen%20Pizza%20%26%20Garlic%20Bread&viewAll=department&page=,£4.00,£0.91/100g,,New,/groceries/en-GB/products/312831259,https://digitalcontent.api.tesco.com/v2/media/ghs/d28e82b7-6528-4746-84ee-9ed741f1fcb6/22a49db8-caec-4c00-84ec-72fd0eaa5627_179955037.jpeg?h=225&w=225,
251334952,Dr. Oetker Ristorante Pizza Speciale 330G,https://www.tesco.com/groceries/en-GB/shop/frozen-food/all?department=Frozen%20Pizza%20%26%20Garlic%20Bread&viewAll=department&page=,£3.00,£0.91/100g,£1.50 Clubcard Price,,/groceries/en-GB/products/251334952,https://digitalcontent.api.tesco.com/v2/media/ghs/3a53c8f1-22e4-4096-b865-189a4adebeac/891a63e5-1e4f-4c8d-828c-f7c6eea1d626_1446057935.jpeg?h=225&w=225,
308470426,Northern Dough Co. Pizza Dough Italian Herb 2X200g,https://www.tesco.com/groceries/en-GB/shop/frozen-food/all?department=Frozen%20Pizza%20%26%20Garlic%20Bread&viewAll=department&page=,£2.60,£0.59/100g,,,/groceries/en-GB/products/308470426,https://digitalcontent.api.tesco.com/v2/media/ghs/c5ae2546-7a71-4fad-942e-7b2d153d0ad4/1cb53556-e2db-419c-ab0c-4bfa529aa619.jpeg?h=225&w=225,
311261658,Zizzi Garlic Bread & Cheese 295G,https://www.tesco.com/groceries/en-GB/shop/frozen-food/all?department=Frozen%20Pizza%20%26%20Garlic%20Bread&viewAll=department&page=,£2.75,£0.93/100g,,,/groceries/en-GB/products/311261658,https://digitalcontent.api.tesco.com/v2/media/ghs/60a5ff6b-e402-4fbd-a29c-650ba84072f3/47ed90b2-219c-4c70-8b0e-bb16c34ac13f.jpeg?h=225&w=225,
312346085,Chicago Town Deep Dish Peppered Cheesesteak Pizza 2 X 160G,https://www.tesco.com/groceries/en-GB/shop/frozen-food/all?department=Frozen%20Pizza%20%26%20Garlic%20Bread&viewAll=department&page=,£2.50,£0.78/100g,£1.75 Clubcard Price,,/groceries/en-GB/products/312346085,https://digitalcontent.api.tesco.com/v2/media/ghs/be61406d-0ea2-4e21-b808-9e8ba3a1a10f/09d28287-0ea4-4891-a2ba-7b93f2ae07e3_914928832.jpeg?h=225&w=225,
308461489,Tesco Takeaway Stuffed Crust Pepperoni Pizza 436G,https://www.tesco.com/groceries/en-GB/shop/frozen-food/all?department=Frozen%20Pizza%20%26%20Garlic%20Bread&viewAll=department&page=,£2.40,£0.55/100g,,,/groceries/en-GB/products/308461489,https://digitalcontent.api.tesco.com/v2/media/ghs/124b65f4-0800-4b53-916d-805600464083/86d367ff-8e42-4f09-8e3c-0221a68ed3d4.jpeg?h=225&w=225,
312100543,Chicago Town Deep Dish Ham & Pineapple Pizzas 2 X 161G,https://www.tesco.com/groceries/en-GB/shop/frozen-food/all?department=Frozen%20Pizza%20%26%20Garlic%20Bread&viewAll=department&page=,£1.49,£0.46/100g,,,/groceries/en-GB/products/312100543,https://digitalcontent.api.tesco.com/v2/media/ghs/433c09ce-af89-4648-9f6b-b16ad5624c06/41f29682-67a4-4502-86d5-768930a71f05.jpeg?h=225&w=225,
299955276,Itsu Chicken Gyoza 240G,https://www.tesco.com/groceries/en-GB/shop/frozen-food/all?department=Frozen%20Ready%20Meals&viewAll=department&page=,£3.95,£16.46/kg,,,/groceries/en-GB/products/299955276,https://digitalcontent.api.tesco.com/v2/media/ghs/c035dcd4-ea46-47d2-a426-e498bbac7646/32899004-1b01-4904-8d24-ba4fee5baac5.jpeg?h=225&w=225,
284355220,Birds Eye Creamy Cheese Penne Pasta 350G,https://www.tesco.com/groceries/en-GB/shop/frozen-food/all?department=Frozen%20Ready%20Meals&viewAll=department&page=,£2.70,£7.72/kg,Any 2 for £4 Clubcard Price - Selected Birds Eye Steamfresh And Nat Veg 300g - 640g,,/groceries/en-GB/products/284355220,https://digitalcontent.api.tesco.com/v2/media/ghs/80f58f9c-1c57-4acc-91e5-bf878d7b6b29/be986632-6c59-449b-adca-05a8e8e08234.jpeg?h=225&w=225,
295327715,Aunt Bessies Roast Parsnips Honey Glazed 500G,https://www.tesco.com/groceries/en-GB/shop/frozen-food/all?department=Frozen%20Ready%20Meals&viewAll=department&page=,£2.50,£0.50/100g,,,/groceries/en-GB/products/295327715,https://digitalcontent.api.tesco.com/v2/media/ghs/8f97bdfd-d4ee-496f-9157-b283a2101199/07481977-92ee-42b7-b114-f47f5373879a.jpeg?h=225&w=225,
274949529,Birds Eye Battered Cod Chips & Peas 395G,https://www.tesco.com/groceries/en-GB/shop/frozen-food/all?department=Frozen%20Ready%20Meals&viewAll=department&page=,£3.00,£7.60/kg,,,/groceries/en-GB/products/274949529,https://digitalcontent.api.tesco.com/v2/media/ghs/62de154c-ae2b-4f1e-9fa7-68657cf3eb67/a0b2828a-bdb0-4e87-8dd7-9b358369ad27.jpeg?h=225&w=225,
308091581,Tesco Chicken & Chorizo Paella 700G,https://www.tesco.com/groceries/en-GB/shop/frozen-food/all?department=Frozen%20Ready%20Meals&viewAll=department&page=,£2.80,£0.40/100g,,,/groceries/en-GB/products/308091581,https://digitalcontent.api.tesco.com/v2/media/ghs/4da7984e-db40-4b56-b590-4392ac004a86/11a279b1-c326-428a-b952-64e36ab37c4b.jpeg?h=225&w=225,
251898848,Aunt Bessie's Vegetarian Toad In The Hole 190G,https://www.tesco.com/groceries/en-GB/shop/frozen-food/all?department=Frozen%20Ready%20Meals&viewAll=department&page=,£2.15,£11.32/kg,,,/groceries/en-GB/products/251898848,https://digitalcontent.api.tesco.com/v2/media/ghs/e9adafe7-a418-4fa8-808a-1d1527764cfc/5e9a2bb8-4635-4703-8977-99dae1cb881d.jpeg?h=225&w=225,
294037370,Annabel Karmel Frozen Chicken Pasta 200G,https://www.tesco.com/groceries/en-GB/shop/frozen-food/all?department=Frozen%20Ready%20Meals&viewAll=department&page=,£1.95,£0.98/100g,,,/groceries/en-GB/products/294037370,https://digitalcontent.api.tesco.com/v2/media/ghs/f969bf8b-b0df-446c-946c-d77a04f81177/c631dad7-bc27-472c-8034-8a9a97ac7c92.jpeg?h=225&w=225,
303182487,Tesco Health Chicken Curry And Rice 350G,https://www.tesco.com/groceries/en-GB/shop/frozen-food/all?department=Frozen%20Ready%20Meals&viewAll=department&page=,£1.75,£5.00/kg,,,/groceries/en-GB/products/303182487,https://digitalcontent.api.tesco.com/v2/media/ghs/d3547205-0684-4afe-b9a1-6430bea58d8a/a2782a70-d7f4-46fa-b3ec-41932e8e1227.jpeg?h=225&w=225,
295686122,Annabel Karmel Chicken Tikka Masala 200G,https://www.tesco.com/groceries/en-GB/shop/frozen-food/all?department=Frozen%20Ready%20Meals&viewAll=department&page=,£1.95,£9.75/kg,,,/groceries/en-GB/products/295686122,https://digitalcontent.api.tesco.com/v2/media/ghs/5a6ed55d-0d24-40bf-8e82-82f754cb51a7/803200f5-b930-4072-815c-1584b83101e9.jpeg?h=225&w=225,
294037357,Annabel Karmel Frozen Hidden Vegetable Bolognese 200G,https://www.tesco.com/groceries/en-GB/shop/frozen-food/all?department=Frozen%20Ready%20Meals&viewAll=department&page=,£1.95,£0.98/100g,,,/groceries/en-GB/products/294037357,https://digitalcontent.api.tesco.com/v2/media/ghs/467fe1e3-fd33-455d-a313-f39f8d8663b6/45b3cbfd-5b5c-4169-b6ae-02b4993683e8.jpeg?h=225&w=225,
292469822,Tesco Classic Chicken Dinner 400G,https://www.tesco.com/groceries/en-GB/shop/frozen-food/all?department=Frozen%20Ready%20Meals&viewAll=department&page=,£2.20,£5.50/kg,,,/groceries/en-GB/products/292469822,https://digitalcontent.api.tesco.com/v2/media/ghs/44a10716-97a1-4dc4-8811-60f7f9219cc4/1033522c-75e2-4cb5-b459-5a53b859109b.jpeg?h=225&w=225,
308098942,Tesco Family Cottage Pie 1.4Kg,https://www.tesco.com/groceries/en-GB/shop/frozen-food/all?department=Frozen%20Ready%20Meals&viewAll=department&page=,£4.45,£3.18/kg,,,/groceries/en-GB/products/308098942,https://digitalcontent.api.tesco.com/v2/media/ghs/50c5620e-5325-4576-8535-8cbc78553959/69c17e63-6ac8-413a-b9c5-99e270227ff8.jpeg?h=225&w=225,
305048391,Youngs Admirals Pie 300G,https://www.tesco.com/groceries/en-GB/shop/frozen-food/all?department=Frozen%20Ready%20Meals&viewAll=department&page=,£1.75,£5.84/kg,,,/groceries/en-GB/products/305048391,https://digitalcontent.api.tesco.com/v2/media/ghs/e4097bbe-9dc4-4e22-9f9e-35dd1e396c5c/fe3b2e44-1bd3-4c6a-b2b4-1f465f3dd7b6.jpeg?h=225&w=225,
304815458,Weight Watchers Beef Hotpot 350G,https://www.tesco.com/groceries/en-GB/shop/frozen-food/all?department=Frozen%20Ready%20Meals&viewAll=department&page=,£2.00,£5.72/kg,,,/groceries/en-GB/products/304815458,https://digitalcontent.api.tesco.com/v2/media/ghs/0272d3f6-26d9-4727-ae1e-d01afb6a2862/b853c955-2014-477c-b69d-a3e207f7cbb8.jpeg?h=225&w=225,
256015268,Aunt Bessie's Toad In The Hole 190G,https://www.tesco.com/groceries/en-GB/shop/frozen-food/all?department=Frozen%20Ready%20Meals&viewAll=department&page=,£1.40,£7.37/kg,,,/groceries/en-GB/products/256015268,https://digitalcontent.api.tesco.com/v2/media/ghs/a6c7febb-7080-475c-b4cb-1582352e008e/a932c9bd-5207-4e4f-abe6-85bad8bf96c3.jpeg?h=225&w=225,
303182169,Tesco Cottage Pie 400G,https://www.tesco.com/groceries/en-GB/shop/frozen-food/all?department=Frozen%20Ready%20Meals&viewAll=department&page=,£1.60,£4.00/kg,,,/groceries/en-GB/products/303182169,https://digitalcontent.api.tesco.com/v2/media/ghs/967af2f2-c0f8-4599-a8df-6aeb2091c0c5/603d83d7-dba4-4083-b7dd-50f32b722837.jpeg?h=225&w=225,
303182308,Tesco Minced Beef Hotpot 400G,https://www.tesco.com/groceries/en-GB/shop/frozen-food/all?department=Frozen%20Ready%20Meals&viewAll=department&page=,£1.60,£4.00/kg,,,/groceries/en-GB/products/303182308,https://digitalcontent.api.tesco.com/v2/media/ghs/482fa585-393b-4c46-a063-21048651e30e/9721af90-113a-4dda-ac2c-d41cf1828ca2.jpeg?h=225&w=225,
305053793,Youngs Fishermans Pie 300G,https://www.tesco.com/groceries/en-GB/shop/frozen-food/all?department=Frozen%20Ready%20Meals&viewAll=department&page=,£1.75,£5.84/kg,,,/groceries/en-GB/products/305053793,https://digitalcontent.api.tesco.com/v2/media/ghs/f09a0797-92ae-432c-a8c4-a861fc843098/b139bfad-64a6-4396-b35d-1b557b5f5df0.jpeg?h=225&w=225,
303182182,Tesco Chicken Hotpot 400G,https://www.tesco.com/groceries/en-GB/shop/frozen-food/all?department=Frozen%20Ready%20Meals&viewAll=department&page=,£1.60,£4.00/kg,,,/groceries/en-GB/products/303182182,https://digitalcontent.api.tesco.com/v2/media/ghs/2d481c97-fd29-49de-852b-9a7059864596/36b5ead2-1631-44b4-bc46-030405e5fe72.jpeg?h=225&w=225,
303182222,Tesco Chilli Con Carne Rice 400G,https://www.tesco.com/groceries/en-GB/shop/frozen-food/all?department=Frozen%20Ready%20Meals&viewAll=department&page=,£1.60,£4.00/kg,,,/groceries/en-GB/products/303182222,https://digitalcontent.api.tesco.com/v2/media/ghs/970314b5-7b53-4880-962f-5a66baab7cea/9fef5892-93cd-44c9-97e8-923bda8a40d2.jpeg?h=225&w=225,
303182320,Tesco Spaghetti Bolognese With Cheese Crumbs 400G,https://www.tesco.com/groceries/en-GB/shop/frozen-food/all?department=Frozen%20Ready%20Meals&viewAll=department&page=,£1.60,£4.00/kg,,,/groceries/en-GB/products/303182320,https://digitalcontent.api.tesco.com/v2/media/ghs/2e7f5fab-c1d1-4d31-8325-5620b50f91fb/f964bf5c-0a89-4f54-8976-d60e0981ba81.jpeg?h=225&w=225,
303182209,Tesco Sausage And Mash 400G,https://www.tesco.com/groceries/en-GB/shop/frozen-food/all?department=Frozen%20Ready%20Meals&viewAll=department&page=,£1.60,£4.00/kg,,,/groceries/en-GB/products/303182209,https://digitalcontent.api.tesco.com/v2/media/ghs/864f17ef-5f97-4fb8-9775-ed643beca669/624c2301-8401-4a7f-bb98-a16d0d1005f9.jpeg?h=225&w=225,
307741701,Tesco Family Beef Lasagne 1.4Kg,https://www.tesco.com/groceries/en-GB/shop/frozen-food/all?department=Frozen%20Ready%20Meals&viewAll=department&page=,£4.45,£3.18/kg,,,/groceries/en-GB/products/307741701,https://digitalcontent.api.tesco.com/v2/media/ghs/f54bf51a-3f60-4a50-82d8-e79b4faaa52b/3270b8e6-4cc3-4b04-bad5-fe90efac4166.jpeg?h=225&w=225,
289839049,Tesco Vegetarian Vegetable Lasagne 375G,https://www.tesco.com/groceries/en-GB/shop/frozen-food/all?department=Frozen%20Ready%20Meals&viewAll=department&page=,£1.75,£4.67/kg,,,/groceries/en-GB/products/289839049,https://digitalcontent.api.tesco.com/v2/media/ghs/10ec86a5-e86a-45c3-abb6-9e2a7e9712da/1b28b942-934f-4806-a94a-0c4a3b743f1e.jpeg?h=225&w=225,
303182366,Tesco Fish Pie 400G,https://www.tesco.com/groceries/en-GB/shop/frozen-food/all?department=Frozen%20Ready%20Meals&viewAll=department&page=,£1.60,£4.00/kg,,,/groceries/en-GB/products/303182366,https://digitalcontent.api.tesco.com/v2/media/ghs/e8891e9d-6c24-46c8-81cc-e13b49d4e297/786ac325-807c-48a8-adcc-884b63ae95d5.jpeg?h=225&w=225,
299917731,Tesco Chicken Tikka Masala Pilau Rice 400G,https://www.tesco.com/groceries/en-GB/shop/frozen-food/all?department=Frozen%20Ready%20Meals&viewAll=department&page=,£1.60,£4.00/kg,,,/groceries/en-GB/products/299917731,https://digitalcontent.api.tesco.com/v2/media/ghs/2d45a870-6f4c-4212-aa54-e4f8c11a0dc0/71197ed9-c983-4127-a92f-1ed0558512e0.jpeg?h=225&w=225,
299582618,Tesco Sweet & Sour Chicken Egg Fried Rice 400G,https://www.tesco.com/groceries/en-GB/shop/frozen-food/all?department=Frozen%20Ready%20Meals&viewAll=department&page=,£1.60,£4.00/kg,,New,/groceries/en-GB/products/299582618,https://digitalcontent.api.tesco.com/v2/media/ghs/357510c8-52d6-496a-b5cf-de95a507cfb1/eb7392d2-799f-4630-ae47-a20987797318.jpeg?h=225&w=225,
305833832,Tesco Chicken Vindaloo With Pilau Rice 400G,https://www.tesco.com/groceries/en-GB/shop/frozen-food/all?department=Frozen%20Ready%20Meals&viewAll=department&page=,£1.60,£4.00/kg,,New,/groceries/en-GB/products/305833832,https://digitalcontent.api.tesco.com/v2/media/ghs/888dae3e-c5e2-40b9-a0bd-696f45353d80/68bed4ba-9ce5-4fdb-b57c-fdd6de7fda06.jpeg?h=225&w=225,
303182343,Tesco Lamb Hotpot 400G,https://www.tesco.com/groceries/en-GB/shop/frozen-food/all?department=Frozen%20Ready%20Meals&viewAll=department&page=,£1.60,£4.00/kg,,,/groceries/en-GB/products/303182343,https://digitalcontent.api.tesco.com/v2/media/ghs/1192d657-1d5d-4941-8324-b887f9f0956e/39621979-e6a3-495d-b190-b591437291a4.jpeg?h=225&w=225,
299917719,Tesco Chicken Korma With Pilau Rice 400G,https://www.tesco.com/groceries/en-GB/shop/frozen-food/all?department=Frozen%20Ready%20Meals&viewAll=department&page=,£1.60,£4.00/kg,,,/groceries/en-GB/products/299917719,https://digitalcontent.api.tesco.com/v2/media/ghs/24403aa9-7101-469e-a8ce-3a3bbf69e1bb/5e493af6-b232-4160-b11d-c42c890b5ca9.jpeg?h=225&w=225,
299917754,Tesco Chicken Chow Mein 375G,https://www.tesco.com/groceries/en-GB/shop/frozen-food/all?department=Frozen%20Ready%20Meals&viewAll=department&page=,£1.60,£4.27/kg,,,/groceries/en-GB/products/299917754,https://digitalcontent.api.tesco.com/v2/media/ghs/b6eb0297-1d83-49c5-be87-3193ed422d5a/392a2705-59e3-4cb6-9af0-3d5c0d062a72.jpeg?h=225&w=225,
305729795,Tesco Butter Chicken Curry With Pilau Rice 400G,https://www.tesco.com/groceries/en-GB/shop/frozen-food/all?department=Frozen%20Ready%20Meals&viewAll=department&page=,£1.60,£4.00/kg,,,/groceries/en-GB/products/305729795,https://digitalcontent.api.tesco.com/v2/media/ghs/6e96dfb7-8174-438c-baa3-ff799b251343/f6ca4ac9-49c6-4528-b9ef-383b49dc26d4.jpeg?h=225&w=225,
292470059,Tesco Roast Beef Dinner 400G,https://www.tesco.com/groceries/en-GB/shop/frozen-food/all?department=Frozen%20Ready%20Meals&viewAll=department&page=,£2.20,£5.50/kg,,,/groceries/en-GB/products/292470059,https://digitalcontent.api.tesco.com/v2/media/ghs/ee1895d8-5ac5-42a2-a55b-cbe711c9896d/e4b2b182-3820-4281-be88-0be7080f58b8.jpeg?h=225&w=225,
303182147,Tesco Shepherds Pie 400G,https://www.tesco.com/groceries/en-GB/shop/frozen-food/all?department=Frozen%20Ready%20Meals&viewAll=department&page=,£1.60,£4.00/kg,,,/groceries/en-GB/products/303182147,https://digitalcontent.api.tesco.com/v2/media/ghs/dc02f2fa-b775-4be9-a496-75a1419a626a/989d3c3c-7ff3-42ed-8f52-55e5143fed71.jpeg?h=225&w=225,
292400397,Tesco All Day Breakfast 350G,https://www.tesco.com/groceries/en-GB/shop/frozen-food/all?department=Frozen%20Ready%20Meals&viewAll=department&page=,£2.20,£6.29/kg,,,/groceries/en-GB/products/292400397,https://digitalcontent.api.tesco.com/v2/media/ghs/44478cdd-446c-4079-96bf-2a0883971831/fa22e4c1-7c0a-495f-9c02-19fe51423b89.jpeg?h=225&w=225,
303182268,Tesco Beef Lasagne 400G,https://www.tesco.com/groceries/en-GB/shop/frozen-food/all?department=Frozen%20Ready%20Meals&viewAll=department&page=,£1.60,£4.00/kg,,,/groceries/en-GB/products/303182268,https://digitalcontent.api.tesco.com/v2/media/ghs/f2476ff1-6f86-4e63-a548-9ac86fae86d5/9ffbd234-b6cb-460d-b667-cd57ea1966f6.jpeg?h=225&w=225,
303182280,Tesco Chicken & Bacon Pasta 400G,https://www.tesco.com/groceries/en-GB/shop/frozen-food/all?department=Frozen%20Ready%20Meals&viewAll=department&page=,£1.60,£4.00/kg,,,/groceries/en-GB/products/303182280,https://digitalcontent.api.tesco.com/v2/media/ghs/4cb57140-bcd8-4bfa-80de-5bec4c5aab9e/260542bd-4b11-4075-b35d-ba3c8e6991e4.jpeg?h=225&w=225,
282049626,Mr. Brain's 6 Pork Faggots 656G,https://www.tesco.com/groceries/en-GB/shop/frozen-food/all?department=Frozen%20Ready%20Meals&viewAll=department&page=,£0.99,£1.51/kg,Aldi Price Match,,/groceries/en-GB/products/282049626,https://digitalcontent.api.tesco.com/v2/media/ghs/04dd4860-9dc6-4129-aad5-be755ef24f5d/4b946f19-b903-49df-98f2-f85eb159f706.jpeg?h=225&w=225,
299555732,Hearty Food Co Cheese & Tomato Pasta 400G,https://www.tesco.com/groceries/en-GB/shop/frozen-food/all?department=Frozen%20Ready%20Meals&viewAll=department&page=,£0.75,£1.88/kg,,,/groceries/en-GB/products/299555732,https://digitalcontent.api.tesco.com/v2/media/ghs/483a3287-b249-4a0c-b103-3bcc372d4647/36b88b21-203e-4c1c-8d51-788a33418ae0.jpeg?h=225&w=225,
299555755,Hearty Food Co Mac 'N' Cheese 400G,https://www.tesco.com/groceries/en-GB/shop/frozen-food/all?department=Frozen%20Ready%20Meals&viewAll=department&page=,£0.75,£1.88/kg,,,/groceries/en-GB/products/299555755,https://digitalcontent.api.tesco.com/v2/media/ghs/15454efd-8387-409e-bbe4-f01f948b63eb/a47fed33-f7e9-4352-b3da-e7c6cc66d550.jpeg?h=225&w=225,
299640124,Hearty Food Co. Toad In The Hole 300G,https://www.tesco.com/groceries/en-GB/shop/frozen-food/all?department=Frozen%20Ready%20Meals&viewAll=department&page=,£0.75,£2.50/kg,,,/groceries/en-GB/products/299640124,https://digitalcontent.api.tesco.com/v2/media/ghs/73e87aa6-9f64-4479-9cdf-316cde1f7f4f/722d65b2-df4d-45a1-8fe4-6277879ae118.jpeg?h=225&w=225,
299596717,Hearty Food Co. Chicken Curry With Rice 400G,https://www.tesco.com/groceries/en-GB/shop/frozen-food/all?department=Frozen%20Ready%20Meals&viewAll=department&page=,£0.79,£1.98/kg,Aldi Price Match,,/groceries/en-GB/products/299596717,https://digitalcontent.api.tesco.com/v2/media/ghs/a01cf6d1-2f3e-40a0-8baf-56144545119b/b0a64ff8-b597-4c86-8aec-834b613590e6.jpeg?h=225&w=225,
299596873,Hearty Food Co. Sweet And Sour Chicken 400G,https://www.tesco.com/groceries/en-GB/shop/frozen-food/all?department=Frozen%20Ready%20Meals&viewAll=department&page=,£0.79,£1.98/kg,Aldi Price Match,,/groceries/en-GB/products/299596873,https://digitalcontent.api.tesco.com/v2/media/ghs/208e2402-ac83-4588-ae1d-f5cafee560a1/499dabc8-deaa-4857-8e30-369e29a618c0.jpeg?h=225&w=225,
299596850,Hearty Food Co. Spaghetti Bolognese 400G,https://www.tesco.com/groceries/en-GB/shop/frozen-food/all?department=Frozen%20Ready%20Meals&viewAll=department&page=,£0.75,£1.88/kg,Aldi Price Match,,/groceries/en-GB/products/299596850,https://digitalcontent.api.tesco.com/v2/media/ghs/a5def259-845d-4170-8c1f-ff3db42962c1/36273897-173e-4cd5-a84c-cf7b3a686af7.jpeg?h=225&w=225,
299596798,Hearty Food Co. Lasagne 400G,https://www.tesco.com/groceries/en-GB/shop/frozen-food/all?department=Frozen%20Ready%20Meals&viewAll=department&page=,£0.75,£1.88/kg,,,/groceries/en-GB/products/299596798,https://digitalcontent.api.tesco.com/v2/media/ghs/fcd7fc7e-6672-483b-a733-d879c304e6c4/6ea28426-feb7-4aac-9e33-ec7043645b8e.jpeg?h=225&w=225,
311278996,Itsu Prawn Gyoza 12 Dinner Dumplings 240G,https://www.tesco.com/groceries/en-GB/shop/frozen-food/all?department=Frozen%20Ready%20Meals&viewAll=department&page=,£3.95,£16.46/kg,,,/groceries/en-GB/products/311278996,https://digitalcontent.api.tesco.com/v2/media/ghs/99dee9a7-207b-442b-b92e-8cd891fe197d/b8c75fb7-971d-4fb5-9226-21f1b0bc96bb.jpeg?h=225&w=225,
299955299,Itsu Pork Gyozas 240G,https://www.tesco.com/groceries/en-GB/shop/frozen-food/all?department=Frozen%20Ready%20Meals&viewAll=department&page=,£3.95,£16.46/kg,,,/groceries/en-GB/products/299955299,https://digitalcontent.api.tesco.com/v2/media/ghs/8864bcdd-ea01-46dd-8293-045a7d5dec73/4ef670d5-60e8-4e2a-992a-b359869932b2.jpeg?h=225&w=225,
307360408,Itsu Hoisin Duck Gyoza 240G,https://www.tesco.com/groceries/en-GB/shop/frozen-food/all?department=Frozen%20Ready%20Meals&viewAll=department&page=,£3.95,£16.46/kg,,,/groceries/en-GB/products/307360408,https://digitalcontent.api.tesco.com/v2/media/ghs/ac2c00f3-1bf0-43c4-b40e-7f693d2f2ca3/3f3dcf2f-975e-4309-bc85-8304c84d851f.jpeg?h=225&w=225,
279250155,Birds Eye Traditional Chicken Dinner 400G,https://www.tesco.com/groceries/en-GB/shop/frozen-food/all?department=Frozen%20Ready%20Meals&viewAll=department&page=,£3.00,£7.50/kg,,,/groceries/en-GB/products/279250155,https://digitalcontent.api.tesco.com/v2/media/ghs/13203172-bb79-4d7f-89f4-9a3599a10e5d/b7787c59-276c-44dc-989a-44f10d0eb7c8.jpeg?h=225&w=225,
298514817,Youngs Gastro Cod & Spinach Gratin 360G,https://www.tesco.com/groceries/en-GB/shop/frozen-food/all?department=Frozen%20Ready%20Meals&viewAll=department&page=,£2.50,£6.95/kg,,,/groceries/en-GB/products/298514817,https://digitalcontent.api.tesco.com/v2/media/ghs/14648554-748f-4bd0-8266-c11ebcf86e54/e8343de4-f2de-4ed3-a62d-1302bd3b3bc2.jpeg?h=225&w=225,
304401003,Itsu Hoisin Duck 6 Bao Buns 270G,https://www.tesco.com/groceries/en-GB/shop/frozen-food/all?department=Frozen%20Ready%20Meals&viewAll=department&page=,£3.95,£14.63/kg,,,/groceries/en-GB/products/304401003,https://digitalcontent.api.tesco.com/v2/media/ghs/fbd181e4-96c6-4728-bb86-310b3b4151c6/f43279e7-26d8-40a4-8a59-55ffce4f6828.jpeg?h=225&w=225,
311274810,Itsu Pork & Truffle Gyoza 240G,https://www.tesco.com/groceries/en-GB/shop/frozen-food/all?department=Frozen%20Ready%20Meals&viewAll=department&page=,£3.95,£16.46/kg,,,/groceries/en-GB/products/311274810,https://digitalcontent.api.tesco.com/v2/media/ghs/c511aff8-3173-43b7-a64e-e979d37b8d20/f51284e0-7d69-4b60-8ba1-a5f6d80d5766.jpeg?h=225&w=225,
305971063,Itsu Korean Bbq Beef Gyoza 12 Dumplings 240G,https://www.tesco.com/groceries/en-GB/shop/frozen-food/all?department=Frozen%20Ready%20Meals&viewAll=department&page=,£3.95,£16.46/kg,,,/groceries/en-GB/products/305971063,https://digitalcontent.api.tesco.com/v2/media/ghs/8db5d2dc-7e01-4c94-992d-3d8495c1e987/34ddd019-209a-450f-bf6a-415a1075dc45.jpeg?h=225&w=225,
279249970,Birds Eye Traditional Beef Dinner 400G,https://www.tesco.com/groceries/en-GB/shop/frozen-food/all?department=Frozen%20Ready%20Meals&viewAll=department&page=,£3.00,£7.50/kg,,,/groceries/en-GB/products/279249970,https://digitalcontent.api.tesco.com/v2/media/ghs/bc7e4414-ad3f-4224-82ac-a77cc1b719af/8e7fade3-0792-4325-8f23-c5913099367a.jpeg?h=225&w=225,
305831523,Itsu Teriyaki Chicken 6 Bao Buns 270G,https://www.tesco.com/groceries/en-GB/shop/frozen-food/all?department=Frozen%20Ready%20Meals&viewAll=department&page=,£3.95,£14.63/kg,,,/groceries/en-GB/products/305831523,https://digitalcontent.api.tesco.com/v2/media/ghs/fdca4b6d-3d3b-4cf0-92c7-d33a2f10f471/cce8268f-e2f0-4fc1-b5ed-5df34c7548bf.jpeg?h=225&w=225,
304400429,Itsu Veggie 6 Bao Buns 270G,https://www.tesco.com/groceries/en-GB/shop/frozen-food/all?department=Frozen%20Ready%20Meals&viewAll=department&page=,£3.95,£14.63/kg,,,/groceries/en-GB/products/304400429,https://digitalcontent.api.tesco.com/v2/media/ghs/482b6e86-c2e9-43d5-a270-caddf0f391d3/bd5f7d20-eb46-4aed-b24d-32c1f8bb6762.jpeg?h=225&w=225,
266629114,Youngs Salmon Fillet Dinner 380G,https://www.tesco.com/groceries/en-GB/shop/frozen-food/all?department=Frozen%20Ready%20Meals&viewAll=department&page=,£2.50,£6.58/kg,,,/groceries/en-GB/products/266629114,https://digitalcontent.api.tesco.com/v2/media/ghs/cdca4a83-cbc6-448e-a3fa-8e7c2ca90a63/0ca9026e-5ca9-4f93-ba1b-af7654f26bc6.jpeg?h=225&w=225,
299389992,Tesco Roast Chicken Pie 700G,https://www.tesco.com/groceries/en-GB/shop/frozen-food/all?department=Frozen%20Ready%20Meals&viewAll=department&page=,£3.15,£0.45/100g,,,/groceries/en-GB/products/299389992,https://digitalcontent.api.tesco.com/v2/media/ghs/bb5abfe8-58b6-4f92-8310-0b47d1ed7dec/40843c8a-0d8e-41ef-8a82-96a7dbac08f9.jpeg?h=225&w=225,
303182406,Tesco Cottage Pie 350G,https://www.tesco.com/groceries/en-GB/shop/frozen-food/all?department=Frozen%20Ready%20Meals&viewAll=department&page=,£1.75,£5.00/kg,,,/groceries/en-GB/products/303182406,https://digitalcontent.api.tesco.com/v2/media/ghs/f568c215-6d8f-490e-868c-bf358c6ea58c/f7fe2206-1234-4da1-8848-a6058cf574b3.jpeg?h=225&w=225,
308104101,Tesco Family Carbonara Pasta 1.4Kg,https://www.tesco.com/groceries/en-GB/shop/frozen-food/all?department=Frozen%20Ready%20Meals&viewAll=department&page=,£4.45,£3.18/kg,,,/groceries/en-GB/products/308104101,https://digitalcontent.api.tesco.com/v2/media/ghs/3645bb08-2b87-467e-934e-e66d71037ba4/a9a3b866-4404-47b8-b08b-7685f114df37.jpeg?h=225&w=225,
299531795,Tesco Thai Green Chicken Curry 700G,https://www.tesco.com/groceries/en-GB/shop/frozen-food/all?department=Frozen%20Ready%20Meals&viewAll=department&page=,£2.80,£4.00/kg,,,/groceries/en-GB/products/299531795,https://digitalcontent.api.tesco.com/v2/media/ghs/220e9bc7-1cb0-48a7-a9e0-5d03133179d6/a33db240-b740-49e0-8f96-03adb08ac9de.jpeg?h=225&w=225,
311212850,Zizzi Beef Lasagne 400G,https://www.tesco.com/groceries/en-GB/shop/frozen-food/all?department=Frozen%20Ready%20Meals&viewAll=department&page=,£3.75,£9.38/kg,,,/groceries/en-GB/products/311212850,https://digitalcontent.api.tesco.com/v2/media/ghs/4e383b2a-d8eb-498d-88c4-1d35ec2d75ee/ac7ae511-d794-4714-94c2-c221e9017966.jpeg?h=225&w=225,
304815359,Weight Watchers Cottage Pie 350G,https://www.tesco.com/groceries/en-GB/shop/frozen-food/all?department=Frozen%20Ready%20Meals&viewAll=department&page=,£2.00,£5.72/kg,,,/groceries/en-GB/products/304815359,https://digitalcontent.api.tesco.com/v2/media/ghs/656c9dcb-c270-4030-8a94-91b932b39673/01e9b3f0-cd20-4d99-b770-08624f6db5d2.jpeg?h=225&w=225,
297491350,Weight Watchers Sweet & Sour Chicken 320G,https://www.tesco.com/groceries/en-GB/shop/frozen-food/all?department=Frozen%20Ready%20Meals&viewAll=department&page=,£2.00,£6.25/kg,,,/groceries/en-GB/products/297491350,https://digitalcontent.api.tesco.com/v2/media/ghs/d7a28770-fc60-4262-9780-0a5ccfb569cb/2fa6bafa-fc24-4034-a6e0-d0be3bd824b1.jpeg?h=225&w=225,
312708988,Itsu Vegetable Fusion Gyoza 270G,https://www.tesco.com/groceries/en-GB/shop/frozen-food/all?department=Frozen%20Ready%20Meals&viewAll=department&page=,£3.95,£14.63/kg,,,/groceries/en-GB/products/312708988,https://digitalcontent.api.tesco.com/v2/media/ghs/38132f80-77cc-477c-bd7f-3350dc049e84/80749f72-ec38-4423-9409-bba48eb36887_1697857904.jpeg?h=225&w=225,
297491251,Weight Watchers Chicken Lemon Risotto 320G,https://www.tesco.com/groceries/en-GB/shop/frozen-food/all?department=Frozen%20Ready%20Meals&viewAll=department&page=,£2.00,£6.25/kg,,,/groceries/en-GB/products/297491251,https://digitalcontent.api.tesco.com/v2/media/ghs/7a35ee63-064f-4d30-a87e-b82129d90e69/5b6ec4d3-3fa1-43eb-80a3-42680a38be28.jpeg?h=225&w=225,
264754452,Tesco Cauliflower Cheese Bake 680G,https://www.tesco.com/groceries/en-GB/shop/frozen-food/all?department=Frozen%20Ready%20Meals&viewAll=department&page=,£2.15,£3.17/kg,,,/groceries/en-GB/products/264754452,https://digitalcontent.api.tesco.com/v2/media/ghs/45908333-3e14-4e14-89e4-1210f3b76f02/4826bace-47c5-431f-9ade-f29986c189cc.jpeg?h=225&w=225,
297491239,Weight Watchers Salmon & Broccoli Melt 320G,https://www.tesco.com/groceries/en-GB/shop/frozen-food/all?department=Frozen%20Ready%20Meals&viewAll=department&page=,£2.00,£6.25/kg,,,/groceries/en-GB/products/297491239,https://digitalcontent.api.tesco.com/v2/media/ghs/8885c08a-e20c-4b0d-8309-d3f7ae488b72/e98a1e67-52c8-4d42-b376-7b75f783156e.jpeg?h=225&w=225,
301737929,Ella's Kitchen Big Kids Starry Chicken Nuggets 200G,https://www.tesco.com/groceries/en-GB/shop/frozen-food/all?department=Frozen%20Ready%20Meals&viewAll=department&page=,£3.15,£15.75/kg,,,/groceries/en-GB/products/301737929,https://digitalcontent.api.tesco.com/v2/media/ghs/6e5a7a35-28e2-44be-8b9f-625be08fcd5d/ed4dba4c-5033-4d33-893c-0a2855b45652.jpeg?h=225&w=225,
301737906,Ella's Kitchen Big Kids Cod Fishies With Vegetable 200G,https://www.tesco.com/groceries/en-GB/shop/frozen-food/all?department=Frozen%20Ready%20Meals&viewAll=department&page=,£3.15,£15.75/kg,,,/groceries/en-GB/products/301737906,https://digitalcontent.api.tesco.com/v2/media/ghs/a1a8e824-17bd-4dfe-8828-3a9df6e0dfe6/a8ebc893-708d-4ead-aca1-d0a8c78b5b66.jpeg?h=225&w=225,
301737941,Ella's Kitchen Big Kids Cheesy Croquettes 200G,https://www.tesco.com/groceries/en-GB/shop/frozen-food/all?department=Frozen%20Ready%20Meals&viewAll=department&page=,£3.15,£15.75/kg,,,/groceries/en-GB/products/301737941,https://digitalcontent.api.tesco.com/v2/media/ghs/b4c32424-011e-44df-a21f-c44437707599/edb38fcc-22c1-449e-8d51-fa11bee51439.jpeg?h=225&w=225,
310663985,The Gym Kitchen Chicken Tikka Masala 400G,https://www.tesco.com/groceries/en-GB/shop/frozen-food/all?department=Frozen%20Ready%20Meals&viewAll=department&page=,£2.50,£6.25/kg,,,/groceries/en-GB/products/310663985,https://digitalcontent.api.tesco.com/v2/media/ghs/010cc2a8-e46f-4844-b9e9-845b8058b16a/2cfcebf0-f82d-406a-8d58-42d6fa45f830.jpeg?h=225&w=225,
304815527,Weight Watchers Chicken Supreme 350G,https://www.tesco.com/groceries/en-GB/shop/frozen-food/all?department=Frozen%20Ready%20Meals&viewAll=department&page=,£2.00,£5.72/kg,,,/groceries/en-GB/products/304815527,https://digitalcontent.api.tesco.com/v2/media/ghs/dae0c791-a682-4d19-88e5-3d6b98e595dc/57a0607b-09ed-4b81-baae-1ef01c9c1701.jpeg?h=225&w=225,
299389970,Tesco Chicken & Prawn Noodles 700G,https://www.tesco.com/groceries/en-GB/shop/frozen-food/all?department=Frozen%20Ready%20Meals&viewAll=department&page=,£2.80,£4.00/kg,,,/groceries/en-GB/products/299389970,https://digitalcontent.api.tesco.com/v2/media/ghs/b5b41552-6699-42fe-8aee-2112795329db/be41c954-c9a7-4e87-a214-748547c70124.jpeg?h=225&w=225,
310163592,The Gym Kitchen Chilli Con Carne 400G,https://www.tesco.com/groceries/en-GB/shop/frozen-food/all?department=Frozen%20Ready%20Meals&viewAll=department&page=,£2.50,£6.25/kg,,,/groceries/en-GB/products/310163592,https://digitalcontent.api.tesco.com/v2/media/ghs/3569d713-f5ff-42d9-b462-4f95d14e8a77/ec61a1ba-85a5-4053-b038-91b839958e41.jpeg?h=225&w=225,
307343579,Ella's Kitchen Cheesy Tomatoey Pizza 2X90g,https://www.tesco.com/groceries/en-GB/shop/frozen-food/all?department=Frozen%20Ready%20Meals&viewAll=department&page=,£3.15,£17.50/kg,,,/groceries/en-GB/products/307343579,https://digitalcontent.api.tesco.com/v2/media/ghs/e6e51163-7a13-418d-8b3a-35787398b885/9e1a5b5d-5f42-4d48-a648-95a17aae8ccc.jpeg?h=225&w=225,
311205260,The Gym Kitchen Bbq Chicken & Bulgur Wheat 400G,https://www.tesco.com/groceries/en-GB/shop/frozen-food/all?department=Frozen%20Ready%20Meals&viewAll=department&page=,£2.50,£6.25/kg,,,/groceries/en-GB/products/311205260,https://digitalcontent.api.tesco.com/v2/media/ghs/e033b2da-c0e5-4e00-9b47-6c94ff7d114e/a06f3ef5-e90c-46d5-95f2-bc9c8cf6e836.jpeg?h=225&w=225,
311671576,Snacksters Chipotle Chicken Burrito 210G,https://www.tesco.com/groceries/en-GB/shop/frozen-food/all?department=Frozen%20Ready%20Meals&viewAll=department&page=,£1.70,£8.10/kg,,,/groceries/en-GB/products/311671576,https://digitalcontent.api.tesco.com/v2/media/ghs/a5ce09fe-5899-452c-9937-35f2b0875f26/5a79ff33-9dfd-4fdb-b7f6-9c9060d244b8.jpeg?h=225&w=225,
305837246,Tesco Hunter's Chicken With Spicy Wedges 400G,https://www.tesco.com/groceries/en-GB/shop/frozen-food/all?department=Frozen%20Ready%20Meals&viewAll=department&page=,£1.60,£4.00/kg,,,/groceries/en-GB/products/305837246,https://digitalcontent.api.tesco.com/v2/media/ghs/50f574ba-7ee3-458b-b105-0457a80f780d/4ca5761e-f6cf-48b2-9ffd-4b996aa7bbf3.jpeg?h=225&w=225,
310146434,The Gym Kitchen Beef Lasagne 400G,https://www.tesco.com/groceries/en-GB/shop/frozen-food/all?department=Frozen%20Ready%20Meals&viewAll=department&page=,£2.50,£6.25/kg,,,/groceries/en-GB/products/310146434,https://digitalcontent.api.tesco.com/v2/media/ghs/454a6e70-6c31-479c-9ccb-6a0107b5f5bf/1fc409d6-1fe9-4f9f-bcc1-a99bd1938fdd.jpeg?h=225&w=225,
299582676,Tesco Chicken Madras With Pilau Rice 400G,https://www.tesco.com/groceries/en-GB/shop/frozen-food/all?department=Frozen%20Ready%20Meals&viewAll=department&page=,£1.60,£4.00/kg,,,/groceries/en-GB/products/299582676,https://digitalcontent.api.tesco.com/v2/media/ghs/81c859c6-e28b-41c0-8392-68308ed52429/7f614dfc-8817-4d2b-a5ed-2b335c82d767.jpeg?h=225&w=225,
305833740,Tesco Chicken Jalfrezi With Pilau Rice 400G,https://www.tesco.com/groceries/en-GB/shop/frozen-food/all?department=Frozen%20Ready%20Meals&viewAll=department&page=,£1.60,£4.00/kg,,,/groceries/en-GB/products/305833740,https://digitalcontent.api.tesco.com/v2/media/ghs/a29f89c1-66d5-42e4-913e-d82a010fb687/21e8f961-249b-4d07-b47b-729da079bdc9.jpeg?h=225&w=225,
303182245,Tesco Liver & Bacon With Colcannon Mash 400G,https://www.tesco.com/groceries/en-GB/shop/frozen-food/all?department=Frozen%20Ready%20Meals&viewAll=department&page=,£1.60,£4.00/kg,,,/groceries/en-GB/products/303182245,https://digitalcontent.api.tesco.com/v2/media/ghs/0ba0c46d-e4d5-442b-ab8f-2724ce3646a8/781ef43e-8a8e-4691-8adf-576d4f76b5b7.jpeg?h=225&w=225,
305979158,Tesco Calorie Controlled Mediterranean Inspired Risotto 350G,https://www.tesco.com/groceries/en-GB/shop/frozen-food/all?department=Frozen%20Ready%20Meals&viewAll=department&page=,£1.75,£5.00/kg,,,/groceries/en-GB/products/305979158,https://digitalcontent.api.tesco.com/v2/media/ghs/a8b0b118-b556-4564-baea-2d62306e6649/f1429f14-0df3-47b1-ac3e-4f7d0df9babd.jpeg?h=225&w=225,
305828787,Tesco Piri Piri Chicken With Spicy Rice 400G,https://www.tesco.com/groceries/en-GB/shop/frozen-food/all?department=Frozen%20Ready%20Meals&viewAll=department&page=,£1.60,£4.00/kg,,,/groceries/en-GB/products/305828787,https://digitalcontent.api.tesco.com/v2/media/ghs/34a7b9c5-bd96-4203-9c73-ead00ace2e2d/5afb5ecb-ffe5-4e89-8314-630a5ef03688.jpeg?h=225&w=225,
305831287,Tesco Vegetable & Chicken Fajita Mix 700G,https://www.tesco.com/groceries/en-GB/shop/frozen-food/all?department=Frozen%20Ready%20Meals&viewAll=department&page=,£2.80,£4.00/kg,,,/groceries/en-GB/products/305831287,https://digitalcontent.api.tesco.com/v2/media/ghs/99e552b6-10ea-4720-a404-ceeab9f8148e/1b4a46a4-6833-4748-82ee-789d8560675f.jpeg?h=225&w=225,
308449919,Snacksters Big Stack Burger 204G,https://www.tesco.com/groceries/en-GB/shop/frozen-food/all?department=Frozen%20Ready%20Meals&viewAll=department&page=,£1.69,£8.29/kg,Aldi Price Match,,/groceries/en-GB/products/308449919,https://digitalcontent.api.tesco.com/v2/media/ghs/7a46962d-4329-435a-ae74-00394a9564d4/4861387b-9502-4351-ba03-bc3b407fab7d.jpeg?h=225&w=225,
308832828,Snacksters Xl Doner Kebab 172G,https://www.tesco.com/groceries/en-GB/shop/frozen-food/all?department=Frozen%20Ready%20Meals&viewAll=department&page=,£1.70,£9.89/kg,,,/groceries/en-GB/products/308832828,https://digitalcontent.api.tesco.com/v2/media/ghs/b9c10d2c-d022-44c4-bab5-490334f83b2f/507a7813-1d27-4a80-ad17-1183aafecd75.jpeg?h=225&w=225,
303193409,Birds Eye Crispy Pancakes Tomato & Mozzarella 4 Pack 266G,https://www.tesco.com/groceries/en-GB/shop/frozen-food/all?department=Frozen%20Ready%20Meals&viewAll=department&page=,£2.20,£8.28/kg,,,/groceries/en-GB/products/303193409,https://digitalcontent.api.tesco.com/v2/media/ghs/3d6f150d-75a5-4e3b-8b4b-24cb676fbfc1/65eaf3ef-1655-4c71-9824-8e84fc219ff1.jpeg?h=225&w=225,
311219791,Zizzi Chorizo Carbonara 400G,https://www.tesco.com/groceries/en-GB/shop/frozen-food/all?department=Frozen%20Ready%20Meals&viewAll=department&page=,£3.75,£9.38/kg,,,/groceries/en-GB/products/311219791,https://digitalcontent.api.tesco.com/v2/media/ghs/f2775f40-54b9-4106-a775-78f37bbef99e/3e6555be-354a-42b4-8426-841e7aef4967.jpeg?h=225&w=225,
312208226,Itsu Umami Meatballs & Hoisin Glaze 261G,https://www.tesco.com/groceries/en-GB/shop/frozen-food/all?department=Frozen%20Ready%20Meals&viewAll=department&page=,£4.25,£1.63/100g,,,/groceries/en-GB/products/312208226,https://digitalcontent.api.tesco.com/v2/media/ghs/84cca658-bcbc-4eef-a5e1-c1fb81804df2/adbab971-7a3b-4388-b3a8-e34bb2c94f19_1718971156.jpeg?h=225&w=225,
311446247,Zizzi Casareccia Pollo Piccante 375G,https://www.tesco.com/groceries/en-GB/shop/frozen-food/all?department=Frozen%20Ready%20Meals&viewAll=department&page=,£3.75,£10.00/kg,,,/groceries/en-GB/products/311446247,https://digitalcontent.api.tesco.com/v2/media/ghs/c166d000-8148-4c71-9666-1ba2f811ae5c/abfa1343-b735-4d58-9ff7-bfc544f14024.jpeg?h=225&w=225,
311223186,Zizzi Rigatoni Della Casa 400G,https://www.tesco.com/groceries/en-GB/shop/frozen-food/all?department=Frozen%20Ready%20Meals&viewAll=department&page=,£3.75,£9.38/kg,,,/groceries/en-GB/products/311223186,https://digitalcontent.api.tesco.com/v2/media/ghs/f752ae56-5dd8-4a80-ac78-cb9243b1bd21/41f7127e-7a74-4945-b6d6-24322fe0cf03.jpeg?h=225&w=225,
308835939,Mansby St. Kitchen Coq Au Vin 500G,https://www.tesco.com/groceries/en-GB/shop/frozen-food/all?department=Frozen%20Ready%20Meals&viewAll=department&page=,£4.20,£8.40/kg,,,/groceries/en-GB/products/308835939,https://digitalcontent.api.tesco.com/v2/media/ghs/1b419209-674f-4305-9920-397399b589e7/496e0d43-e075-4973-8667-1c5a2d17ea96.jpeg?h=225&w=225,
312832045,Itsu Veggie Crystal Rolls 200G,https://www.tesco.com/groceries/en-GB/shop/frozen-food/all?department=Frozen%20Ready%20Meals&viewAll=department&page=,£4.25,£21.25/kg,,,/groceries/en-GB/products/312832045,https://digitalcontent.api.tesco.com/v2/media/ghs/0573714c-25aa-4017-9702-0fbd7adcdd57/ee9fcb39-a75b-4280-96b2-7e733163a80d_702744618.jpeg?h=225&w=225,
311212648,Tesco Beautifully Balanced Naked Burrito Bowl 400G,https://www.tesco.com/groceries/en-GB/shop/frozen-food/all?department=Frozen%20Ready%20Meals&viewAll=department&page=,£1.75,£0.44/100g,,,/groceries/en-GB/products/311212648,https://digitalcontent.api.tesco.com/v2/media/ghs/2aa547d8-6c76-4505-96e1-bedbf4f0ac67/2a9b344f-8ce6-40c6-8724-278209ad48d0_1476491113.jpeg?h=225&w=225,
311208815,Tesco Beautifully Balanced Chicken & Sweet Potato Katsu Curry 400G,https://www.tesco.com/groceries/en-GB/shop/frozen-food/all?department=Frozen%20Ready%20Meals&viewAll=department&page=,£1.75,£4.38/kg,,,/groceries/en-GB/products/311208815,https://digitalcontent.api.tesco.com/v2/media/ghs/d74bf9d6-8d05-41de-9f29-a34b2a75ce90/1833c537-1d6c-4ec9-918e-33cb89896a71_1015329329.jpeg?h=225&w=225,
311218861,Tesco Beautifully Balanced Chilli Chicken Chow Mein 400G,https://www.tesco.com/groceries/en-GB/shop/frozen-food/all?department=Frozen%20Ready%20Meals&viewAll=department&page=,£1.75,£4.38/kg,,,/groceries/en-GB/products/311218861,https://digitalcontent.api.tesco.com/v2/media/ghs/259514d0-7807-4917-b407-ed56942e00c3/3bb281f6-2853-4567-8e74-42a9feb3824e_370612460.jpeg?h=225&w=225,
311216984,Tesco Beautifully Balanced Prawn & Kale Linguine 400G,https://www.tesco.com/groceries/en-GB/shop/frozen-food/all?department=Frozen%20Ready%20Meals&viewAll=department&page=,£1.75,£4.38/kg,,,/groceries/en-GB/products/311216984,https://digitalcontent.api.tesco.com/v2/media/ghs/904d003f-9bab-4c60-b65d-02b49fcc37b3/9ba545e2-e63d-49f7-932c-4bee04cb275e_364541231.jpeg?h=225&w=225,
311253737,Snacksters Classic Hot Dog 135G,https://www.tesco.com/groceries/en-GB/shop/frozen-food/all?department=Frozen%20Ready%20Meals&viewAll=department&page=,£0.99,£7.34/kg,,,/groceries/en-GB/products/311253737,https://digitalcontent.api.tesco.com/v2/media/ghs/8b807f0f-f952-4108-a9ee-57ea8a5334c5/9d4fa421-7d86-4203-9a05-4355900af2a2.jpeg?h=225&w=225,
308831841,Snacksters Double Sausage Stack 195G,https://www.tesco.com/groceries/en-GB/shop/frozen-food/all?department=Frozen%20Ready%20Meals&viewAll=department&page=,£1.69,£8.67/kg,,,/groceries/en-GB/products/308831841,https://digitalcontent.api.tesco.com/v2/media/ghs/2ce1d0d4-0d5e-42aa-a02c-27562300f603/cbd9a879-feab-4a6e-bdc5-5490d2a6450f.jpeg?h=225&w=225,
311206126,Tesco Beautifully Balanced Beef & Broccoli Stroganoff 400G,https://www.tesco.com/groceries/en-GB/shop/frozen-food/all?department=Frozen%20Ready%20Meals&viewAll=department&page=,£1.75,£4.38/kg,,,/groceries/en-GB/products/311206126,https://digitalcontent.api.tesco.com/v2/media/ghs/43ff4267-755a-4494-a0aa-782c49324e1b/35bf86d8-bb31-4c08-b38a-df39b3f66abc_1698914618.jpeg?h=225&w=225,
307344434,Aunt Bessie's 18 Glorious Golden Yorkshires 342G,https://www.tesco.com/groceries/en-GB/shop/frozen-food/all?department=Frozen%20Yorkshire%20Puddings%20%26%20Stuffing&viewAll=department&page=,£3.40,£9.95/kg,,,/groceries/en-GB/products/307344434,https://digitalcontent.api.tesco.com/v2/media/ghs/b77e63d5-6704-4536-bf1c-81718d20c7bd/3a427680-0ad3-406d-ade8-9e909def2532.jpeg?h=225&w=225,
282266985,Tesco 2 Giant Yorkshire Puddings 220G,https://www.tesco.com/groceries/en-GB/shop/frozen-food/all?department=Frozen%20Yorkshire%20Puddings%20%26%20Stuffing&viewAll=department&page=,£1.65,£7.50/kg,,,/groceries/en-GB/products/282266985,https://digitalcontent.api.tesco.com/v2/media/ghs/ac8385da-297c-4d4e-8e6d-d271743a5b47/0607deb6-0cdb-4924-af1d-e9ca1d09c157.jpeg?h=225&w=225,
309742720,Aunt Bessie's 4 Yorkshire Puddings Sea Salt & Rosemary 220G,https://www.tesco.com/groceries/en-GB/shop/frozen-food/all?department=Frozen%20Yorkshire%20Puddings%20%26%20Stuffing&viewAll=department&page=,£2.40,£10.91/kg,,,/groceries/en-GB/products/309742720,https://digitalcontent.api.tesco.com/v2/media/ghs/03121cea-83c4-4d58-b1e6-959e45bc81b5/d40db91f-8dba-4459-91d1-2087874ba41e.jpeg?h=225&w=225,
266557966,Tesco Finest 6 Beef Dripping Yorkshire Puddings 195G,https://www.tesco.com/groceries/en-GB/shop/frozen-food/all?department=Frozen%20Yorkshire%20Puddings%20%26%20Stuffing&viewAll=department&page=,£2.10,£1.08/100g,,,/groceries/en-GB/products/266557966,https://digitalcontent.api.tesco.com/v2/media/ghs/937676f2-05ba-4a26-9b0d-985ebbcffb21/0a75b5e0-508f-4c5a-8da1-614ecbb6c3cb.jpeg?h=225&w=225,
275141204,Aunt Bessie's 12 Sage & Onion Stuffing Balls 310G,https://www.tesco.com/groceries/en-GB/shop/frozen-food/all?department=Frozen%20Yorkshire%20Puddings%20%26%20Stuffing&viewAll=department&page=,£2.45,£7.91/kg,,,/groceries/en-GB/products/275141204,https://digitalcontent.api.tesco.com/v2/media/ghs/75eba32c-f07f-45c9-b22c-d2ad40773d0a/b8561495-b67c-4a25-934e-70b7be420bd3.jpeg?h=225&w=225,
311953427,The Real Yorkshire Pudding Co. 6 Gluten Free Yorkshire Puddings 180G,https://www.tesco.com/groceries/en-GB/shop/frozen-food/all?department=Frozen%20Yorkshire%20Puddings%20%26%20Stuffing&viewAll=department&page=,£2.30,£12.78/kg,,,/groceries/en-GB/products/311953427,https://digitalcontent.api.tesco.com/v2/media/ghs/5119eca6-0f6f-465e-ac26-c5c56fbf760f/37918a73-7f1e-4b77-88ea-fe53a032b12e.jpeg?h=225&w=225,
307364220,Aunt Bessie's 10 Glorious Golden Yorkshires 190G,https://www.tesco.com/groceries/en-GB/shop/frozen-food/all?department=Frozen%20Yorkshire%20Puddings%20%26%20Stuffing&viewAll=department&page=,£2.00,£10.53/kg,£1.50 Clubcard Price,,/groceries/en-GB/products/307364220,https://digitalcontent.api.tesco.com/v2/media/ghs/aeaadf66-c696-4357-bac3-53325695eedc/9163839b-17d5-40aa-a851-7e0095b30772.jpeg?h=225&w=225,
307749762,Tesco 12 Yorkshire Puddings 220G,https://www.tesco.com/groceries/en-GB/shop/frozen-food/all?department=Frozen%20Yorkshire%20Puddings%20%26%20Stuffing&viewAll=department&page=,£1.30,£5.91/kg,,,/groceries/en-GB/products/307749762,https://digitalcontent.api.tesco.com/v2/media/ghs/85711089-5ac4-4a8c-9d45-f103362b9092/114bf484-c35e-424b-8d18-8c62f0199a82.jpeg?h=225&w=225,
254754415,Aunt Bessie's 12 Homebake Yorkshires 370G,https://www.tesco.com/groceries/en-GB/shop/frozen-food/all?department=Frozen%20Yorkshire%20Puddings%20%26%20Stuffing&viewAll=department&page=,£2.10,£5.68/kg,£1.50 Clubcard Price,,/groceries/en-GB/products/254754415,https://digitalcontent.api.tesco.com/v2/media/ghs/80581ba4-63ad-4d0a-84b3-943bbce5a7d9/f014a146-2703-4ae9-b6a4-7dac7e41a9ee.jpeg?h=225&w=225,
299539003,Hearty Food Co. 15 Yorkshire Puddings 230G,https://www.tesco.com/groceries/en-GB/shop/frozen-food/all?department=Frozen%20Yorkshire%20Puddings%20%26%20Stuffing&viewAll=department&page=,,,,,/groceries/en-GB/products/299539003,,This product's currently out of stock
291878996,Tesco Fruit Breakfast Topper 350G,https://www.tesco.com/groceries/en-GB/shop/frozen-food/all?department=Frozen%20Breakfast%2C%20Fruit%20%26%20Pastry&viewAll=department&page=,£2.40,£6.86/kg,,,/groceries/en-GB/products/291878996,https://digitalcontent.api.tesco.com/v2/media/ghs/307a3644-0782-4fc8-a626-4112bd8ed90f/208f2d25-efd4-4912-bfc6-694e20ed6de2.jpeg?h=225&w=225,
289862101,Tesco Frozen Strawberry & Banana Smoothie Mix 500G,https://www.tesco.com/groceries/en-GB/shop/frozen-food/all?department=Frozen%20Breakfast%2C%20Fruit%20%26%20Pastry&viewAll=department&page=,£2.60,£5.20/kg,,,/groceries/en-GB/products/289862101,https://digitalcontent.api.tesco.com/v2/media/ghs/bd1c57f1-2e86-4aba-be92-e4190930ed77/2cfd6c6b-93d7-44f7-b179-06335762b0c5.jpeg?h=225&w=225,
289706570,Tesco Cranberries 400G,https://www.tesco.com/groceries/en-GB/shop/frozen-food/all?department=Frozen%20Breakfast%2C%20Fruit%20%26%20Pastry&viewAll=department&page=,£2.40,£6.00/kg,,,/groceries/en-GB/products/289706570,https://digitalcontent.api.tesco.com/v2/media/ghs/55d6d8a0-c124-46d6-b889-c922e533914a/516ab9cc-a5c0-40c8-be0c-758c6959b37e.jpeg?h=225&w=225,
279054497,Tesco Pineapple Chunks 450G,https://www.tesco.com/groceries/en-GB/shop/frozen-food/all?department=Frozen%20Breakfast%2C%20Fruit%20%26%20Pastry&viewAll=department&page=,£2.40,£5.34/kg,,,/groceries/en-GB/products/279054497,https://digitalcontent.api.tesco.com/v2/media/ghs/1efa645e-d001-43af-8a65-1edd57f0ed71/07f32b61-3f2e-4c84-bd17-e13bbc5e45e4.jpeg?h=225&w=225,
308451668,Pret A Manger 6 Butter Croissants 330G,https://www.tesco.com/groceries/en-GB/shop/frozen-food/all?department=Frozen%20Breakfast%2C%20Fruit%20%26%20Pastry&viewAll=department&page=,£3.40,£1.04/100g,,,/groceries/en-GB/products/308451668,https://digitalcontent.api.tesco.com/v2/media/ghs/41b31f54-971b-455d-aaeb-2cc532d33348/f5c97b56-dcfe-4d9e-b3ac-a522a2fe2c17.jpeg?h=225&w=225,
306494476,Tesco 4 Cinnamon Swirls 345G,https://www.tesco.com/groceries/en-GB/shop/frozen-food/all?department=Frozen%20Breakfast%2C%20Fruit%20%26%20Pastry&viewAll=department&page=,£2.50,£0.72/100g,,,/groceries/en-GB/products/306494476,https://digitalcontent.api.tesco.com/v2/media/ghs/ecba3ea4-7464-4524-8087-1c6b631ab468/e26c2895-3798-46cb-93f4-d4cfb8e7fece.jpeg?h=225&w=225,
291892327,Tesco Green Smoothie Mix 500G,https://www.tesco.com/groceries/en-GB/shop/frozen-food/all?department=Frozen%20Breakfast%2C%20Fruit%20%26%20Pastry&viewAll=department&page=,£2.60,£5.20/kg,,,/groceries/en-GB/products/291892327,https://digitalcontent.api.tesco.com/v2/media/ghs/ac9a85d4-5063-4de6-b723-5755d9d0ba88/61beaa1f-26f0-4965-b551-15d1563a7395.jpeg?h=225&w=225,
307754409,Tesco Berry Smoothie Mix 500G,https://www.tesco.com/groceries/en-GB/shop/frozen-food/all?department=Frozen%20Breakfast%2C%20Fruit%20%26%20Pastry&viewAll=department&page=,£2.60,£5.20/kg,,,/groceries/en-GB/products/307754409,https://digitalcontent.api.tesco.com/v2/media/ghs/38ed45c4-9118-4db3-a9b8-22a721eddd46/4076a7fa-1c0e-4435-977b-5fc67ad307e9.jpeg?h=225&w=225,
294892081,Tesco Pitted Dark Sweet Cherries 480G,https://www.tesco.com/groceries/en-GB/shop/frozen-food/all?department=Frozen%20Breakfast%2C%20Fruit%20%26%20Pastry&viewAll=department&page=,£2.40,£5.00/kg,,,/groceries/en-GB/products/294892081,https://digitalcontent.api.tesco.com/v2/media/ghs/0288b0d4-f6ff-471d-b943-939a01c9b255/214ccd2c-4f70-4514-9f99-b54f4da0d3f6.jpeg?h=225&w=225,
308451569,Pret A Manger Plain Vegan Croissants 360G,https://www.tesco.com/groceries/en-GB/shop/frozen-food/all?department=Frozen%20Breakfast%2C%20Fruit%20%26%20Pastry&viewAll=department&page=,£3.40,£0.94/100g,,,/groceries/en-GB/products/308451569,https://digitalcontent.api.tesco.com/v2/media/ghs/fc70f493-7639-4d82-ac50-bec72ece098d/9b573337-af18-4da8-be25-7c7bd360cf42.jpeg?h=225&w=225,
308466069,Pret A Manger 6 Chocolate Filled Croissants 420G,https://www.tesco.com/groceries/en-GB/shop/frozen-food/all?department=Frozen%20Breakfast%2C%20Fruit%20%26%20Pastry&viewAll=department&page=,£3.75,£0.89/100g,,,/groceries/en-GB/products/308466069,https://digitalcontent.api.tesco.com/v2/media/ghs/ef845492-661d-4e86-8063-fec6ca9a0e0e/6a9cd8a3-7845-4ef3-9038-1ad5f00bf8f3.jpeg?h=225&w=225,
312695460,Pret 4 Almond Croissants 280G,https://www.tesco.com/groceries/en-GB/shop/frozen-food/all?department=Frozen%20Breakfast%2C%20Fruit%20%26%20Pastry&viewAll=department&page=,£3.75,£1.34/100g,,New,/groceries/en-GB/products/312695460,https://digitalcontent.api.tesco.com/v2/media/ghs/b81ad9c5-2cc9-4a5e-8d52-0b28cbcafa3d/01677acd-5172-4e58-b5e7-8bcba5fbf37b_102188742.jpeg?h=225&w=225,
312708118,Pret Greens Smoothie Mix 400G,https://www.tesco.com/groceries/en-GB/shop/frozen-food/all?department=Frozen%20Breakfast%2C%20Fruit%20%26%20Pastry&viewAll=department&page=,£3.50,£8.75/kg,,New,/groceries/en-GB/products/312708118,https://digitalcontent.api.tesco.com/v2/media/ghs/77361f93-b292-4924-a468-98a80d1abbe8/edf969e3-b27f-4c39-8626-03180996630d_1094424105.jpeg?h=225&w=225,
261374860,Tesco Mango Chunks 500G,https://www.tesco.com/groceries/en-GB/shop/frozen-food/all?department=Frozen%20Breakfast%2C%20Fruit%20%26%20Pastry&viewAll=department&page=,£2.40,£4.80/kg,,,/groceries/en-GB/products/261374860,https://digitalcontent.api.tesco.com/v2/media/ghs/dcb38639-2de3-4137-9ce9-ec8638fef8f8/08c91b08-f7c6-4890-87a5-37ec59932962.jpeg?h=225&w=225,
307131882,Northern Dough Co Chocolate Brownie Cookie Dough 360G,https://www.tesco.com/groceries/en-GB/shop/frozen-food/all?department=Frozen%20Breakfast%2C%20Fruit%20%26%20Pastry&viewAll=department&page=,£3.10,£0.86/100g,,,/groceries/en-GB/products/307131882,https://digitalcontent.api.tesco.com/v2/media/ghs/abc7cf32-c0b5-4e8c-ae01-be240ed6a340/0fef8854-453e-49a1-a1ef-b79a1c4ad16f.jpeg?h=225&w=225,
312581208,Pret Berys & Cherries Smoothie Mix 400G,https://www.tesco.com/groceries/en-GB/shop/frozen-food/all?department=Frozen%20Breakfast%2C%20Fruit%20%26%20Pastry&viewAll=department&page=,£3.50,£8.75/kg,,,/groceries/en-GB/products/312581208,https://digitalcontent.api.tesco.com/v2/media/ghs/707c4540-3a91-4862-8d63-b6ecaa2d92b8/94d9dfa4-9fcd-4efa-9f25-6e4231ca89f1_1353140711.jpeg?h=225&w=225,
297186601,Tesco Frozen Strawberry & Blueberry 500G,https://www.tesco.com/groceries/en-GB/shop/frozen-food/all?department=Frozen%20Breakfast%2C%20Fruit%20%26%20Pastry&viewAll=department&page=,£2.40,£4.80/kg,,,/groceries/en-GB/products/297186601,https://digitalcontent.api.tesco.com/v2/media/ghs/b765e2a8-7521-452d-b4ce-dba9e90fd815/a6dc20bd-ceb7-4ab6-b65e-8cd7d466aa13.jpeg?h=225&w=225,
305976910,Tesco 4 Almond Croissants 322G 322G,https://www.tesco.com/groceries/en-GB/shop/frozen-food/all?department=Frozen%20Breakfast%2C%20Fruit%20%26%20Pastry&viewAll=department&page=,£2.50,£0.78/100g,,,/groceries/en-GB/products/305976910,https://digitalcontent.api.tesco.com/v2/media/ghs/56df3620-09a3-4ea2-9422-27a50dcb2547/d8411a3d-284b-4cf2-a725-2e84c8ab2260.jpeg?h=225&w=225,
305945135,Tesco 4 Maple & Pecan Plaits 350G,https://www.tesco.com/groceries/en-GB/shop/frozen-food/all?department=Frozen%20Breakfast%2C%20Fruit%20%26%20Pastry&viewAll=department&page=,£2.50,£0.72/100g,,,/groceries/en-GB/products/305945135,https://digitalcontent.api.tesco.com/v2/media/ghs/b5b7f5cc-6bcc-4f73-b16b-c3824d05feb6/ab00ced2-f5da-4a26-a35c-4fec9d5385bd.jpeg?h=225&w=225,
306945168,Schar Gluten Free Pain Au Chocolat 4 Pack 260G,https://www.tesco.com/groceries/en-GB/shop/frozen-food/all?department=Frozen%20Breakfast%2C%20Fruit%20%26%20Pastry&viewAll=department&page=,£3.20,£1.24/100g,,,/groceries/en-GB/products/306945168,https://digitalcontent.api.tesco.com/v2/media/ghs/d7a2f210-1fda-42ad-ac41-480f06f7f99b/c5ddc81c-c7bb-4376-b346-4135f5e687be.jpeg?h=225&w=225,
309771587,Tesco Black Forest Fruits Mix 500G,https://www.tesco.com/groceries/en-GB/shop/frozen-food/all?department=Frozen%20Breakfast%2C%20Fruit%20%26%20Pastry&viewAll=department&page=,£2.40,£4.80/kg,,,/groceries/en-GB/products/309771587,https://digitalcontent.api.tesco.com/v2/media/ghs/df934756-5387-4a57-9f0a-8831560c569b/496158f6-3b26-40ca-918b-b9c03fc0b587.jpeg?h=225&w=225,
303002919,Tesco Portuguese Tarts 4 Pack 208G,https://www.tesco.com/groceries/en-GB/shop/frozen-food/all?department=Frozen%20Breakfast%2C%20Fruit%20%26%20Pastry&viewAll=department&page=,£2.50,£1.21/100g,,,/groceries/en-GB/products/303002919,https://digitalcontent.api.tesco.com/v2/media/ghs/6bfb8506-8684-4e14-ba57-67d48991b024/2ba07043-8884-4922-84a5-20fba7e9feee.jpeg?h=225&w=225,
307145249,Northern Dough Co. Sourdough Bread Dough 440G,https://www.tesco.com/groceries/en-GB/shop/frozen-food/all?department=Frozen%20Breakfast%2C%20Fruit%20%26%20Pastry&viewAll=department&page=,£2.60,£0.59/100g,,,/groceries/en-GB/products/307145249,https://digitalcontent.api.tesco.com/v2/media/ghs/57bf4661-b133-433f-93d8-4977b163e3bc/513f9681-090f-4e83-9f96-1d1d82123cb1.jpeg?h=225&w=225,
307743139,Tesco Tropical Smoothie Mix 500G,https://www.tesco.com/groceries/en-GB/shop/frozen-food/all?department=Frozen%20Breakfast%2C%20Fruit%20%26%20Pastry&viewAll=department&page=,£2.60,£5.20/kg,,,/groceries/en-GB/products/307743139,https://digitalcontent.api.tesco.com/v2/media/ghs/4b45e425-a5ee-4033-9986-b9c4fd00b385/c756fe58-6e58-493b-a239-644a20ae9086.jpeg?h=225&w=225,
289890009,Tesco Frozen Avocado Chunks 500G,https://www.tesco.com/groceries/en-GB/shop/frozen-food/all?department=Frozen%20Breakfast%2C%20Fruit%20%26%20Pastry&viewAll=department&page=,£3.15,£6.30/kg,,,/groceries/en-GB/products/289890009,https://digitalcontent.api.tesco.com/v2/media/ghs/08f046a6-4a0a-432a-a546-1e7eeba28399/5cac79d7-1c89-4dd0-b676-84a1107a0fb7.jpeg?h=225&w=225,
258759778,Tesco Frozen Summer Fruits Mix 500G,https://www.tesco.com/groceries/en-GB/shop/frozen-food/all?department=Frozen%20Breakfast%2C%20Fruit%20%26%20Pastry&viewAll=department&page=,£2.40,£4.80/kg,,,/groceries/en-GB/products/258759778,https://digitalcontent.api.tesco.com/v2/media/ghs/afaa53fd-3081-4635-b3c8-3b66b62b79c0/3978be0b-ca6d-4503-8554-edbea9c77fbe.jpeg?h=225&w=225,
291950893,Birds Eye 6 Classic Pancakes 240G,https://www.tesco.com/groceries/en-GB/shop/frozen-food/all?department=Frozen%20Breakfast%2C%20Fruit%20%26%20Pastry&viewAll=department&page=,£1.85,£7.71/kg,,,/groceries/en-GB/products/291950893,https://digitalcontent.api.tesco.com/v2/media/ghs/6dcae591-ad9d-466e-8e0e-ac99ed219d22/dac90bc6-e174-4f75-8eb1-148453cfb287.jpeg?h=225&w=225,
295653714,Tesco Perfectly Imperfect Frozen Mixed Berry 1Kg,https://www.tesco.com/groceries/en-GB/shop/frozen-food/all?department=Frozen%20Breakfast%2C%20Fruit%20%26%20Pastry&viewAll=department&page=,£2.99,£2.99/kg,Aldi Price Match,,/groceries/en-GB/products/295653714,https://digitalcontent.api.tesco.com/v2/media/ghs/5655e424-7836-4764-adab-ab974d7aaee9/206c09ae-1084-4361-b0db-437568b9042b.jpeg?h=225&w=225,
251622070,Tesco Raspberries 350G,https://www.tesco.com/groceries/en-GB/shop/frozen-food/all?department=Frozen%20Breakfast%2C%20Fruit%20%26%20Pastry&viewAll=department&page=,£2.40,£6.86/kg,,,/groceries/en-GB/products/251622070,https://digitalcontent.api.tesco.com/v2/media/ghs/eaf64caf-fcdb-4550-af0b-2167cdc260f1/072643a4-dff8-4d0c-9dd1-d29b2b8a2835.jpeg?h=225&w=225,
306649231,"Americana 8 X 5"" Soft Floured Baps",https://www.tesco.com/groceries/en-GB/shop/frozen-food/all?department=Frozen%20Breakfast%2C%20Fruit%20%26%20Pastry&viewAll=department&page=,£1.20,£0.15/each,,,/groceries/en-GB/products/306649231,https://digitalcontent.api.tesco.com/v2/media/ghs/bf4abdee-4e10-482d-a5e0-e7d2608717e8/6b630554-4d1f-4849-b46c-efec773d9ae7.jpeg?h=225&w=225,
292400397,Tesco All Day Breakfast 350G,https://www.tesco.com/groceries/en-GB/shop/frozen-food/all?department=Frozen%20Breakfast%2C%20Fruit%20%26%20Pastry&viewAll=department&page=,£2.20,£6.29/kg,,,/groceries/en-GB/products/292400397,https://digitalcontent.api.tesco.com/v2/media/ghs/44478cdd-446c-4079-96bf-2a0883971831/fa22e4c1-7c0a-495f-9c02-19fe51423b89.jpeg?h=225&w=225,
311671242,Snacksters Classic Breakfast Wrap 163G,https://www.tesco.com/groceries/en-GB/shop/frozen-food/all?department=Frozen%20Breakfast%2C%20Fruit%20%26%20Pastry&viewAll=department&page=,£1.55,£9.51/kg,,,/groceries/en-GB/products/311671242,https://digitalcontent.api.tesco.com/v2/media/ghs/6f3eca4e-2d83-42cb-acb5-9bbdfae70f3c/2a56fb6b-5508-4a8a-b006-ecd3ba5daf87.jpeg?h=225&w=225,
307350933,Tesco Plant Chef Festive Nut Loaf & Gravy 460G,https://www.tesco.com/groceries/en-GB/shop/frozen-food/all?department=Frozen%20Vegetarian%20%26%20Vegan&viewAll=department&page=,£3.75,£8.16/kg,,New,/groceries/en-GB/products/307350933,https://digitalcontent.api.tesco.com/v2/media/ghs/6ad77b3f-8512-46ee-aae0-870bbda660b9/df27a9f4-9883-4089-b8a5-702fc59b36ca.jpeg?h=225&w=225,
305039839,Linda Mccartney 6 Vegetarian Red Onion & Rosemary Sausages 270G,https://www.tesco.com/groceries/en-GB/shop/frozen-food/all?department=Frozen%20Vegetarian%20%26%20Vegan&viewAll=department&page=,£2.50,£9.26/kg,,,/groceries/en-GB/products/305039839,https://digitalcontent.api.tesco.com/v2/media/ghs/d4ee1fef-17ba-4c87-87a8-de0fa20769a0/4065914b-3308-4151-9062-4a9a6f0e2932.jpeg?h=225&w=225,
310168949,Quorn Vegan Crunchy Fillet Burgers 2 Pack 190G,https://www.tesco.com/groceries/en-GB/shop/frozen-food/all?department=Frozen%20Vegetarian%20%26%20Vegan&viewAll=department&page=,£3.00,£15.79/kg,,,/groceries/en-GB/products/310168949,https://digitalcontent.api.tesco.com/v2/media/ghs/34e183de-7994-4f20-b8d7-8b51db4a7308/caa0ffa5-717b-4d86-aa96-c5439221b05a.jpeg?h=225&w=225,
305836057,Beyond Meat Beyond Burger Plant Based Burger,https://www.tesco.com/groceries/en-GB/shop/frozen-food/all?department=Frozen%20Vegetarian%20%26%20Vegan&viewAll=department&page=,£4.00,£17.70/kg,,,/groceries/en-GB/products/305836057,https://digitalcontent.api.tesco.com/v2/media/ghs/3a748bf2-21ac-4d94-9065-d29e58aad48f/29a94525-4b96-408d-86cc-dc1156e3adc2.jpeg?h=225&w=225,
305255652,Linda Mccartney 6 Vegetarian Sausages 270G,https://www.tesco.com/groceries/en-GB/shop/frozen-food/all?department=Frozen%20Vegetarian%20%26%20Vegan&viewAll=department&page=,£2.50,£9.26/kg,,,/groceries/en-GB/products/305255652,https://digitalcontent.api.tesco.com/v2/media/ghs/87e6ee27-beb9-4690-87bc-bd22235d178d/633bb50f-ca5a-4f11-ba04-d2e9e3a92daf.jpeg?h=225&w=225,
305041041,Frys Meat Free 8 Original Hot Dogs 360G,https://www.tesco.com/groceries/en-GB/shop/frozen-food/all?department=Frozen%20Vegetarian%20%26%20Vegan&viewAll=department&page=,£2.90,£8.06/kg,,,/groceries/en-GB/products/305041041,https://digitalcontent.api.tesco.com/v2/media/ghs/812daea9-3af4-43e8-8897-46c2b59dee1b/a0ae89a6-6799-48b0-9108-9fe547c7309f.jpeg?h=225&w=225,
251438956,Quorn Family Roast 454G,https://www.tesco.com/groceries/en-GB/shop/frozen-food/all?department=Frozen%20Vegetarian%20%26%20Vegan&viewAll=department&page=,£3.75,£8.26/kg,,,/groceries/en-GB/products/251438956,https://digitalcontent.api.tesco.com/v2/media/ghs/d4004a71-6bd0-4034-8ada-31a56291c16d/25a3bcc6-9b82-4895-902f-5ffc9ac904eb.jpeg?h=225&w=225,
277064102,Birds Eye 10 Vegetable Fingers 284G,https://www.tesco.com/groceries/en-GB/shop/frozen-food/all?department=Frozen%20Vegetarian%20%26%20Vegan&viewAll=department&page=,£1.80,£6.34/kg,,,/groceries/en-GB/products/277064102,https://digitalcontent.api.tesco.com/v2/media/ghs/e85d62b2-3a0e-413d-90f4-4974a2836e75/5137c39c-d87e-4e13-8d00-204bc9cf9c1b.jpeg?h=225&w=225,
305973556,Linda Mccartneys Vegetarian Tomato & Basil Meatballs 292G,https://www.tesco.com/groceries/en-GB/shop/frozen-food/all?department=Frozen%20Vegetarian%20%26%20Vegan&viewAll=department&page=,£2.50,£8.57/kg,,,/groceries/en-GB/products/305973556,https://digitalcontent.api.tesco.com/v2/media/ghs/07bd7a1c-9f92-4a86-9721-b9a7b2bece96/6af6e1de-b721-446b-8f07-022cf00aecd2.jpeg?h=225&w=225,
299077399,Tesco 2 Vegetarian Mozzarella Roast Vegetable & Pesto Melts 280G,https://www.tesco.com/groceries/en-GB/shop/frozen-food/all?department=Frozen%20Vegetarian%20%26%20Vegan&viewAll=department&page=,£2.50,£8.93/kg,,,/groceries/en-GB/products/299077399,https://digitalcontent.api.tesco.com/v2/media/ghs/efd42319-2a7c-4f02-ab23-f2a3006ebba8/e2be0d0c-3a4e-4f65-8bf6-a8fa93a93b95.jpeg?h=225&w=225,
251834698,Quorn 2 Cheese & Broccoli Escalopes 240G,https://www.tesco.com/groceries/en-GB/shop/frozen-food/all?department=Frozen%20Vegetarian%20%26%20Vegan&viewAll=department&page=,£2.50,£10.42/kg,,,/groceries/en-GB/products/251834698,https://digitalcontent.api.tesco.com/v2/media/ghs/ffa6fd8a-7f72-4242-9b22-ed05ecde4bed/eb8977b7-a950-4d48-943f-8a68dca6c4ba.jpeg?h=225&w=225,
303392181,Birds Eye Meat Free Swedish Style Balls 280G,https://www.tesco.com/groceries/en-GB/shop/frozen-food/all?department=Frozen%20Vegetarian%20%26%20Vegan&viewAll=department&page=,£3.00,£10.72/kg,,,/groceries/en-GB/products/303392181,https://digitalcontent.api.tesco.com/v2/media/ghs/c359c42a-172a-4fde-96a4-3fbd6eb4d270/a94881c1-ab40-4334-9036-a53c3da96dbc.jpeg?h=225&w=225,
251259238,Quorn 4 Chicken Style Burgers 252G,https://www.tesco.com/groceries/en-GB/shop/frozen-food/all?department=Frozen%20Vegetarian%20%26%20Vegan&viewAll=department&page=,£2.30,£9.13/kg,,,/groceries/en-GB/products/251259238,https://digitalcontent.api.tesco.com/v2/media/ghs/f29e93df-f6a2-4bc1-bb58-92a8a8b59aeb/93f5e73c-2665-496f-aed9-2ff03916c769.jpeg?h=225&w=225,
312232657,Tesco Plant Chef Festive Vegetable & Stuffing Parcel 500G,https://www.tesco.com/groceries/en-GB/shop/frozen-food/all?department=Frozen%20Vegetarian%20%26%20Vegan&viewAll=department&page=,£3.00,£6.00/kg,,New,/groceries/en-GB/products/312232657,https://digitalcontent.api.tesco.com/v2/media/ghs/18c075d8-0337-4652-9eca-e2c41ea0053b/03b7a1c8-4916-42c1-8d7b-d22481fcdc4a.jpeg?h=225&w=225,
277304211,Quorn Southern Fried Bites 300G,https://www.tesco.com/groceries/en-GB/shop/frozen-food/all?department=Frozen%20Vegetarian%20%26%20Vegan&viewAll=department&page=,£2.50,£8.34/kg,,,/groceries/en-GB/products/277304211,https://digitalcontent.api.tesco.com/v2/media/ghs/35e7fa20-afbb-492e-a8f5-3835fb730e9c/5cafba7d-fd46-4622-8bef-51d871aa329b.jpeg?h=225&w=225,
310120931,The Tofoo Co. Straight To Wok Teriyaki 280G,https://www.tesco.com/groceries/en-GB/shop/frozen-food/all?department=Frozen%20Vegetarian%20%26%20Vegan&viewAll=department&page=,£3.00,£10.72/kg,,New,/groceries/en-GB/products/310120931,https://digitalcontent.api.tesco.com/v2/media/ghs-mktg/b0b04216-fa73-466d-a9d7-c9fcfa1ce9b3/no-image.jpeg,
255411411,Quorn Swedish Style Balls 300G,https://www.tesco.com/groceries/en-GB/shop/frozen-food/all?department=Frozen%20Vegetarian%20%26%20Vegan&viewAll=department&page=,£2.50,£8.34/kg,,,/groceries/en-GB/products/255411411,https://digitalcontent.api.tesco.com/v2/media/ghs/3e66a7a7-894d-4e88-b0da-9bd04cc3be98/2ed5c0a6-4727-479b-968d-860ec0e87d85.jpeg?h=225&w=225,
311423491,Richmond Vegan No Chicken Pieces Roast Flavoured 220G,https://www.tesco.com/groceries/en-GB/shop/frozen-food/all?department=Frozen%20Vegetarian%20%26%20Vegan&viewAll=department&page=,£3.00,£13.64/kg,,,/groceries/en-GB/products/311423491,https://digitalcontent.api.tesco.com/v2/media/ghs/702b77a5-6046-416b-9af2-c47c1fec702d/4b04086d-a944-4b90-a60e-86a8b8a203dc.jpeg?h=225&w=225,
250341645,Quorn Sausages 336G,https://www.tesco.com/groceries/en-GB/shop/frozen-food/all?department=Frozen%20Vegetarian%20%26%20Vegan&viewAll=department&page=,£2.30,£6.85/kg,,,/groceries/en-GB/products/250341645,https://digitalcontent.api.tesco.com/v2/media/ghs/ef6d9c04-52db-4b38-ba69-3e6b1ed4643e/ea3516f8-db26-4619-b7f6-47864a308ed2.jpeg?h=225&w=225,
312853256,Gosh! Original Falafel 308G,https://www.tesco.com/groceries/en-GB/shop/frozen-food/all?department=Frozen%20Vegetarian%20%26%20Vegan&viewAll=department&page=,£2.50,£8.12/kg,£2.00 Clubcard Price,,/groceries/en-GB/products/312853256,https://digitalcontent.api.tesco.com/v2/media/ghs/8e94d968-fc62-4d12-b186-0452c6380279/8ba6e0ca-34af-422d-be2d-0642791e1987.jpeg?h=225&w=225,
313186977,Gosh! Veggie Cocktail Sausages 304G,https://www.tesco.com/groceries/en-GB/shop/frozen-food/all?department=Frozen%20Vegetarian%20%26%20Vegan&viewAll=department&page=,£2.50,£8.23/kg,£2.00 Clubcard Price,,/groceries/en-GB/products/313186977,https://digitalcontent.api.tesco.com/v2/media/ghs/c330b347-cdb2-42bd-8cee-a69df472a34d/1646ef27-34ee-463b-9efe-6db9ad336d8a.jpeg?h=225&w=225,
306655367,Richmond 8 Frozen Meat Free Sausages 336G,https://www.tesco.com/groceries/en-GB/shop/frozen-food/all?department=Frozen%20Vegetarian%20%26%20Vegan&viewAll=department&page=,£2.15,£6.40/kg,,,/groceries/en-GB/products/306655367,https://digitalcontent.api.tesco.com/v2/media/ghs/d508b30f-a7d1-46df-aeec-4b6790b0d563/1a0d3b40-1690-40b8-95de-be605953d275.jpeg?h=225&w=225,
265387631,Quorn Mince 500G,https://www.tesco.com/groceries/en-GB/shop/frozen-food/all?department=Frozen%20Vegetarian%20%26%20Vegan&viewAll=department&page=,£2.95,£5.90/kg,Aldi Price Match,,/groceries/en-GB/products/265387631,https://digitalcontent.api.tesco.com/v2/media/ghs/b40166b0-f81f-4f39-a4d6-a37fafe3a1b3/6dceba2c-35c4-4ce5-93bc-f6684007ca4f.jpeg?h=225&w=225,
281572572,Quorn Crispy Nuggets 476G,https://www.tesco.com/groceries/en-GB/shop/frozen-food/all?department=Frozen%20Vegetarian%20%26%20Vegan&viewAll=department&page=,£2.95,£6.20/kg,Aldi Price Match,,/groceries/en-GB/products/281572572,https://digitalcontent.api.tesco.com/v2/media/ghs/46e1282d-5263-4d74-8a0f-4b5025b236e1/64baaa37-bb4a-4a17-8ed8-f34b01f0e047.jpeg?h=225&w=225,
310179619,Linda Mccartney Vegetarian Meatballs 399G,https://www.tesco.com/groceries/en-GB/shop/frozen-food/all?department=Frozen%20Vegetarian%20%26%20Vegan&viewAll=department&page=,£3.00,£7.52/kg,£2.00 Clubcard Price,,/groceries/en-GB/products/310179619,https://digitalcontent.api.tesco.com/v2/media/ghs/2b45bc9f-5d5d-4dca-aee7-f670a1b1e905/94b33c32-679b-43f2-a97c-4657d897e7f2.jpeg?h=225&w=225,
312990703,Vfc Original Recipe Vegan Crispy Chicken Tenders 200G,https://www.tesco.com/groceries/en-GB/shop/frozen-food/all?department=Frozen%20Vegetarian%20%26%20Vegan&viewAll=department&page=,£3.00,£15.00/kg,,New,/groceries/en-GB/products/312990703,https://digitalcontent.api.tesco.com/v2/media/ghs/ec56e539-e1c7-4648-b0ea-0e01a747ea85/44bfd81e-ccb4-4000-bbbb-4391b55ddff5.jpeg?h=225&w=225,
312584689,Vfc Original Recipe Vegan Crispy Popcorn Chicken 220G,https://www.tesco.com/groceries/en-GB/shop/frozen-food/all?department=Frozen%20Vegetarian%20%26%20Vegan&viewAll=department&page=,£3.00,£13.64/kg,,New,/groceries/en-GB/products/312584689,https://digitalcontent.api.tesco.com/v2/media/ghs/c3c8c571-4657-4acb-a2e2-6fd02fe958fa/f7743934-6d16-4635-8d33-924ef19103c8.jpeg?h=225&w=225,
312992373,Vfc 2 Original Recipe Vegan Crispy Chicken Fillets 190G,https://www.tesco.com/groceries/en-GB/shop/frozen-food/all?department=Frozen%20Vegetarian%20%26%20Vegan&viewAll=department&page=,£3.00,£15.79/kg,,New,/groceries/en-GB/products/312992373,https://digitalcontent.api.tesco.com/v2/media/ghs/651ec5a8-48d4-4aca-80ec-d5f827e47531/5a0f9774-2492-4f3a-a4db-a0baa0b38e63.jpeg?h=225&w=225,
305437604,Tesco Plant Chef 4 Spicy Bean Burgers 454G,https://www.tesco.com/groceries/en-GB/shop/frozen-food/all?department=Frozen%20Vegetarian%20%26%20Vegan&viewAll=department&page=,£2.00,£4.41/kg,,,/groceries/en-GB/products/305437604,https://digitalcontent.api.tesco.com/v2/media/ghs/96b1d4a4-63ca-44d3-9f58-d0d693268e80/39a0c648-60b1-4314-b57a-95b104e3ebfa.jpeg?h=225&w=225,
250859407,Quorn Fillets 312G,https://www.tesco.com/groceries/en-GB/shop/frozen-food/all?department=Frozen%20Vegetarian%20%26%20Vegan&viewAll=department&page=,£2.30,£7.38/kg,,,/groceries/en-GB/products/250859407,https://digitalcontent.api.tesco.com/v2/media/ghs/5e30864a-2512-442e-a92c-348855b88d0e/adcefd11-7b31-44d7-b85c-93d2556ffec0.jpeg?h=225&w=225,
310102967,Richmond 2 Vegan Meat Free Frozen Burgers 150G,https://www.tesco.com/groceries/en-GB/shop/frozen-food/all?department=Frozen%20Vegetarian%20%26%20Vegan&viewAll=department&page=,£2.00,£13.34/kg,,,/groceries/en-GB/products/310102967,https://digitalcontent.api.tesco.com/v2/media/ghs/1f5143ee-89f9-4482-8f26-9b47284faf50/86964d15-c9d1-4975-a3a2-13552db7fb15.jpeg?h=225&w=225,
310660470,Quorn Meat Free Crispy Nuggets 300G,https://www.tesco.com/groceries/en-GB/shop/frozen-food/all?department=Frozen%20Vegetarian%20%26%20Vegan&viewAll=department&page=,£2.30,£7.67/kg,,,/groceries/en-GB/products/310660470,https://digitalcontent.api.tesco.com/v2/media/ghs/fa57848c-b380-4a2d-8e17-91b0fac1c30a/556dfeb1-267b-4744-9129-496602a3a070.jpeg?h=225&w=225,
289839049,Tesco Vegetarian Vegetable Lasagne 375G,https://www.tesco.com/groceries/en-GB/shop/frozen-food/all?department=Frozen%20Vegetarian%20%26%20Vegan&viewAll=department&page=,£1.75,£4.67/kg,,,/groceries/en-GB/products/289839049,https://digitalcontent.api.tesco.com/v2/media/ghs/10ec86a5-e86a-45c3-abb6-9e2a7e9712da/1b28b942-934f-4806-a94a-0c4a3b743f1e.jpeg?h=225&w=225,
281442254,Quorn 12 Sausages 504G,https://www.tesco.com/groceries/en-GB/shop/frozen-food/all?department=Frozen%20Vegetarian%20%26%20Vegan&viewAll=department&page=,£2.95,£5.86/kg,Aldi Price Match,,/groceries/en-GB/products/281442254,https://digitalcontent.api.tesco.com/v2/media/ghs/4f14172d-6e61-47f9-bc0e-6bd85896ab9a/7539e5f6-a840-4cc5-80ad-666033fd4aac.jpeg?h=225&w=225,
251352757,Quorn Mince 300G,https://www.tesco.com/groceries/en-GB/shop/frozen-food/all?department=Frozen%20Vegetarian%20%26%20Vegan&viewAll=department&page=,£2.30,£7.67/kg,£2.00 Clubcard Price,,/groceries/en-GB/products/251352757,https://digitalcontent.api.tesco.com/v2/media/ghs/9f77b6dd-4e7c-463c-8a32-99991304047d/e149e423-9073-4a41-bce2-038fe433ba82.jpeg?h=225&w=225,
251116364,Quorn Chicken Style Pieces 300G,https://www.tesco.com/groceries/en-GB/shop/frozen-food/all?department=Frozen%20Vegetarian%20%26%20Vegan&viewAll=department&page=,£2.30,£7.67/kg,£2.00 Clubcard Price,,/groceries/en-GB/products/251116364,https://digitalcontent.api.tesco.com/v2/media/ghs/24ff76e1-aed9-41e2-89ba-7d7c3785d54c/31ba95e1-43b5-4d8d-88f1-f78715f28dd3.jpeg?h=225&w=225,
305044988,Tesco Plant Chef 6 Herby Bangers 300G,https://www.tesco.com/groceries/en-GB/shop/frozen-food/all?department=Frozen%20Vegetarian%20%26%20Vegan&viewAll=department&page=,£1.35,£0.45/100g,,,/groceries/en-GB/products/305044988,https://digitalcontent.api.tesco.com/v2/media/ghs/1211d5d1-87e9-4df4-9cac-f8eb1e10b3ce/3b32c867-71c5-43db-82a7-abf937838b89.jpeg?h=225&w=225,
312985537,Quorn Vegetarian Steak Strips 500G,https://www.tesco.com/groceries/en-GB/shop/frozen-food/all?department=Frozen%20Vegetarian%20%26%20Vegan&viewAll=department&page=,£3.00,£6.00/kg,,New,/groceries/en-GB/products/312985537,https://digitalcontent.api.tesco.com/v2/media/ghs/b87f5aaf-61ed-46dc-b1fc-6310501b1b42/d3798591-fb1f-4bad-87d1-cbfba1a68b2a.jpeg?h=225&w=225,
312349992,Quorn Uniquorns 240G,https://www.tesco.com/groceries/en-GB/shop/frozen-food/all?department=Frozen%20Vegetarian%20%26%20Vegan&viewAll=department&page=,£2.50,£10.42/kg,,New,/groceries/en-GB/products/312349992,https://digitalcontent.api.tesco.com/v2/media/ghs/ea088d3a-ff7b-4206-879d-bd4d9c147827/120706df-e646-4bbd-96a5-8e82d4cfedcc.jpeg?h=225&w=225,
308844866,Dr Oetker Vegan Margherita Pomodori Pizza 340G,https://www.tesco.com/groceries/en-GB/shop/frozen-food/all?department=Frozen%20Vegetarian%20%26%20Vegan&viewAll=department&page=,£3.25,£9.56/kg,,,/groceries/en-GB/products/308844866,https://digitalcontent.api.tesco.com/v2/media/ghs/39e677db-6b95-4a47-8f02-15bb28a1053a/eac0fc61-53cb-4838-bc04-3f003db2dd6a.jpeg?h=225&w=225,
312982990,Beyond Meat Plant Based Sausage 4X50g,https://www.tesco.com/groceries/en-GB/shop/frozen-food/all?department=Frozen%20Vegetarian%20%26%20Vegan&viewAll=department&page=,£4.00,£20.00/kg,£3.00 Clubcard Price,,/groceries/en-GB/products/312982990,https://digitalcontent.api.tesco.com/v2/media/ghs/55ff2644-4ca4-4f6d-b795-9238c6139530/b109a5ee-c4d6-4e97-9205-d48840b57895.jpeg?h=225&w=225,
291745330,Tesco Monterey Jack Bbq Bean Burger 280G,https://www.tesco.com/groceries/en-GB/shop/frozen-food/all?department=Frozen%20Vegetarian%20%26%20Vegan&viewAll=department&page=,£2.50,£8.93/kg,,,/groceries/en-GB/products/291745330,https://digitalcontent.api.tesco.com/v2/media/ghs/267b3a10-b0f1-42d0-bf50-7ff3d7c6a26a/7ae32b27-bd6e-4668-9655-6d7d66861e47.jpeg?h=225&w=225,
311429006,Birds Eye Green Cuisine 2 Fishless Battered Fillets 240G,https://www.tesco.com/groceries/en-GB/shop/frozen-food/all?department=Frozen%20Vegetarian%20%26%20Vegan&viewAll=department&page=,£3.50,£14.59/kg,,,/groceries/en-GB/products/311429006,https://digitalcontent.api.tesco.com/v2/media/ghs/2d7ff95d-8d7c-4670-9a7a-999a68875441/0f0ee9b2-2328-4d26-bf39-7bac2437541e.jpeg?h=225&w=225,
307145439,Goodlife Mushroom & Spinach Kievs 2 Pack 250G,https://www.tesco.com/groceries/en-GB/shop/frozen-food/all?department=Frozen%20Vegetarian%20%26%20Vegan&viewAll=department&page=,£2.75,£11.00/kg,,,/groceries/en-GB/products/307145439,https://digitalcontent.api.tesco.com/v2/media/ghs/45a4fb72-b649-46eb-ac5d-48572ecb8f8b/8f4126af-9bc6-4952-857e-080652d62e4d.jpeg?h=225&w=225,
306149638,Goodfellas Vegan Meatless Mediterranean Pizza 387G,https://www.tesco.com/groceries/en-GB/shop/frozen-food/all?department=Frozen%20Vegetarian%20%26%20Vegan&viewAll=department&page=,£3.35,£8.66/kg,,,/groceries/en-GB/products/306149638,https://digitalcontent.api.tesco.com/v2/media/ghs/a3ba843e-71b1-4588-b704-4c0ec5fa3703/5184bcf9-15c3-45c2-98a4-c0c833421818.jpeg?h=225&w=225,
308450109,Beyond Meat Plant Based Mince 300G,https://www.tesco.com/groceries/en-GB/shop/frozen-food/all?department=Frozen%20Vegetarian%20%26%20Vegan&viewAll=department&page=,£4.00,£13.34/kg,,,/groceries/en-GB/products/308450109,https://digitalcontent.api.tesco.com/v2/media/ghs/5f7d8111-5e0a-48fc-9d19-0a5fc2dcac59/8d3ea7a1-eff7-4a67-a9d7-6b00648e5a05.jpeg?h=225&w=225,
251898848,Aunt Bessie's Vegetarian Toad In The Hole 190G,https://www.tesco.com/groceries/en-GB/shop/frozen-food/all?department=Frozen%20Vegetarian%20%26%20Vegan&viewAll=department&page=,£2.15,£11.32/kg,,,/groceries/en-GB/products/251898848,https://digitalcontent.api.tesco.com/v2/media/ghs/e9adafe7-a418-4fa8-808a-1d1527764cfc/5e9a2bb8-4635-4703-8977-99dae1cb881d.jpeg?h=225&w=225,
291845610,Quorn Chicken & Bacon Lattice 2 Pack 300G,https://www.tesco.com/groceries/en-GB/shop/frozen-food/all?department=Frozen%20Vegetarian%20%26%20Vegan&viewAll=department&page=,£2.50,£0.83/100g,,,/groceries/en-GB/products/291845610,https://digitalcontent.api.tesco.com/v2/media/ghs/cfd874e3-b9b4-43d4-9047-af6b13f7c88c/c49a2a4a-f294-41ca-bc31-87cc862b363c.jpeg?h=225&w=225,
310124535,Birds Eye Green Cuisine Fishless Fingers 12 Pack 336G,https://www.tesco.com/groceries/en-GB/shop/frozen-food/all?department=Frozen%20Vegetarian%20%26%20Vegan&viewAll=department&page=,£3.00,£8.93/kg,,,/groceries/en-GB/products/310124535,https://digitalcontent.api.tesco.com/v2/media/ghs/151e70ab-f8f4-464f-b7c3-aa541798074a/3aca2c11-f028-4f19-a629-22192904ab71.jpeg?h=225&w=225,
310150296,Pukka Vegan Minced Steak & Onion 2Pack,https://www.tesco.com/groceries/en-GB/shop/frozen-food/all?department=Frozen%20Vegetarian%20%26%20Vegan&viewAll=department&page=,£2.50,£1.25/each,,New,/groceries/en-GB/products/310150296,https://digitalcontent.api.tesco.com/v2/media/ghs/ab25a1f9-e11a-43aa-a662-f61b702e126e/4506da66-be6b-4e49-ad0c-7a8023f0f5b0.jpeg?h=225&w=225,
299390610,Tesco 2 Vegetarian Mushroom & Camembert Pies 360G,https://www.tesco.com/groceries/en-GB/shop/frozen-food/all?department=Frozen%20Vegetarian%20%26%20Vegan&viewAll=department&page=,£2.50,£6.95/kg,,,/groceries/en-GB/products/299390610,https://digitalcontent.api.tesco.com/v2/media/ghs/fd0e581d-1c21-46c1-8780-a80bdd66e237/97003881-b901-44e7-a8f3-6a237421c3eb.jpeg?h=225&w=225,
268151370,Quorn Smoky Bacon Style Slices 150G,https://www.tesco.com/groceries/en-GB/shop/frozen-food/all?department=Frozen%20Vegetarian%20%26%20Vegan&viewAll=department&page=,£2.50,£16.67/kg,,,/groceries/en-GB/products/268151370,https://digitalcontent.api.tesco.com/v2/media/ghs/0ae02691-17a9-44e4-9fe1-cfb25cf4b1ea/5117d12c-b3e8-4a00-8ffc-88e49259ef9c.jpeg?h=225&w=225,
311806332,The Vegetarian Butcher Unbelievaballs 300G,https://www.tesco.com/groceries/en-GB/shop/frozen-food/all?department=Frozen%20Vegetarian%20%26%20Vegan&viewAll=department&page=,£2.80,£9.34/kg,,,/groceries/en-GB/products/311806332,https://digitalcontent.api.tesco.com/v2/media/ghs/870053ae-e248-43c6-be30-2738a42453cb/efedd40d-be04-4660-86b5-56adfaf7eba2.jpeg?h=225&w=225,
312992816,Oumph! Spicy Drums 270G,https://www.tesco.com/groceries/en-GB/shop/frozen-food/all?department=Frozen%20Vegetarian%20%26%20Vegan&viewAll=department&page=,£3.50,£12.97/kg,,New,/groceries/en-GB/products/312992816,https://digitalcontent.api.tesco.com/v2/media/ghs/46320178-f95d-4460-b05a-63d9b976a592/e17ce811-ef32-4e07-887b-d9ee9ea2c369.jpeg?h=225&w=225,
312833672,Birds Eye Green Cuisine 4 Veggie Quarter Pounders 454G,https://www.tesco.com/groceries/en-GB/shop/frozen-food/all?department=Frozen%20Vegetarian%20%26%20Vegan&viewAll=department&page=,£3.00,£6.61/kg,,New,/groceries/en-GB/products/312833672,https://digitalcontent.api.tesco.com/v2/media/ghs/a9b5ed74-6628-4a47-ad2d-6888e5e9a059/59a3bb3b-703f-44cc-af18-a9f8eed5b7a6.jpeg?h=225&w=225,
310151024,Quorn Vegan Steak Bakes 300G,https://www.tesco.com/groceries/en-GB/shop/frozen-food/all?department=Frozen%20Vegetarian%20%26%20Vegan&viewAll=department&page=,£2.50,£8.34/kg,,,/groceries/en-GB/products/310151024,https://digitalcontent.api.tesco.com/v2/media/ghs/0cbf843c-574a-4702-800c-b6c38ea1fa85/6b203c9a-5847-47ab-b8ad-271c0a80b1ac.jpeg?h=225&w=225,
312561296,Linda Mccartney Family Pack 10 Vegetarian Sausages 450G,https://www.tesco.com/groceries/en-GB/shop/frozen-food/all?department=Frozen%20Vegetarian%20%26%20Vegan&viewAll=department&page=,£3.00,£6.67/kg,£2.00 Clubcard Price,,/groceries/en-GB/products/312561296,https://digitalcontent.api.tesco.com/v2/media/ghs/9fdb0e27-af8d-4e47-813d-7a929e6f955f/d3858ffe-3c7b-41d0-a20b-8ec22e08b6bd.jpeg?h=225&w=225,
311688009,Vegetarian Butcher Happy Go Clucky Soy Burger 180G,https://www.tesco.com/groceries/en-GB/shop/frozen-food/all?department=Frozen%20Vegetarian%20%26%20Vegan&viewAll=department&page=,£2.25,£12.50/kg,,,/groceries/en-GB/products/311688009,https://digitalcontent.api.tesco.com/v2/media/ghs/f5ed8b09-9015-4aab-8985-45d476266487/04ba5184-a644-499f-ab33-d0b72a0f7c51.jpeg?h=225&w=225,
305040749,"Goodlife Falafel Lemon, Cumin & Coriander 14 Pack 280G",https://www.tesco.com/groceries/en-GB/shop/frozen-food/all?department=Frozen%20Vegetarian%20%26%20Vegan&viewAll=department&page=,£2.25,£0.80/100g,,,/groceries/en-GB/products/305040749,https://digitalcontent.api.tesco.com/v2/media/ghs/17c1060a-da74-4678-9a0d-f8c704ddb538/5770f4d7-180c-4a98-80e9-e8b8e458c0fb.jpeg?h=225&w=225,
313007937,Pukka Vegan Smoky Cheddar Flavour & Onion Bakes 2 Pack 278G,https://www.tesco.com/groceries/en-GB/shop/frozen-food/all?department=Frozen%20Vegetarian%20%26%20Vegan&viewAll=department&page=,£2.50,£9.00/kg,,New,/groceries/en-GB/products/313007937,https://digitalcontent.api.tesco.com/v2/media/ghs/5514e5fc-8814-41e6-bc89-f20d76464970/bc6e8e2f-7af5-47f8-a127-2d8d883a46ee.jpeg?h=225&w=225,
306928598,Tesco Plant Chef No Steak Pie 568G,https://www.tesco.com/groceries/en-GB/shop/frozen-food/all?department=Frozen%20Vegetarian%20%26%20Vegan&viewAll=department&page=,£2.75,£4.85/kg,,,/groceries/en-GB/products/306928598,https://digitalcontent.api.tesco.com/v2/media/ghs/60b1d39d-c8db-4b64-993d-afab62f29145/05754c01-9576-4936-b03d-c9f7ca92bdf0.jpeg?h=225&w=225,
251352786,Quorn 2 Crispy Fillets 200G,https://www.tesco.com/groceries/en-GB/shop/frozen-food/all?department=Frozen%20Vegetarian%20%26%20Vegan&viewAll=department&page=,£2.30,£11.50/kg,,,/groceries/en-GB/products/251352786,https://digitalcontent.api.tesco.com/v2/media/ghs/eb33c3ff-9e8b-4210-8278-40224b3105c1/0cf6bae0-34d2-4725-9c4b-3d0018638a61.jpeg?h=225&w=225,
310146739,Dopsu No Chicken Pieces 280G,https://www.tesco.com/groceries/en-GB/shop/frozen-food/all?department=Frozen%20Vegetarian%20%26%20Vegan&viewAll=department&page=,£2.00,£7.15/kg,,,/groceries/en-GB/products/310146739,https://digitalcontent.api.tesco.com/v2/media/ghs/77dfedd2-70b5-4073-b4e0-61a07d00d915/9874ecd4-b683-4f7d-b163-e829403d5f9e_1391252209.jpeg?h=225&w=225,
312986254,Kirsty's Chinese Style Vegetables 300G,https://www.tesco.com/groceries/en-GB/shop/frozen-food/all?department=Frozen%20Vegetarian%20%26%20Vegan&viewAll=department&page=,£2.80,£9.34/kg,£1.80 Clubcard Price,,/groceries/en-GB/products/312986254,https://digitalcontent.api.tesco.com/v2/media/ghs/80589599-2fed-411e-b340-9b96320d883c/61881020-4f13-4651-9ded-78623ee708f3_1766018838.jpeg?h=225&w=225,
305727843,Tesco Plant Chef Breaded Nuggets 320G,https://www.tesco.com/groceries/en-GB/shop/frozen-food/all?department=Frozen%20Vegetarian%20%26%20Vegan&viewAll=department&page=,£1.75,£0.55/100g,,,/groceries/en-GB/products/305727843,https://digitalcontent.api.tesco.com/v2/media/ghs/3ed5b981-5341-4924-86f7-26b36b394466/d46ba325-ddcb-40aa-abf4-f396571a5dc9.jpeg?h=225&w=225,
293587968,Linda Mccartney Shredded Hoisin Duck 300G,https://www.tesco.com/groceries/en-GB/shop/frozen-food/all?department=Frozen%20Vegetarian%20%26%20Vegan&viewAll=department&page=,£2.50,£0.83/100g,,,/groceries/en-GB/products/293587968,https://digitalcontent.api.tesco.com/v2/media/ghs/07424160-9b0c-4fa1-8ae2-1aad075b1bee/95faf7f6-5758-453a-8b67-e3f1ac332cee.jpeg?h=225&w=225,
310173580,Birds Eye Green Cuisine Chicken Free Southern Fried Strips 210G,https://www.tesco.com/groceries/en-GB/shop/frozen-food/all?department=Frozen%20Vegetarian%20%26%20Vegan&viewAll=department&page=,£2.90,£13.81/kg,,,/groceries/en-GB/products/310173580,https://digitalcontent.api.tesco.com/v2/media/ghs/50241c69-495b-4151-9a8f-6e248c480cfa/90b4dd8c-6b06-4123-bc77-656a1a80b577.jpeg?h=225&w=225,
312829171,The Tofoo Co. Bbq Tofu Popcorn 280G,https://www.tesco.com/groceries/en-GB/shop/frozen-food/all?department=Frozen%20Vegetarian%20%26%20Vegan&viewAll=department&page=,£2.25,£8.04/kg,,New,/groceries/en-GB/products/312829171,https://digitalcontent.api.tesco.com/v2/media/ghs/46da336f-0c4d-4581-99d7-4ffa9bb28468/621cafc1-1d83-4170-8941-92ef09743870.jpeg?h=225&w=225,
311785326,Kirsty's Vegetable Lasagne 300G,https://www.tesco.com/groceries/en-GB/shop/frozen-food/all?department=Frozen%20Vegetarian%20%26%20Vegan&viewAll=department&page=,£2.80,£9.34/kg,£1.80 Clubcard Price,,/groceries/en-GB/products/311785326,https://digitalcontent.api.tesco.com/v2/media/ghs/1c2f86d6-25b1-4afe-a5ab-cf188a82f788/57ef30b3-1c01-4e09-93bc-6b6441bf92ce.jpeg?h=225&w=225,
303392209,Birds Eye 2 Meat Free Burgers 200G,https://www.tesco.com/groceries/en-GB/shop/frozen-food/all?department=Frozen%20Vegetarian%20%26%20Vegan&viewAll=department&page=,£2.50,£12.50/kg,£2.00 Clubcard Price,,/groceries/en-GB/products/303392209,https://digitalcontent.api.tesco.com/v2/media/ghs/0930e705-a023-44c7-919e-3ebbd921b850/74524d76-2185-4803-955d-a945e8eae871.jpeg?h=225&w=225,
312841944,Kirsty's Vegan Mac & Cheeze 275G,https://www.tesco.com/groceries/en-GB/shop/frozen-food/all?department=Frozen%20Vegetarian%20%26%20Vegan&viewAll=department&page=,£2.80,£10.19/kg,£1.80 Clubcard Price,,/groceries/en-GB/products/312841944,https://digitalcontent.api.tesco.com/v2/media/ghs/0f8deea2-0026-4c06-bfdf-4adb66054f07/eab41d64-dc80-49c2-8a77-62a9372a5284_1136367528.jpeg?h=225&w=225,
308844329,Quorn Roarsomes Vegan Dinosaurs 240G,https://www.tesco.com/groceries/en-GB/shop/frozen-food/all?department=Frozen%20Vegetarian%20%26%20Vegan&viewAll=department&page=,£2.50,£10.42/kg,,,/groceries/en-GB/products/308844329,https://digitalcontent.api.tesco.com/v2/media/ghs/882b9292-9251-499d-9124-cfabaf85068b/8d11fcb5-044c-498d-a13a-7b7431c9d753.jpeg?h=225&w=225,
311781987,Tesco Plant Chef 10 No Prawn Tempuras 150G,https://www.tesco.com/groceries/en-GB/shop/frozen-food/all?department=Frozen%20Vegetarian%20%26%20Vegan&viewAll=department&page=,£2.50,£1.67/100g,Any 3 for £6 Clubcard Price - Selected Tesco Frozen Party Food 120g - 564g,,/groceries/en-GB/products/311781987,https://digitalcontent.api.tesco.com/v2/media/ghs/67f5693e-874b-4c52-b59e-3f6200ebe9c4/9bd009c8-38d6-4524-b926-97dbf7482f9c_972249617.jpeg?h=225&w=225,
306503339,Tesco Plant Chef Thai Inspired Green Vegetable Curry 400G,https://www.tesco.com/groceries/en-GB/shop/frozen-food/all?department=Frozen%20Vegetarian%20%26%20Vegan&viewAll=department&page=,£1.60,£4.00/kg,,,/groceries/en-GB/products/306503339,https://digitalcontent.api.tesco.com/v2/media/ghs/d8361fa6-e556-48cb-8982-f1480428c6b7/6d921cf4-abb9-4da4-81db-52950f54b008.jpeg?h=225&w=225,
311949107,Tesco Plant Chef 12 Meat Free Mini Pasties 264G,https://www.tesco.com/groceries/en-GB/shop/frozen-food/all?department=Frozen%20Vegetarian%20%26%20Vegan&viewAll=department&page=,£1.50,£0.57/100g,,New,/groceries/en-GB/products/311949107,https://digitalcontent.api.tesco.com/v2/media/ghs/1c98e0d8-6c8b-4632-8dc5-0554dbf0f554/2ff581ee-05bc-416d-8935-194cda49bb44_1646869630.jpeg?h=225&w=225,
305974843,Tesco Plant Chef Sweet Potato & Chickpea Tikka Masala 400G,https://www.tesco.com/groceries/en-GB/shop/frozen-food/all?department=Frozen%20Vegetarian%20%26%20Vegan&viewAll=department&page=,£1.60,£4.00/kg,,,/groceries/en-GB/products/305974843,https://digitalcontent.api.tesco.com/v2/media/ghs/20952852-c75a-4267-bf62-ad26755a1250/4cde017a-7033-430a-8be9-3f2e4fc5aeb4.jpeg?h=225&w=225,
310676676,Birds Eye Green Cuisine Chicken-Free Dippers 220G,https://www.tesco.com/groceries/en-GB/shop/frozen-food/all?department=Frozen%20Vegetarian%20%26%20Vegan&viewAll=department&page=,£2.00,£9.10/kg,£1.50 Clubcard Price,,/groceries/en-GB/products/310676676,https://digitalcontent.api.tesco.com/v2/media/ghs/73add3e2-37e4-499c-ad14-7ca233023da1/ac98fff8-592c-4c61-ace5-b174c6ec7b13.jpeg?h=225&w=225,
305437535,Tesco Plant Chef 16 Vegetable Fingers 448G,https://www.tesco.com/groceries/en-GB/shop/frozen-food/all?department=Frozen%20Vegetarian%20%26%20Vegan&viewAll=department&page=,£1.75,£0.39/100g,,,/groceries/en-GB/products/305437535,https://digitalcontent.api.tesco.com/v2/media/ghs/d950a6b6-52b5-4d8f-aaf1-3438b2599358/160d86d7-5f68-49b8-bef4-b7a6004daaf9.jpeg?h=225&w=225,
311427786,Zizzi Vegan Jackfruit Pepperoni Pizza 400G,https://www.tesco.com/groceries/en-GB/shop/frozen-food/all?department=Frozen%20Vegetarian%20%26%20Vegan&viewAll=department&page=,£4.00,£10.00/kg,,,/groceries/en-GB/products/311427786,https://digitalcontent.api.tesco.com/v2/media/ghs/90236a0f-77d4-4d19-b458-7f862097c29c/ae8646ae-0bb2-4695-86d4-e28856419037.jpeg?h=225&w=225,
304392732,Chicago Town Vegan Crust Pizza Bbq Jackfruit 490G,https://www.tesco.com/groceries/en-GB/shop/frozen-food/all?department=Frozen%20Vegetarian%20%26%20Vegan&viewAll=department&page=,£4.00,£8.17/kg,,,/groceries/en-GB/products/304392732,https://digitalcontent.api.tesco.com/v2/media/ghs/0638f188-30e9-419e-b6ac-441a027acd6c/8390cd3c-bc7a-4c11-b5bf-46f865b93c49.jpeg?h=225&w=225,
308114262,Chicago Town Vegan Stuffed Crust Bacn Mushroom Pizza 500G,https://www.tesco.com/groceries/en-GB/shop/frozen-food/all?department=Frozen%20Vegetarian%20%26%20Vegan&viewAll=department&page=,£4.00,£8.00/kg,,,/groceries/en-GB/products/308114262,https://digitalcontent.api.tesco.com/v2/media/ghs/478f2190-54a0-4c9f-b876-dc2b4035b708/2ce08af1-4ab6-4e12-a0bc-8e9a925013fe.jpeg?h=225&w=225,
310156474,Birds Eye Green Cuisine 22 Dippers Chicken Free 403G,https://www.tesco.com/groceries/en-GB/shop/frozen-food/all?department=Frozen%20Vegetarian%20%26%20Vegan&viewAll=department&page=,£4.00,£9.93/kg,,,/groceries/en-GB/products/310156474,https://digitalcontent.api.tesco.com/v2/media/ghs/8f8a32e2-d25f-4d06-a8ff-0f576a0302a7/718eacec-0225-4569-bdeb-4c8bae187ce2.jpeg?h=225&w=225,
308103776,Chicago Town Deep Dish Cheezeburger Vegan Pizza 2X166g,https://www.tesco.com/groceries/en-GB/shop/frozen-food/all?department=Frozen%20Vegetarian%20%26%20Vegan&viewAll=department&page=,£3.00,£9.04/kg,,,/groceries/en-GB/products/308103776,https://digitalcontent.api.tesco.com/v2/media/ghs/5c132c85-c531-4f55-9742-0b2d265a0d90/d38ebcdd-9ee9-4c27-a020-909ec1afd0db.jpeg?h=225&w=225,
310189057,Beyond Meatballs 200G,https://www.tesco.com/groceries/en-GB/shop/frozen-food/all?department=Frozen%20Vegetarian%20%26%20Vegan&viewAll=department&page=,£4.00,£20.00/kg,,,/groceries/en-GB/products/310189057,https://digitalcontent.api.tesco.com/v2/media/ghs/0799584c-7879-4434-9eb3-22470dd60cba/e2673ef2-5673-43fe-ba7c-ac655a23b03f.jpeg?h=225&w=225,
310107084,Quorn Vegetarian Ham Roast 400G,https://www.tesco.com/groceries/en-GB/shop/frozen-food/all?department=Frozen%20Vegetarian%20%26%20Vegan&viewAll=department&page=,£3.75,£9.38/kg,,,/groceries/en-GB/products/310107084,https://digitalcontent.api.tesco.com/v2/media/ghs/179b7ecf-039e-40d8-a755-022db617bc09/0a12a83b-74e4-4cdf-9b95-6ef17c1cc1fb.jpeg?h=225&w=225,
310164654,Quorn Vegetarian Beef Roast 400G,https://www.tesco.com/groceries/en-GB/shop/frozen-food/all?department=Frozen%20Vegetarian%20%26%20Vegan&viewAll=department&page=,£3.75,£9.38/kg,,,/groceries/en-GB/products/310164654,https://digitalcontent.api.tesco.com/v2/media/ghs/f47223a9-e9a9-420b-bddd-eec1ee4b8a69/32ab3884-7bd3-4495-8827-f8ea6845f789.jpeg?h=225&w=225,
307364859,Strong Roots The Pumpkin & Spinach Burger 300G,https://www.tesco.com/groceries/en-GB/shop/frozen-food/all?department=Frozen%20Vegetarian%20%26%20Vegan&viewAll=department&page=,£3.30,£11.00/kg,,,/groceries/en-GB/products/307364859,https://digitalcontent.api.tesco.com/v2/media/ghs/aadb73be-1e91-4829-ba17-6fc58fcb9f46/48ea0960-2bbe-4ba3-a2cc-e5a5dddeefd4.jpeg?h=225&w=225,
304789880,Fry's Meat Free 4 Chicken Style Burger 320G,https://www.tesco.com/groceries/en-GB/shop/frozen-food/all?department=Frozen%20Vegetarian%20%26%20Vegan&viewAll=department&page=,£2.90,£9.07/kg,,,/groceries/en-GB/products/304789880,https://digitalcontent.api.tesco.com/v2/media/ghs/47081c24-08e6-4697-a820-79307bdf57d5/d052fa2d-4672-4f78-a701-a71c0bc68bea.jpeg?h=225&w=225,
308451569,Pret A Manger Plain Vegan Croissants 360G,https://www.tesco.com/groceries/en-GB/shop/frozen-food/all?department=Frozen%20Vegetarian%20%26%20Vegan&viewAll=department&page=,£3.40,£0.94/100g,,,/groceries/en-GB/products/308451569,https://digitalcontent.api.tesco.com/v2/media/ghs/fc70f493-7639-4d82-ac50-bec72ece098d/9b573337-af18-4da8-be25-7c7bd360cf42.jpeg?h=225&w=225,
293795249,Quorn Patties 168G,https://www.tesco.com/groceries/en-GB/shop/frozen-food/all?department=Frozen%20Vegetarian%20%26%20Vegan&viewAll=department&page=,£2.50,£1.49/100g,,,/groceries/en-GB/products/293795249,https://digitalcontent.api.tesco.com/v2/media/ghs/53ddf92b-d5fc-4f86-b8ff-2324de05398b/13381df4-11c0-4e3f-8c39-f2807e157b27.jpeg?h=225&w=225,
307349446,Strong Roots Spinach Bites 308G,https://www.tesco.com/groceries/en-GB/shop/frozen-food/all?department=Frozen%20Vegetarian%20%26%20Vegan&viewAll=department&page=,£3.30,£10.72/kg,,,/groceries/en-GB/products/307349446,https://digitalcontent.api.tesco.com/v2/media/ghs/5d186d30-29a1-4c21-9e17-363491aeeade/eb871fdd-91b3-47a1-b5b2-c1a4e0dc599b.jpeg?h=225&w=225,
312208226,Itsu Umami Meatballs & Hoisin Glaze 261G,https://www.tesco.com/groceries/en-GB/shop/frozen-food/all?department=Frozen%20Vegetarian%20%26%20Vegan&viewAll=department&page=,£4.25,£1.63/100g,,,/groceries/en-GB/products/312208226,https://digitalcontent.api.tesco.com/v2/media/ghs/84cca658-bcbc-4eef-a5e1-c1fb81804df2/adbab971-7a3b-4388-b3a8-e34bb2c94f19_1718971156.jpeg?h=225&w=225,
311435459,The Vegetarian Butcher Patty On The Back Burger 226G,https://www.tesco.com/groceries/en-GB/shop/frozen-food/all?department=Frozen%20Vegetarian%20%26%20Vegan&viewAll=department&page=,£2.80,£12.39/kg,,,/groceries/en-GB/products/311435459,https://digitalcontent.api.tesco.com/v2/media/ghs/f9945bea-d697-4377-8579-8c5f876d3181/8b7114aa-2d36-4204-bd38-5be58d5417c3.jpeg?h=225&w=225,
310677652,Magnum Mini Vegan Classic Vanilla & Almond 6 Pack 330Ml,https://www.tesco.com/groceries/en-GB/shop/frozen-food/all?department=Frozen%20Vegetarian%20%26%20Vegan&viewAll=department&page=,£3.50,£1.07/100ml,£3.00 Clubcard Price,,/groceries/en-GB/products/310677652,https://digitalcontent.api.tesco.com/v2/media/ghs/db3ceb19-7d1e-41b1-8daa-945215fac5b8/f4a231bc-26d7-4d92-a22d-842404febc2d.jpeg?h=225&w=225,
312716736,Mighty Double Choc Pretzel Plant-Based Ice Cream 460Ml,https://www.tesco.com/groceries/en-GB/shop/frozen-food/all?department=Frozen%20Vegetarian%20%26%20Vegan&viewAll=department&page=,£4.50,£0.98/100ml,£3.00 Clubcard Price,,/groceries/en-GB/products/312716736,https://digitalcontent.api.tesco.com/v2/media/ghs/c112c738-9334-4851-81aa-1be6c5bf37bc/3b3f9c85-cc99-4ef7-b3aa-d3a25a0971e8_1873465239.jpeg?h=225&w=225,
310650827,Oumph! The Spiced Kebab 280G,https://www.tesco.com/groceries/en-GB/shop/frozen-food/all?department=Frozen%20Vegetarian%20%26%20Vegan&viewAll=department&page=,£3.50,£12.50/kg,£2.50 Clubcard Price,,/groceries/en-GB/products/310650827,https://digitalcontent.api.tesco.com/v2/media/ghs/3fbff621-124e-4356-b134-63cc3c17a15d/97b3c9c4-c212-4a41-98fa-8d153132b41e.jpeg?h=225&w=225,
309742714,Oumph! Plant-Based Kebab Doner Style 280G,https://www.tesco.com/groceries/en-GB/shop/frozen-food/all?department=Frozen%20Vegetarian%20%26%20Vegan&viewAll=department&page=,£3.50,£12.50/kg,£2.50 Clubcard Price,,/groceries/en-GB/products/309742714,https://digitalcontent.api.tesco.com/v2/media/ghs/3d55ff7d-6878-48b2-b05f-ba1291f78a1f/aeb0778a-0521-4cb4-b1fd-a68a1bb1dfac.jpeg?h=225&w=225,
312558646,Mighty Salted Caramel Brownie Plant-Based Ice Cream 460Ml,https://www.tesco.com/groceries/en-GB/shop/frozen-food/all?department=Frozen%20Vegetarian%20%26%20Vegan&viewAll=department&page=,£4.50,£0.98/100ml,£3.00 Clubcard Price,,/groceries/en-GB/products/312558646,https://digitalcontent.api.tesco.com/v2/media/ghs/0ac4612a-45dc-4b6e-a28a-e9b5fe8f7004/72033ab2-0a96-418b-9003-c363aea60ba1_1070562549.jpeg?h=225&w=225,
310696813,The Tofoo Co. Straight To Wok Ginger & Chilli 280G,https://www.tesco.com/groceries/en-GB/shop/frozen-food/all?department=Frozen%20Vegetarian%20%26%20Vegan&viewAll=department&page=,£3.00,£10.72/kg,,,/groceries/en-GB/products/310696813,https://digitalcontent.api.tesco.com/v2/media/ghs/7eb74a34-754a-4135-b95b-6d6fdcc47b18/14795a17-d839-4f39-a093-089fa0c52125.jpeg?h=225&w=225,
311265723,Strong Roots Crispy Veg. Nuggets 300G,https://www.tesco.com/groceries/en-GB/shop/frozen-food/all?department=Frozen%20Vegetarian%20%26%20Vegan&viewAll=department&page=,£3.30,£11.00/kg,,,/groceries/en-GB/products/311265723,https://digitalcontent.api.tesco.com/v2/media/ghs/09859645-6c53-40c4-935c-0e18628097e4/5b6e3a3e-492b-4920-8529-89ad880dfadf.jpeg?h=225&w=225,
307359958,Strong Roots The Kale & Quinoa Burger 300G,https://www.tesco.com/groceries/en-GB/shop/frozen-food/all?department=Frozen%20Vegetarian%20%26%20Vegan&viewAll=department&page=,£3.30,£11.00/kg,,,/groceries/en-GB/products/307359958,https://digitalcontent.api.tesco.com/v2/media/ghs/2e3576fc-c193-40d6-89b8-ae30a4931331/ab614534-4719-448c-9db6-668c56bd9760.jpeg?h=225&w=225,
313011877,Gosh! Sweet Potato Bites 308G,https://www.tesco.com/groceries/en-GB/shop/frozen-food/all?department=Frozen%20Vegetarian%20%26%20Vegan&viewAll=department&page=,£2.50,£8.12/kg,£2.00 Clubcard Price,,/groceries/en-GB/products/313011877,https://digitalcontent.api.tesco.com/v2/media/ghs/fe7dca74-476d-47cb-b3b8-d280adfa1a06/daaa549e-5dce-4c93-88bf-1114b0369fb9.jpeg?h=225&w=225,
308844250,Wicked Kitchen Korean Inspired Bowl & Beyond Meat 400G,https://www.tesco.com/groceries/en-GB/shop/frozen-food/all?department=Frozen%20Vegetarian%20%26%20Vegan&viewAll=department&page=,£2.75,£6.88/kg,,,/groceries/en-GB/products/308844250,https://digitalcontent.api.tesco.com/v2/media/ghs/8cf61bfb-50c6-463c-a918-f0f35739b415/6d417723-e02f-4ef5-956a-172234af18cc.jpeg?h=225&w=225,
311807596,The Vegetarian Butcher Vegan Little Peckers Nuggets 300G,https://www.tesco.com/groceries/en-GB/shop/frozen-food/all?department=Frozen%20Vegetarian%20%26%20Vegan&viewAll=department&page=,£2.25,£7.50/kg,,,/groceries/en-GB/products/311807596,https://digitalcontent.api.tesco.com/v2/media/ghs/9cd05aa3-0d2f-416e-96b3-c2f949284557/649a11b0-9c81-4a52-bf8f-1b7069008095.jpeg?h=225&w=225,
311788571,Fry's Plant-Based Popcorn Chick'n 300G,https://www.tesco.com/groceries/en-GB/shop/frozen-food/all?department=Frozen%20Vegetarian%20%26%20Vegan&viewAll=department&page=,£3.00,£10.00/kg,,,/groceries/en-GB/products/311788571,https://digitalcontent.api.tesco.com/v2/media/ghs/4de08292-6960-4d9f-84ad-d8ccadbf6ea6/d723b435-a3ef-4be6-9b32-5934c535fad8.jpeg?h=225&w=225,
308842684,Wicked Kitchen Bangin Biryani Plus Beyond Meat 400G,https://www.tesco.com/groceries/en-GB/shop/frozen-food/all?department=Frozen%20Vegetarian%20%26%20Vegan&viewAll=department&page=,£2.75,£6.88/kg,,,/groceries/en-GB/products/308842684,https://digitalcontent.api.tesco.com/v2/media/ghs/ca35eff5-3200-4256-87e9-d379a66c4245/bdc71412-d221-46a8-ab61-0843d29bfefd.jpeg?h=225&w=225,
311945760,Kirsty's Veggie Pot Pie 300G,https://www.tesco.com/groceries/en-GB/shop/frozen-food/all?department=Frozen%20Vegetarian%20%26%20Vegan&viewAll=department&page=,£2.80,£9.34/kg,£1.70 Clubcard Price,,/groceries/en-GB/products/311945760,https://digitalcontent.api.tesco.com/v2/media/ghs/88497701-91f2-4b3f-b221-a85b32cf738f/8af378cb-9c8d-44f9-99b1-191866564698.jpeg?h=225&w=225,
308865645,Wicked Kitchen Peng Penang Tofu Curry 400G,https://www.tesco.com/groceries/en-GB/shop/frozen-food/all?department=Frozen%20Vegetarian%20%26%20Vegan&viewAll=department&page=,£2.75,£0.69/100g,,,/groceries/en-GB/products/308865645,https://digitalcontent.api.tesco.com/v2/media/ghs/333befda-c888-46f9-89b4-9b487de4ab49/5e2dabce-cb9a-41f8-8267-abd86c45a63f.jpeg?h=225&w=225,
308087097,The Tofoo Co. Crispy Original Bites 280G,https://www.tesco.com/groceries/en-GB/shop/frozen-food/all?department=Frozen%20Vegetarian%20%26%20Vegan&viewAll=department&page=,£2.00,£7.15/kg,,,/groceries/en-GB/products/308087097,https://digitalcontent.api.tesco.com/v2/media/ghs/7cf14348-8b52-4a4b-a85c-f05243675a7d/d17ea1b7-f2f9-4088-b9a3-1444bcd85d50.jpeg?h=225&w=225,
308105457,The Tofoo Co. Crispy Spicy Bites 280G,https://www.tesco.com/groceries/en-GB/shop/frozen-food/all?department=Frozen%20Vegetarian%20%26%20Vegan&viewAll=department&page=,£2.00,£7.15/kg,,,/groceries/en-GB/products/308105457,https://digitalcontent.api.tesco.com/v2/media/ghs/ff314f8e-0ee9-4678-9088-e6b4757dd926/bd0e0987-3b2f-4aa7-a142-58f361dd5efc.jpeg?h=225&w=225,
310093910,Dopsu No Beef Pieces 280G,https://www.tesco.com/groceries/en-GB/shop/frozen-food/all?department=Frozen%20Vegetarian%20%26%20Vegan&viewAll=department&page=,£2.00,£7.15/kg,,,/groceries/en-GB/products/310093910,https://digitalcontent.api.tesco.com/v2/media/ghs/900cece0-556c-40fa-ab93-e1991900f95f/8206300a-b018-4875-9f78-11ef49ba6493_1924132697.jpeg?h=225&w=225,
312208635,Tesco Plant Chef 8 Fish Free Bites & Chips 310G,https://www.tesco.com/groceries/en-GB/shop/frozen-food/all?department=Frozen%20Vegetarian%20%26%20Vegan&viewAll=department&page=,£3.50,£1.13/100g,Any 3 for £6 Clubcard Price - Selected Tesco Frozen Party Food 120g - 564g,,/groceries/en-GB/products/312208635,https://digitalcontent.api.tesco.com/v2/media/ghs/057e4ac7-4f37-436e-aca1-ca3899da8806/ec4c8abe-5d86-4e6d-b941-93361826389e_582835707.jpeg?h=225&w=225,
308470668,Birds Eye Green Cuisine Chicken Free Southern Fried Grills X2 180G,https://www.tesco.com/groceries/en-GB/shop/frozen-food/all?department=Frozen%20Vegetarian%20%26%20Vegan&viewAll=department&page=,£2.25,£12.50/kg,£1.50 Clubcard Price,,/groceries/en-GB/products/308470668,https://digitalcontent.api.tesco.com/v2/media/ghs/191b8959-5140-4a8b-9f49-1bba027c9462/c5f37fe3-6b2e-4e10-9e63-115396a25bf0.jpeg?h=225&w=225,
309188448,Birds Eye Green Cuisine 2 Chicken Free Burgers 200G,https://www.tesco.com/groceries/en-GB/shop/frozen-food/all?department=Frozen%20Vegetarian%20%26%20Vegan&viewAll=department&page=,£2.00,£10.00/kg,£1.50 Clubcard Price,,/groceries/en-GB/products/309188448,https://digitalcontent.api.tesco.com/v2/media/ghs/6fd90034-130a-4497-8e19-14d991fb7d68/1d16c9c4-0f1f-4cca-ac55-768748d8e0a8.jpeg?h=225&w=225,
307349671,Itsu Teriyaki Chick'n Vegan Gyoza 240G,https://www.tesco.com/groceries/en-GB/shop/frozen-food/all?department=Frozen%20Vegetarian%20%26%20Vegan&viewAll=department&page=,£3.95,£16.46/kg,,,/groceries/en-GB/products/307349671,https://digitalcontent.api.tesco.com/v2/media/ghs/875fd561-4296-4a26-baf8-a9a747504d3c/43d3a370-d95b-4514-82d9-fa23f76f0c77.jpeg?h=225&w=225,
310698287,Carte D'or Madagascan Vanilla Ice Cream 900Ml,https://www.tesco.com/groceries/en-GB/shop/frozen-food/all?department=Ice%20Cream%2C%20Ice%20Lollies%20%26%20Frozen%20Desserts&viewAll=department&page=,£3.75,£0.42/100ml,,,/groceries/en-GB/products/310698287,https://digitalcontent.api.tesco.com/v2/media/ghs/5933db78-afe1-4042-8410-35fd4fefabcf/a44582a4-c8f7-41f3-9501-b08105100923.jpeg?h=225&w=225,
310670164,Carte D'or Rich Salted Caramel Ice Cream 900Ml,https://www.tesco.com/groceries/en-GB/shop/frozen-food/all?department=Ice%20Cream%2C%20Ice%20Lollies%20%26%20Frozen%20Desserts&viewAll=department&page=,£3.75,£0.42/100ml,,,/groceries/en-GB/products/310670164,https://digitalcontent.api.tesco.com/v2/media/ghs/279f1ba9-c913-42f9-b562-9110e4875e4c/c46efa6d-0805-45d2-bf1d-cb60cd1c209f.jpeg?h=225&w=225,
310179078,Magnum Classic 4X100ml,https://www.tesco.com/groceries/en-GB/shop/frozen-food/all?department=Ice%20Cream%2C%20Ice%20Lollies%20%26%20Frozen%20Desserts&viewAll=department&page=,£3.50,£0.88/100ml,,,/groceries/en-GB/products/310179078,https://digitalcontent.api.tesco.com/v2/media/ghs/d41a3cb2-7499-44a7-bcab-a12bdd240bfa/e3315724-be0c-4cd4-aa10-1fe0771cdadd.jpeg?h=225&w=225,
310657774,Magnum White Chocolate Ice Cream 4 X 100Ml,https://www.tesco.com/groceries/en-GB/shop/frozen-food/all?department=Ice%20Cream%2C%20Ice%20Lollies%20%26%20Frozen%20Desserts&viewAll=department&page=,£3.50,£0.88/100ml,,,/groceries/en-GB/products/310657774,https://digitalcontent.api.tesco.com/v2/media/ghs/063cebfd-5e57-4679-a17c-d742bb31c238/dce12dab-4f48-4b54-9e9b-6d81bcda6553.jpeg?h=225&w=225,
291758827,Magnum Almond Ice Cream 4 X 100Ml,https://www.tesco.com/groceries/en-GB/shop/frozen-food/all?department=Ice%20Cream%2C%20Ice%20Lollies%20%26%20Frozen%20Desserts&viewAll=department&page=,£3.50,£0.88/100ml,,,/groceries/en-GB/products/291758827,https://digitalcontent.api.tesco.com/v2/media/ghs/e17ce102-b3b9-4346-b448-d6ca16873a68/eabc98ad-4821-40cb-91d5-bdd9adc59cf1.jpeg?h=225&w=225,
297860569,Magnum Salted Caramel Ice Cream 4X100ml,https://www.tesco.com/groceries/en-GB/shop/frozen-food/all?department=Ice%20Cream%2C%20Ice%20Lollies%20%26%20Frozen%20Desserts&viewAll=department&page=,£3.50,£0.88/100ml,,,/groceries/en-GB/products/297860569,https://digitalcontent.api.tesco.com/v2/media/ghs/db852c7b-3ea9-4004-9a13-e9f26b612b97/5908f561-bb85-4b4d-8580-a6d3c9fe9ed2.jpeg?h=225&w=225,
282797039,Snickers Ice Cream 4 Pack 212Ml,https://www.tesco.com/groceries/en-GB/shop/frozen-food/all?department=Ice%20Cream%2C%20Ice%20Lollies%20%26%20Frozen%20Desserts&viewAll=department&page=,£2.50,£1.18/100ml,,,/groceries/en-GB/products/282797039,https://digitalcontent.api.tesco.com/v2/media/ghs/83912fdd-406a-464f-a446-8ee93290d61f/bb9c5c44-c7bc-42dd-8ce7-1509a39afa35.jpeg?h=225&w=225,
299947614,Magnum Mini Classic Ice Cream 6 X 55Ml,https://www.tesco.com/groceries/en-GB/shop/frozen-food/all?department=Ice%20Cream%2C%20Ice%20Lollies%20%26%20Frozen%20Desserts&viewAll=department&page=,£4.00,£1.22/100ml,£3.00 Clubcard Price,,/groceries/en-GB/products/299947614,https://digitalcontent.api.tesco.com/v2/media/ghs/940123f5-1862-474b-a05b-55fc3b8af172/2e881dfc-f96a-4853-818b-8d6b11774085.jpeg?h=225&w=225,
293795422,Cadbury Dairy Milk Stick 4X100ml,https://www.tesco.com/groceries/en-GB/shop/frozen-food/all?department=Ice%20Cream%2C%20Ice%20Lollies%20%26%20Frozen%20Desserts&viewAll=department&page=,£3.25,£0.81/100ml,,,/groceries/en-GB/products/293795422,https://digitalcontent.api.tesco.com/v2/media/ghs/9fa90b3e-a4da-4f65-821d-5469745e5e75/4f2f0cf3-a78b-4c6f-9c91-83950f92b6ab.jpeg?h=225&w=225,
282796985,Mars Ice Cream 4 X 51G,https://www.tesco.com/groceries/en-GB/shop/frozen-food/all?department=Ice%20Cream%2C%20Ice%20Lollies%20%26%20Frozen%20Desserts&viewAll=department&page=,£2.50,£1.23/100ml,,,/groceries/en-GB/products/282796985,https://digitalcontent.api.tesco.com/v2/media/ghs/d8995b18-5873-4009-9d66-26b674921e19/0693e68f-d739-4ed1-8459-80c560ff53a0.jpeg?h=225&w=225,
303066591,Feast Chocolate Ice Cream 4 X 90Ml,https://www.tesco.com/groceries/en-GB/shop/frozen-food/all?department=Ice%20Cream%2C%20Ice%20Lollies%20%26%20Frozen%20Desserts&viewAll=department&page=,£2.50,£0.70/100ml,,,/groceries/en-GB/products/303066591,https://digitalcontent.api.tesco.com/v2/media/ghs/899e9725-85e7-4e71-a661-d2455fed0b66/67121d2d-559a-45ff-9865-d5ce0ad0f94b.jpeg?h=225&w=225,
286782718,Tesco Mini Chocolate Ice Creams 8 X 50Ml,https://www.tesco.com/groceries/en-GB/shop/frozen-food/all?department=Ice%20Cream%2C%20Ice%20Lollies%20%26%20Frozen%20Desserts&viewAll=department&page=,£2.40,£0.60/100ml,,,/groceries/en-GB/products/286782718,https://digitalcontent.api.tesco.com/v2/media/ghs/2043e710-118a-4a8e-8d93-1186be08afef/8cb26a46-6657-4102-a773-d576f5b4229c.jpeg?h=225&w=225,
277006351,Tesco Vanilla Ice Cream 900Ml,https://www.tesco.com/groceries/en-GB/shop/frozen-food/all?department=Ice%20Cream%2C%20Ice%20Lollies%20%26%20Frozen%20Desserts&viewAll=department&page=,£2.00,£0.22/100ml,,,/groceries/en-GB/products/277006351,https://digitalcontent.api.tesco.com/v2/media/ghs/d294f828-4f96-4d5a-82fc-5b8769819333/7858621b-1334-47e1-894f-17b25f8a8f9f.jpeg?h=225&w=225,
295228677,Swedish Glace Vanilla Non Dairy Frozen Dessert 750Ml,https://www.tesco.com/groceries/en-GB/shop/frozen-food/all?department=Ice%20Cream%2C%20Ice%20Lollies%20%26%20Frozen%20Desserts&viewAll=department&page=,£2.50,£0.33/100ml,,,/groceries/en-GB/products/295228677,https://digitalcontent.api.tesco.com/v2/media/ghs/45791e04-cecd-4c22-bf3c-707999157e8d/7ce103af-6ffc-44f3-a1d6-4bb6238f4aa5.jpeg?h=225&w=225,
282665372,Tesco Triple Chocolate Ice Cream 900Ml Promotion,https://www.tesco.com/groceries/en-GB/shop/frozen-food/all?department=Ice%20Cream%2C%20Ice%20Lollies%20%26%20Frozen%20Desserts&viewAll=department&page=,£2.00,£0.22/100ml,,,/groceries/en-GB/products/282665372,https://digitalcontent.api.tesco.com/v2/media/ghs/9db1e5ef-2609-4a26-a11d-67e54dca14bc/ea9fabf6-20eb-4929-9895-7863cb5cdcb3.jpeg?h=225&w=225,
254752129,Tesco Apple Strudel 600G,https://www.tesco.com/groceries/en-GB/shop/frozen-food/all?department=Ice%20Cream%2C%20Ice%20Lollies%20%26%20Frozen%20Desserts&viewAll=department&page=,£1.90,£0.32/100g,,,/groceries/en-GB/products/254752129,https://digitalcontent.api.tesco.com/v2/media/ghs/411c81c7-4dda-4e6c-b99f-0a4173ab6888/55fb2300-97ca-421a-9a97-9c8049165036.jpeg?h=225&w=225,
287129858,Nestle Fab Strawberry Ice Lollies 6 X 58Ml,https://www.tesco.com/groceries/en-GB/shop/frozen-food/all?department=Ice%20Cream%2C%20Ice%20Lollies%20%26%20Frozen%20Desserts&viewAll=department&page=,,,,,/groceries/en-GB/products/287129858,https://digitalcontent.api.tesco.com/v2/media/ghs/cdef7abd-aa41-4ca2-b1d8-ac8c398c5120/27041b21-471b-4d0b-af6c-45ea2d77dd5d.jpeg?h=225&w=225,This product's currently out of stock
272638463,Walls Soft Scoop Vanilla 1800Ml,https://www.tesco.com/groceries/en-GB/shop/frozen-food/all?department=Ice%20Cream%2C%20Ice%20Lollies%20%26%20Frozen%20Desserts&viewAll=department&page=,£2.50,£0.14/100ml,,,/groceries/en-GB/products/272638463,https://digitalcontent.api.tesco.com/v2/media/ghs/4b4b9fd3-f11c-43f2-8f99-d4cebd7bc25e/ecfc2eff-73b0-4be0-a51e-314ad605e5e5.jpeg?h=225&w=225,
254353778,Rowntrees Fruit Pastilles Lollies 4X65ml,https://www.tesco.com/groceries/en-GB/shop/frozen-food/all?department=Ice%20Cream%2C%20Ice%20Lollies%20%26%20Frozen%20Desserts&viewAll=department&page=,£2.00,£0.77/100ml,,,/groceries/en-GB/products/254353778,https://digitalcontent.api.tesco.com/v2/media/ghs/c8f1143b-cb72-481c-a349-5efa193f6db9/5919dccf-7461-451d-a412-4ea64108e31c.jpeg?h=225&w=225,
308084371,Kelly's Cornish Clotted Cream Ice Cream 950Ml,https://www.tesco.com/groceries/en-GB/shop/frozen-food/all?department=Ice%20Cream%2C%20Ice%20Lollies%20%26%20Frozen%20Desserts&viewAll=department&page=,£3.50,£0.37/100ml,£2.50 Clubcard Price,,/groceries/en-GB/products/308084371,https://digitalcontent.api.tesco.com/v2/media/ghs/ecc9fdab-7327-41dd-9ecd-520702553798/5def22ce-593a-4eda-86f1-e4aa814291a1.jpeg?h=225&w=225,
291971159,Solero Exotic Ice Cream 3 X 90Ml,https://www.tesco.com/groceries/en-GB/shop/frozen-food/all?department=Ice%20Cream%2C%20Ice%20Lollies%20%26%20Frozen%20Desserts&viewAll=department&page=,£2.40,£0.89/100ml,,,/groceries/en-GB/products/291971159,https://digitalcontent.api.tesco.com/v2/media/ghs/0c499328-764f-4f65-b312-fb048adfa71f/45aaa5ba-e350-402f-b3d9-46f4b48214c1.jpeg?h=225&w=225,
303067716,Cornetto Classic Ice Cream Cones 6X90ml,https://www.tesco.com/groceries/en-GB/shop/frozen-food/all?department=Ice%20Cream%2C%20Ice%20Lollies%20%26%20Frozen%20Desserts&viewAll=department&page=,£2.50,£0.46/100ml,,,/groceries/en-GB/products/303067716,https://digitalcontent.api.tesco.com/v2/media/ghs/7f6d7175-49e4-4521-b524-89b019d928e5/d2da49c2-85f6-4230-9715-bca8e6783784.jpeg?h=225&w=225,
255162682,Twister Mini Ice Cream Lolly 8 X 50Ml,https://www.tesco.com/groceries/en-GB/shop/frozen-food/all?department=Ice%20Cream%2C%20Ice%20Lollies%20%26%20Frozen%20Desserts&viewAll=department&page=,£2.20,£0.55/100ml,,,/groceries/en-GB/products/255162682,https://digitalcontent.api.tesco.com/v2/media/ghs/d419ce5b-8d2b-45cd-856e-0923de5187e0/900107fc-a414-481b-9a38-fae56eb5cef2.jpeg?h=225&w=225,
303067048,Cornetto Strawberry Ice Cream Cones 6 X 90Ml,https://www.tesco.com/groceries/en-GB/shop/frozen-food/all?department=Ice%20Cream%2C%20Ice%20Lollies%20%26%20Frozen%20Desserts&viewAll=department&page=,£2.50,£0.46/100ml,,,/groceries/en-GB/products/303067048,,
256844732,Tesco Cornish Ice Cream 2 Litres,https://www.tesco.com/groceries/en-GB/shop/frozen-food/all?department=Ice%20Cream%2C%20Ice%20Lollies%20%26%20Frozen%20Desserts&viewAll=department&page=,£3.00,£0.15/100ml,,,/groceries/en-GB/products/256844732,https://digitalcontent.api.tesco.com/v2/media/ghs/409569a5-ea60-4b73-9a15-daf9c524dacc/3a8566a5-d90c-4b3d-b1c9-b24d9d0f823e.jpeg?h=225&w=225,
260122786,Walls Calippo Mini Orange Lemon & Lime 6 X 80Ml,https://www.tesco.com/groceries/en-GB/shop/frozen-food/all?department=Ice%20Cream%2C%20Ice%20Lollies%20%26%20Frozen%20Desserts&viewAll=department&page=,£2.20,£0.46/100ml,,,/groceries/en-GB/products/260122786,https://digitalcontent.api.tesco.com/v2/media/ghs/a8fa1d0a-3225-4d39-95b0-e13ea0bf7f1b/db8899ef-4186-434d-b303-750979e02abd.jpeg?h=225&w=225,
303068272,Tesco Chocolate & Caramel Ice Cream Sticks 3X110ml,https://www.tesco.com/groceries/en-GB/shop/frozen-food/all?department=Ice%20Cream%2C%20Ice%20Lollies%20%26%20Frozen%20Desserts&viewAll=department&page=,£1.20,£0.36/100ml,,,/groceries/en-GB/products/303068272,https://digitalcontent.api.tesco.com/v2/media/ghs/3cd4e158-6880-449b-beaf-e2a242411c48/070b0076-4070-4876-a6bb-3dc3e18aa22d.jpeg?h=225&w=225,
303067941,Tesco Milk Chocolate Ice Cream 3X110ml,https://www.tesco.com/groceries/en-GB/shop/frozen-food/all?department=Ice%20Cream%2C%20Ice%20Lollies%20%26%20Frozen%20Desserts&viewAll=department&page=,,,,,/groceries/en-GB/products/303067941,https://digitalcontent.api.tesco.com/v2/media/ghs/c811b517-abce-42e8-9cd8-6561816e7c8d/14b63a76-b145-47fa-803b-00262f08d588.jpeg?h=225&w=225,This product's currently out of stock
294995967,Tesco Tropical Ice Creams 3 X100ml,https://www.tesco.com/groceries/en-GB/shop/frozen-food/all?department=Ice%20Cream%2C%20Ice%20Lollies%20%26%20Frozen%20Desserts&viewAll=department&page=,,,,,/groceries/en-GB/products/294995967,https://digitalcontent.api.tesco.com/v2/media/ghs/a7a695be-f88e-4b99-a24e-d17f4b320e3f/cea660b7-0e7d-4bfe-86e9-8628f423bf77.jpeg?h=225&w=225,This product's currently out of stock
303067964,Tesco Chocolate White Sticks 3X110ml,https://www.tesco.com/groceries/en-GB/shop/frozen-food/all?department=Ice%20Cream%2C%20Ice%20Lollies%20%26%20Frozen%20Desserts&viewAll=department&page=,£1.20,£0.36/100ml,,,/groceries/en-GB/products/303067964,https://digitalcontent.api.tesco.com/v2/media/ghs/11bc7929-9315-45f0-994b-1f5b0afe8ea5/56e0948b-a97f-4cba-90ed-9f1af0ba18fb.jpeg?h=225&w=225,
251391606,Viennetta Vanilla Ice Cream Dessert 650Ml,https://www.tesco.com/groceries/en-GB/shop/frozen-food/all?department=Ice%20Cream%2C%20Ice%20Lollies%20%26%20Frozen%20Desserts&viewAll=department&page=,£1.65,£0.25/100ml,£1.50 Clubcard Price,,/groceries/en-GB/products/251391606,https://digitalcontent.api.tesco.com/v2/media/ghs/5898a6d4-511a-4217-ace7-cea4dee566c1/96d06a18-28e3-4689-97fc-3cf0696a5f40.jpeg?h=225&w=225,
303068295,Tesco Chocolate & Almond Sticks 3X110ml,https://www.tesco.com/groceries/en-GB/shop/frozen-food/all?department=Ice%20Cream%2C%20Ice%20Lollies%20%26%20Frozen%20Desserts&viewAll=department&page=,£1.20,£0.36/100ml,,,/groceries/en-GB/products/303068295,https://digitalcontent.api.tesco.com/v2/media/ghs/8c48bfed-b77a-4d2f-861f-080b5569064a/36f6d011-148d-422d-b866-6c7ed6fbeadc.jpeg?h=225&w=225,
305830835,Tesco Salted Caramel Cones 4X110ml,https://www.tesco.com/groceries/en-GB/shop/frozen-food/all?department=Ice%20Cream%2C%20Ice%20Lollies%20%26%20Frozen%20Desserts&viewAll=department&page=,,,,,/groceries/en-GB/products/305830835,https://digitalcontent.api.tesco.com/v2/media/ghs/8e9df247-8f87-47f0-bb5c-ed092e78c76c/7779460d-3fbc-4d4c-a7c7-8cc101cc133f.jpeg?h=225&w=225,This product's currently out of stock
276782843,Tesco 4 Strawberry & Vanilla Cones 440Ml,https://www.tesco.com/groceries/en-GB/shop/frozen-food/all?department=Ice%20Cream%2C%20Ice%20Lollies%20%26%20Frozen%20Desserts&viewAll=department&page=,£1.20,£0.27/100ml,,,/groceries/en-GB/products/276782843,https://digitalcontent.api.tesco.com/v2/media/ghs/01b9f732-c32e-48c1-a6d6-49f20f8b0708/c15e4a56-83af-42b3-a866-e133f31245ab_32059265.jpeg?h=225&w=225,
281947446,Tesco 4 Chocolate & Nut Cones 440Ml,https://www.tesco.com/groceries/en-GB/shop/frozen-food/all?department=Ice%20Cream%2C%20Ice%20Lollies%20%26%20Frozen%20Desserts&viewAll=department&page=,£1.20,£0.27/100ml,,,/groceries/en-GB/products/281947446,https://digitalcontent.api.tesco.com/v2/media/ghs/a5ee5803-21eb-4b59-b02c-62e793dde6cb/debfed1d-0e16-4908-84f9-d34b90c48d62.jpeg?h=225&w=225,
276781907,Tesco 4 Toffee & Vanilla Cones 440Ml Price Marked,https://www.tesco.com/groceries/en-GB/shop/frozen-food/all?department=Ice%20Cream%2C%20Ice%20Lollies%20%26%20Frozen%20Desserts&viewAll=department&page=,£1.20,£0.27/100ml,,,/groceries/en-GB/products/276781907,https://digitalcontent.api.tesco.com/v2/media/ghs/f6243365-58f5-4590-92ce-6352d88158ac/1681a146-bff5-42f7-bfdc-181923770c71.jpeg?h=225&w=225,
312584787,Tesco S'mores Ice Cream Cones 4X110ml,https://www.tesco.com/groceries/en-GB/shop/frozen-food/all?department=Ice%20Cream%2C%20Ice%20Lollies%20%26%20Frozen%20Desserts&viewAll=department&page=,£1.20,£0.27/100ml,,New,/groceries/en-GB/products/312584787,https://digitalcontent.api.tesco.com/v2/media/ghs/ac8b7789-84b3-4f7c-bbd5-f5a11620a250/c198b041-f716-4bdd-b020-3e36e541c3c9.jpeg?h=225&w=225,
276781533,Tesco 4 Mint & Chocolate Cones 440Ml,https://www.tesco.com/groceries/en-GB/shop/frozen-food/all?department=Ice%20Cream%2C%20Ice%20Lollies%20%26%20Frozen%20Desserts&viewAll=department&page=,£1.20,£0.27/100ml,,,/groceries/en-GB/products/276781533,https://digitalcontent.api.tesco.com/v2/media/ghs/ee48a545-2826-4a08-a2dc-069af2d019d9/85297ec7-c858-409c-a75f-bd41490165c4.jpeg?h=225&w=225,
272357524,Tesco Real Fruit Splits 6 X 73Ml,https://www.tesco.com/groceries/en-GB/shop/frozen-food/all?department=Ice%20Cream%2C%20Ice%20Lollies%20%26%20Frozen%20Desserts&viewAll=department&page=,£1.20,£0.27/100ml,,,/groceries/en-GB/products/272357524,https://digitalcontent.api.tesco.com/v2/media/ghs/11d1aedf-a92b-432a-ae93-4d94556d44a1/fb59b19d-79cd-45a6-a56d-8153da81febc.jpeg?h=225&w=225,
310135551,Tesco Milk Chocolate Ices 6 X 70Ml,https://www.tesco.com/groceries/en-GB/shop/frozen-food/all?department=Ice%20Cream%2C%20Ice%20Lollies%20%26%20Frozen%20Desserts&viewAll=department&page=,£1.20,£0.29/100ml,,,/groceries/en-GB/products/310135551,https://digitalcontent.api.tesco.com/v2/media/ghs/32bc4636-6ac4-4368-ae97-39762de6c8d5/e26fd2f4-e5e6-4ab2-b62c-e77866b33648.jpeg?h=225&w=225,
302872830,Ms. Molly's Assorted Fruit Lollies 8X35ml,https://www.tesco.com/groceries/en-GB/shop/frozen-food/all?department=Ice%20Cream%2C%20Ice%20Lollies%20%26%20Frozen%20Desserts&viewAll=department&page=,£0.85,£0.30/100ml,,,/groceries/en-GB/products/302872830,https://digitalcontent.api.tesco.com/v2/media/ghs/5a6f73a3-99be-4ed1-8875-2dd8b0b149c1/00721bf9-d5f4-42ea-99ae-a93bfd032fd2.jpeg?h=225&w=225,
291632204,Tesco Rocket Lollies 8 Pack 464Ml,https://www.tesco.com/groceries/en-GB/shop/frozen-food/all?department=Ice%20Cream%2C%20Ice%20Lollies%20%26%20Frozen%20Desserts&viewAll=department&page=,£1.20,£0.26/100ml,,,/groceries/en-GB/products/291632204,https://digitalcontent.api.tesco.com/v2/media/ghs/d73cb89e-2213-458a-805b-7b641d653eda/787c8d37-4503-4fd1-b099-cd5d89c3e85b.jpeg?h=225&w=225,
302872853,Ms. Molly's Milk Lollies 8X35ml,https://www.tesco.com/groceries/en-GB/shop/frozen-food/all?department=Ice%20Cream%2C%20Ice%20Lollies%20%26%20Frozen%20Desserts&viewAll=department&page=,,,,,/groceries/en-GB/products/302872853,https://digitalcontent.api.tesco.com/v2/media/ghs/010b378d-08fd-487a-983d-acf147aa3e78/0b319d72-caae-4e72-8ae2-bf64045306a7.jpeg?h=225&w=225,This product's currently out of stock
299252566,Ms Molly's Vanilla Ice Cream 2Ltr,https://www.tesco.com/groceries/en-GB/shop/frozen-food/all?department=Ice%20Cream%2C%20Ice%20Lollies%20%26%20Frozen%20Desserts&viewAll=department&page=,£1.02,£0.05/100ml,Aldi Price Match,,/groceries/en-GB/products/299252566,https://digitalcontent.api.tesco.com/v2/media/ghs/89790c71-255d-42f1-9175-8456a7da5d1e/468ac4b0-09a4-45e2-97e0-67566f71f332.jpeg?h=225&w=225,
300111410,Haagen-Dazs Salted Caramel Ice Cream 460Ml,https://www.tesco.com/groceries/en-GB/shop/frozen-food/all?department=Ice%20Cream%2C%20Ice%20Lollies%20%26%20Frozen%20Desserts&viewAll=department&page=,£4.80,£1.05/100ml,,,/groceries/en-GB/products/300111410,,
252632269,Jus-Rol 2 Puff Pastry Blocks 1Kg,https://www.tesco.com/groceries/en-GB/shop/frozen-food/all?department=Ice%20Cream%2C%20Ice%20Lollies%20%26%20Frozen%20Desserts&viewAll=department&page=,£2.60,£0.26/100g,,,/groceries/en-GB/products/252632269,,
257236137,Mackies Traditional Luxury Dairy Ice Cream 1 Litre,https://www.tesco.com/groceries/en-GB/shop/frozen-food/all?department=Ice%20Cream%2C%20Ice%20Lollies%20%26%20Frozen%20Desserts&viewAll=department&page=,£3.30,£0.33/100ml,,,/groceries/en-GB/products/257236137,,
293795445,Cadbury Crunchie Blast Stick 4X100ml,https://www.tesco.com/groceries/en-GB/shop/frozen-food/all?department=Ice%20Cream%2C%20Ice%20Lollies%20%26%20Frozen%20Desserts&viewAll=department&page=,£3.25,£0.81/100ml,,,/groceries/en-GB/products/293795445,,
291801016,Magnum Mint Ice Cream 4 X 100Ml,https://www.tesco.com/groceries/en-GB/shop/frozen-food/all?department=Ice%20Cream%2C%20Ice%20Lollies%20%26%20Frozen%20Desserts&viewAll=department&page=,£3.50,£0.88/100ml,,,/groceries/en-GB/products/291801016,https://digitalcontent.api.tesco.com/v2/media/ghs/0745acf2-cbbd-43f3-bd82-d2922f80ff4e/a1f33b78-aaa2-4d85-9737-429cce3b2ba3.jpeg?h=225&w=225,
271262073,Aunt Bessie's Bramley Apple Crumble 500G,https://www.tesco.com/groceries/en-GB/shop/frozen-food/all?department=Ice%20Cream%2C%20Ice%20Lollies%20%26%20Frozen%20Desserts&viewAll=department&page=,£1.90,£0.38/100g,,,/groceries/en-GB/products/271262073,https://digitalcontent.api.tesco.com/v2/media/ghs/c315cf16-120e-4cea-b107-6bf837297c11/a977ad29-e7d0-4b33-b11d-fc7e239f4f9c.jpeg?h=225&w=225,
279425824,Tesco Finest Sicilian Lemon Tart 458G,https://www.tesco.com/groceries/en-GB/shop/frozen-food/all?department=Ice%20Cream%2C%20Ice%20Lollies%20%26%20Frozen%20Desserts&viewAll=department&page=,£3.25,£0.71/100g,,,/groceries/en-GB/products/279425824,https://digitalcontent.api.tesco.com/v2/media/ghs/5d8b08af-0150-4a03-8113-96c691b551f6/b1544f5b-8aec-4d38-84a8-ec8ccab562b6.jpeg?h=225&w=225,
259680269,Aunt Bessie's Jam Roly Poly 300G,https://www.tesco.com/groceries/en-GB/shop/frozen-food/all?department=Ice%20Cream%2C%20Ice%20Lollies%20%26%20Frozen%20Desserts&viewAll=department&page=,£1.90,£0.63/100g,,,/groceries/en-GB/products/259680269,https://digitalcontent.api.tesco.com/v2/media/ghs/1001e6aa-6a57-444a-9e0c-f81daad56b2c/d1886240-285a-4c6c-bb85-f9e7ce043531.jpeg?h=225&w=225,
256174211,Tesco Finest Valencia Orange Juice Lollies 4 X 73Ml,https://www.tesco.com/groceries/en-GB/shop/frozen-food/all?department=Ice%20Cream%2C%20Ice%20Lollies%20%26%20Frozen%20Desserts&viewAll=department&page=,£2.35,£0.80/100ml,,,/groceries/en-GB/products/256174211,https://digitalcontent.api.tesco.com/v2/media/ghs/77b9db07-49f5-43ad-a6d4-014056fcf0d0/22de6136-c261-4e9f-a806-2505fada10b1.jpeg?h=225&w=225,
299955253,Magnum Mini Classic Almond & White 6 Pack 330Ml,https://www.tesco.com/groceries/en-GB/shop/frozen-food/all?department=Ice%20Cream%2C%20Ice%20Lollies%20%26%20Frozen%20Desserts&viewAll=department&page=,£4.00,£1.22/100ml,£3.00 Clubcard Price,,/groceries/en-GB/products/299955253,https://digitalcontent.api.tesco.com/v2/media/ghs/9a13780b-0453-4ebb-8877-f9be442dac91/96852671-a666-4b2a-b815-08be1343ebff.jpeg?h=225&w=225,
312360171,Carte Dor Madagascan Vanilla Cinnamon Biscuit 900Ml,https://www.tesco.com/groceries/en-GB/shop/frozen-food/all?department=Ice%20Cream%2C%20Ice%20Lollies%20%26%20Frozen%20Desserts&viewAll=department&page=,£3.75,£0.42/100ml,,New,/groceries/en-GB/products/312360171,https://digitalcontent.api.tesco.com/v2/media/ghs/ff36ad8f-230e-4107-a12d-96c2625a0dc9/ca3d76e7-b22a-4619-890b-2329179d2e5d_1544855260.jpeg?h=225&w=225,
251821479,Cadbury Flake 99 Cones 4 X 125Ml,https://www.tesco.com/groceries/en-GB/shop/frozen-food/all?department=Ice%20Cream%2C%20Ice%20Lollies%20%26%20Frozen%20Desserts&viewAll=department&page=,£3.50,£0.70/100ml,£3.00 Clubcard Price,,/groceries/en-GB/products/251821479,https://digitalcontent.api.tesco.com/v2/media/ghs/1742e9e8-d082-4c1c-8b68-1cdb8a8ae98f/b800f960-e9cb-4337-ba23-b5529cb1d29c.jpeg?h=225&w=225,
310149581,Nobbly Bobbly 4X60ml,https://www.tesco.com/groceries/en-GB/shop/frozen-food/all?department=Ice%20Cream%2C%20Ice%20Lollies%20%26%20Frozen%20Desserts&viewAll=department&page=,£2.00,£0.83/100ml,,,/groceries/en-GB/products/310149581,https://digitalcontent.api.tesco.com/v2/media/ghs/188128f7-7dfe-4d08-86e9-08865a920576/3deaf6c3-151c-445a-b00f-302c3695b937.jpeg?h=225&w=225,
295627314,Tesco Berry Strudel 600G,https://www.tesco.com/groceries/en-GB/shop/frozen-food/all?department=Ice%20Cream%2C%20Ice%20Lollies%20%26%20Frozen%20Desserts&viewAll=department&page=,£1.90,£0.32/100g,,,/groceries/en-GB/products/295627314,https://digitalcontent.api.tesco.com/v2/media/ghs/7f54d3c3-9a15-478f-ad1d-1104b5f1b0e3/6061efb0-902e-452c-abcf-0639784c1e87.jpeg?h=225&w=225,
282663929,Tesco Caramel Vanilla Ice Cream 900Ml Promotion,https://www.tesco.com/groceries/en-GB/shop/frozen-food/all?department=Ice%20Cream%2C%20Ice%20Lollies%20%26%20Frozen%20Desserts&viewAll=department&page=,£2.00,£0.22/100ml,,,/groceries/en-GB/products/282663929,https://digitalcontent.api.tesco.com/v2/media/ghs/5c07214a-5553-461d-9bea-ec30511c1aa3/ea8547e5-a0a8-402f-8efa-8f90791d814f.jpeg?h=225&w=225,
282665017,Tesco Mint Chocolate Ice Cream 900Ml Promotion,https://www.tesco.com/groceries/en-GB/shop/frozen-food/all?department=Ice%20Cream%2C%20Ice%20Lollies%20%26%20Frozen%20Desserts&viewAll=department&page=,£2.00,£0.22/100ml,,,/groceries/en-GB/products/282665017,https://digitalcontent.api.tesco.com/v2/media/ghs/d277d9a8-e8e6-4c77-bec5-553c02308d0c/584eceac-fb5d-4666-9226-cec935fe6669.jpeg?h=225&w=225,
274155132,Tesco 12 Mini Eclairs 140G Price Marked,https://www.tesco.com/groceries/en-GB/shop/frozen-food/all?department=Ice%20Cream%2C%20Ice%20Lollies%20%26%20Frozen%20Desserts&viewAll=department&page=,£1.50,£1.08/100g,,,/groceries/en-GB/products/274155132,https://digitalcontent.api.tesco.com/v2/media/ghs/92677f71-4b95-42dc-aebb-aac567e6452a/6d4c3509-477d-459b-a221-efdaea41533c.jpeg?h=225&w=225,
282692727,Cadbury Dairy Milk Buttons Ice Cream Cones 4 X 100Ml,https://www.tesco.com/groceries/en-GB/shop/frozen-food/all?department=Ice%20Cream%2C%20Ice%20Lollies%20%26%20Frozen%20Desserts&viewAll=department&page=,£2.50,£0.62/100ml,£2.00 Clubcard Price,,/groceries/en-GB/products/282692727,https://digitalcontent.api.tesco.com/v2/media/ghs/8e028056-3937-4764-a8a3-568a230801aa/ad5133d0-5e0c-4969-9e08-24f8a68a963c.jpeg?h=225&w=225,
299386177,Rowntrees Watermelon Lolly 4X73ml,https://www.tesco.com/groceries/en-GB/shop/frozen-food/all?department=Ice%20Cream%2C%20Ice%20Lollies%20%26%20Frozen%20Desserts&viewAll=department&page=,£2.00,£0.68/100ml,£1.75 Clubcard Price,,/groceries/en-GB/products/299386177,https://digitalcontent.api.tesco.com/v2/media/ghs/5c24ea05-228d-4e02-9247-4877158ee431/418bb62f-8acd-4921-8ef6-9013fb5038ee.jpeg?h=225&w=225,
312095677,Tesco Cherry And Chocolate Ice Cream 900Ml,https://www.tesco.com/groceries/en-GB/shop/frozen-food/all?department=Ice%20Cream%2C%20Ice%20Lollies%20%26%20Frozen%20Desserts&viewAll=department&page=,£2.00,£0.22/100ml,,New,/groceries/en-GB/products/312095677,https://digitalcontent.api.tesco.com/v2/media/ghs/dd387599-5698-4d0a-8407-975841bc594d/5695687e-15c0-437d-a6f2-07ed270b6354_705230584.jpeg?h=225&w=225,
305970778,Rowntrees Fruit Stack 4X70ml,https://www.tesco.com/groceries/en-GB/shop/frozen-food/all?department=Ice%20Cream%2C%20Ice%20Lollies%20%26%20Frozen%20Desserts&viewAll=department&page=,£2.00,£0.72/100ml,,,/groceries/en-GB/products/305970778,https://digitalcontent.api.tesco.com/v2/media/ghs/cdd073ad-4e4b-46e7-9326-3ec8a2fe7b1b/49c48517-1ec1-4285-8973-a616215d8e88.jpeg?h=225&w=225,
296030839,Wall's Calippo Cola 5 Pack 525Ml,https://www.tesco.com/groceries/en-GB/shop/frozen-food/all?department=Ice%20Cream%2C%20Ice%20Lollies%20%26%20Frozen%20Desserts&viewAll=department&page=,£2.20,£0.42/100ml,,,/groceries/en-GB/products/296030839,https://digitalcontent.api.tesco.com/v2/media/ghs/8b83794d-ee1a-44c5-8b5e-b0ec2d9dcb04/d9e0624b-1cf9-4d84-9ce9-bbf7e9fec22b.jpeg?h=225&w=225,
312698497,Tesco Strawberry Cheesecake Ice Cream 480Ml,https://www.tesco.com/groceries/en-GB/shop/frozen-food/all?department=Ice%20Cream%2C%20Ice%20Lollies%20%26%20Frozen%20Desserts&viewAll=department&page=,£2.00,£0.42/100ml,,New,/groceries/en-GB/products/312698497,https://digitalcontent.api.tesco.com/v2/media/ghs/0b76c75d-e922-461c-afc7-36c07d547b2c/69b1d5d9-a2a3-4a33-a9d9-1191ad964d6e_1406837435.jpeg?h=225&w=225,
299388624,Rowntrees Fruit Pastille Push Up Lollies 6 X 80Ml,https://www.tesco.com/groceries/en-GB/shop/frozen-food/all?department=Ice%20Cream%2C%20Ice%20Lollies%20%26%20Frozen%20Desserts&viewAll=department&page=,£2.00,£0.42/100ml,£1.75 Clubcard Price,,/groceries/en-GB/products/299388624,https://digitalcontent.api.tesco.com/v2/media/ghs/13a5aa32-cace-4373-806e-c76d51e4bbc4/91a5128b-2c3c-484f-b1ca-715cf0ff0654.jpeg?h=225&w=225,
297236566,R Whites Lemonade Lolly 3 X 75Ml,https://www.tesco.com/groceries/en-GB/shop/frozen-food/all?department=Ice%20Cream%2C%20Ice%20Lollies%20%26%20Frozen%20Desserts&viewAll=department&page=,£2.00,£0.89/100ml,£1.50 Clubcard Price,,/groceries/en-GB/products/297236566,https://digitalcontent.api.tesco.com/v2/media/ghs/35277f15-319f-4e35-9514-c7adae9aa98f/25f29262-424f-4150-a15d-96f441ab1580.jpeg?h=225&w=225,
254755063,Tesco Soft Scoop Neapolitan 2 Litres,https://www.tesco.com/groceries/en-GB/shop/frozen-food/all?department=Ice%20Cream%2C%20Ice%20Lollies%20%26%20Frozen%20Desserts&viewAll=department&page=,£1.80,£0.09/100ml,,,/groceries/en-GB/products/254755063,https://digitalcontent.api.tesco.com/v2/media/ghs/445fd7c1-7028-4aaf-814a-7b3ccfa4aceb/079cd2f1-a2b4-4f46-be29-daff0cb9afb1.jpeg?h=225&w=225,
254755092,Tesco Soft Scoop Raspberry Ripple 2 Litres,https://www.tesco.com/groceries/en-GB/shop/frozen-food/all?department=Ice%20Cream%2C%20Ice%20Lollies%20%26%20Frozen%20Desserts&viewAll=department&page=,£1.80,£0.09/100ml,,,/groceries/en-GB/products/254755092,https://digitalcontent.api.tesco.com/v2/media/ghs/f802ebbe-38e1-48d2-b59d-343b2a5c557c/1a365697-2c2a-47cd-aed5-e6cefa405be0.jpeg?h=225&w=225,
299258030,Tesco Bubblegum Lollies 6X55ml,https://www.tesco.com/groceries/en-GB/shop/frozen-food/all?department=Ice%20Cream%2C%20Ice%20Lollies%20%26%20Frozen%20Desserts&viewAll=department&page=,£1.20,£0.36/100ml,,,/groceries/en-GB/products/299258030,https://digitalcontent.api.tesco.com/v2/media/ghs/dfd67e9f-3c87-41e0-8dec-07c1b5555deb/1fbd8d24-00e0-4667-be27-d0227499fe3d.jpeg?h=225&w=225,
281510807,Tesco Fruity Helter Skelters (5 X 70Ml) 350Ml,https://www.tesco.com/groceries/en-GB/shop/frozen-food/all?department=Ice%20Cream%2C%20Ice%20Lollies%20%26%20Frozen%20Desserts&viewAll=department&page=,£1.20,£0.34/100ml,,,/groceries/en-GB/products/281510807,https://digitalcontent.api.tesco.com/v2/media/ghs/742dfd8a-552c-493d-8180-ed5e240c9677/f587c2ca-0e7b-4062-80a8-a6c0025b2c84.jpeg?h=225&w=225,
310105276,Tesco 3 Raspberry Eton Mess Ice Creams 270Ml,https://www.tesco.com/groceries/en-GB/shop/frozen-food/all?department=Ice%20Cream%2C%20Ice%20Lollies%20%26%20Frozen%20Desserts&viewAll=department&page=,£1.50,£0.56/100ml,,,/groceries/en-GB/products/310105276,https://digitalcontent.api.tesco.com/v2/media/ghs/5d17c41f-8f4a-4d9e-9cc2-c8eee6793138/e8d6eab2-46d6-474c-80ce-1304080ab00e.jpeg?h=225&w=225,
263348261,Tesco Double Chocolate Gateau 600G,https://www.tesco.com/groceries/en-GB/shop/frozen-food/all?department=Ice%20Cream%2C%20Ice%20Lollies%20%26%20Frozen%20Desserts&viewAll=department&page=,£2.50,£0.42/100g,,,/groceries/en-GB/products/263348261,https://digitalcontent.api.tesco.com/v2/media/ghs/1a18c251-daaa-4b91-b07b-dc11d23c970f/b9575944-deae-400e-963a-334387269ac7.jpeg?h=225&w=225,
310102057,Tesco 3 Caramel Millionaires Ice Cream 270Ml,https://www.tesco.com/groceries/en-GB/shop/frozen-food/all?department=Ice%20Cream%2C%20Ice%20Lollies%20%26%20Frozen%20Desserts&viewAll=department&page=,£1.50,£0.56/100ml,,,/groceries/en-GB/products/310102057,https://digitalcontent.api.tesco.com/v2/media/ghs/94fa99c5-ad03-4713-ae12-3812a2869c30/ffce7745-bf10-4af6-aca2-0de083ccee37.jpeg?h=225&w=225,
310092600,Tesco 6 Dark Chocolate Ices 6X70ml,https://www.tesco.com/groceries/en-GB/shop/frozen-food/all?department=Ice%20Cream%2C%20Ice%20Lollies%20%26%20Frozen%20Desserts&viewAll=department&page=,£1.20,£0.29/100ml,,,/groceries/en-GB/products/310092600,https://digitalcontent.api.tesco.com/v2/media/ghs/8acd46d8-e754-474c-9de6-581b019a0783/3a747bab-bbf8-4a74-b345-4c2ce2e00d7e.jpeg?h=225&w=225,
312694187,Rowntree's Fruit Blaster Ice Lollies 6X58ml,https://www.tesco.com/groceries/en-GB/shop/frozen-food/all?department=Ice%20Cream%2C%20Ice%20Lollies%20%26%20Frozen%20Desserts&viewAll=department&page=,£2.00,£0.58/100ml,£1.75 Clubcard Price,,/groceries/en-GB/products/312694187,https://digitalcontent.api.tesco.com/v2/media/ghs/960adc0a-6c1e-41d8-9f7e-4409481357bd/e8754b58-f3ce-4774-8673-e51322eac008_1393299204.jpeg?h=225&w=225,
293467189,Country Style Cream Doughnuts 300G,https://www.tesco.com/groceries/en-GB/shop/frozen-food/all?department=Ice%20Cream%2C%20Ice%20Lollies%20%26%20Frozen%20Desserts&viewAll=department&page=,£1.00,£0.33/100g,,,/groceries/en-GB/products/293467189,https://digitalcontent.api.tesco.com/v2/media/ghs/33cbcc31-c847-47fb-b2fa-aba99cd25429/df6b9aff-354b-4bf6-bde5-03e98ffd9339.jpeg?h=225&w=225,
299475285,Ms Molly's Strawberry Swirl Cheesecake 375G,https://www.tesco.com/groceries/en-GB/shop/frozen-food/all?department=Ice%20Cream%2C%20Ice%20Lollies%20%26%20Frozen%20Desserts&viewAll=department&page=,£0.85,£0.23/100g,Aldi Price Match,,/groceries/en-GB/products/299475285,https://digitalcontent.api.tesco.com/v2/media/ghs/018c2440-518d-467d-818a-da8e039752c1/b97e7a02-9949-479a-aa9b-e313e8bfb6a9.jpeg?h=225&w=225,
299475302,Ms Molly's Lemon Swirl Cheesecake 375G,https://www.tesco.com/groceries/en-GB/shop/frozen-food/all?department=Ice%20Cream%2C%20Ice%20Lollies%20%26%20Frozen%20Desserts&viewAll=department&page=,£0.85,£0.23/100g,Aldi Price Match,,/groceries/en-GB/products/299475302,https://digitalcontent.api.tesco.com/v2/media/ghs/9358a22f-d95e-4ec4-ace1-a8be5f749699/01019faa-cb9e-4c6a-986b-691cb5b623d2.jpeg?h=225&w=225,
303106101,Haagen-Dazs Caramel Mini Cups 4 X 95Ml,https://www.tesco.com/groceries/en-GB/shop/frozen-food/all?department=Ice%20Cream%2C%20Ice%20Lollies%20%26%20Frozen%20Desserts&viewAll=department&page=,£4.80,£1.27/100ml,,,/groceries/en-GB/products/303106101,https://digitalcontent.api.tesco.com/v2/media/ghs/3465d73d-6680-41fb-8484-c19ea18b6cd2/29c9ed20-564f-491b-9295-27d29bd566da.jpeg?h=225&w=225,
303106061,Haagen-Dazs Fruit Mini Cups Ice Cream 4X95ml,https://www.tesco.com/groceries/en-GB/shop/frozen-food/all?department=Ice%20Cream%2C%20Ice%20Lollies%20%26%20Frozen%20Desserts&viewAll=department&page=,£4.80,£1.27/100ml,,,/groceries/en-GB/products/303106061,https://digitalcontent.api.tesco.com/v2/media/ghs/1f5e0052-0998-404f-b149-22f4dc1c0380/0e2d48a8-b4bf-4913-9293-5028a2c5d30a.jpeg?h=225&w=225,
305830759,Halo Top Gooey Brownie Ice Cream 473Ml,https://www.tesco.com/groceries/en-GB/shop/frozen-food/all?department=Ice%20Cream%2C%20Ice%20Lollies%20%26%20Frozen%20Desserts&viewAll=department&page=,£5.25,£1.11/100ml,,,/groceries/en-GB/products/305830759,https://digitalcontent.api.tesco.com/v2/media/ghs/e7c4ffd7-7faa-475d-8c5f-e3e63a56fc7c/9f3a115b-a9d5-487e-878b-a0a622cad6ce.jpeg?h=225&w=225,
303151530,Haagen-Dazs Strawberry Cheesecake Ice Cream 460Ml,https://www.tesco.com/groceries/en-GB/shop/frozen-food/all?department=Ice%20Cream%2C%20Ice%20Lollies%20%26%20Frozen%20Desserts&viewAll=department&page=,£4.80,£1.05/100ml,,,/groceries/en-GB/products/303151530,https://digitalcontent.api.tesco.com/v2/media/ghs/384e7e08-30d1-45f8-bead-5860f1cc2363/c178dccf-0d71-4f76-80d5-e2349df83683.jpeg?h=225&w=225,
300111312,Haagen-Dazs Vanilla Ice Cream 460Ml,https://www.tesco.com/groceries/en-GB/shop/frozen-food/all?department=Ice%20Cream%2C%20Ice%20Lollies%20%26%20Frozen%20Desserts&viewAll=department&page=,£4.80,£1.05/100ml,,,/groceries/en-GB/products/300111312,https://digitalcontent.api.tesco.com/v2/media/ghs/34e7213e-4754-4bf2-a8a9-52222c50d5b8/81a1351d-db11-4163-99e2-a48ba95fd207.jpeg?h=225&w=225,
252632373,Jus-Rol 2 Shortcrust Pastry Blocks 1Kg,https://www.tesco.com/groceries/en-GB/shop/frozen-food/all?department=Ice%20Cream%2C%20Ice%20Lollies%20%26%20Frozen%20Desserts&viewAll=department&page=,£2.60,£0.26/100g,,,/groceries/en-GB/products/252632373,https://digitalcontent.api.tesco.com/v2/media/ghs/fd717c47-98e8-4c91-b716-3f2070d3863a/937ca6bc-ce86-4642-b158-cd69f8bb3e21.jpeg?h=225&w=225,
310114720,Carte D'or Strawberry Ice Cream 900Ml,https://www.tesco.com/groceries/en-GB/shop/frozen-food/all?department=Ice%20Cream%2C%20Ice%20Lollies%20%26%20Frozen%20Desserts&viewAll=department&page=,£3.75,£0.42/100ml,,,/groceries/en-GB/products/310114720,https://digitalcontent.api.tesco.com/v2/media/ghs/de23a954-9c6b-4054-8f3d-ef055ab8a668/607f0306-acd7-4a05-adfa-eede016c6795.jpeg?h=225&w=225,
303151518,Haagen-Dazs Pralines & Cream Ice Cream 460Ml,https://www.tesco.com/groceries/en-GB/shop/frozen-food/all?department=Ice%20Cream%2C%20Ice%20Lollies%20%26%20Frozen%20Desserts&viewAll=department&page=,£4.80,£1.05/100ml,,,/groceries/en-GB/products/303151518,https://digitalcontent.api.tesco.com/v2/media/ghs/7442bbff-d4ce-4923-b4b2-805099e9bd16/10f9c38d-1532-4d5c-8305-9c9d4a32aaff.jpeg?h=225&w=225,
307141167,Haagen-Dazs Belgian Chocolate Ice Cream 460Ml,https://www.tesco.com/groceries/en-GB/shop/frozen-food/all?department=Ice%20Cream%2C%20Ice%20Lollies%20%26%20Frozen%20Desserts&viewAll=department&page=,£4.80,£1.05/100ml,,,/groceries/en-GB/products/307141167,https://digitalcontent.api.tesco.com/v2/media/ghs/1209e7d6-98f5-481f-88ee-eac75a196acc/a067be6f-27b5-42cf-a8b3-58b6975c8135.jpeg?h=225&w=225,
295189532,Magnum Double Raspberry Ice Cream 3 X 88 Ml,https://www.tesco.com/groceries/en-GB/shop/frozen-food/all?department=Ice%20Cream%2C%20Ice%20Lollies%20%26%20Frozen%20Desserts&viewAll=department&page=,£4.00,£1.52/100ml,£3.00 Clubcard Price,,/groceries/en-GB/products/295189532,https://digitalcontent.api.tesco.com/v2/media/ghs/dd4048a2-c8a1-4abb-ab1c-4ff77d858cdf/57e9abfd-edcd-405e-bb01-43517293d420.jpeg?h=225&w=225,
307735640,Magnum Double Gold Caramel Billionaire Ice Cream 3 Pack 255Ml,https://www.tesco.com/groceries/en-GB/shop/frozen-food/all?department=Ice%20Cream%2C%20Ice%20Lollies%20%26%20Frozen%20Desserts&viewAll=department&page=,£4.00,£1.57/100ml,£3.00 Clubcard Price,,/groceries/en-GB/products/307735640,https://digitalcontent.api.tesco.com/v2/media/ghs/911520e6-f061-4c54-88cc-6e0aa06cc10e/68a0df30-4fef-4f46-8ed1-4038ccb1d43a.jpeg?h=225&w=225,
305955388,Ben & Jerry's Cookie Dough Vanilla Ice Cream 465Ml,https://www.tesco.com/groceries/en-GB/shop/frozen-food/all?department=Ice%20Cream%2C%20Ice%20Lollies%20%26%20Frozen%20Desserts&viewAll=department&page=,£4.80,£1.04/100ml,£3.50 Clubcard Price,,/groceries/en-GB/products/305955388,https://digitalcontent.api.tesco.com/v2/media/ghs/53a10b9a-d710-4b68-a0ba-2ebd0ebfcf0a/569d2211-6168-4bd2-bad7-dde31106d63e.jpeg?h=225&w=225,
310100039,Carte D'or Indulgent Chocolate Ice Cream 900Ml,https://www.tesco.com/groceries/en-GB/shop/frozen-food/all?department=Ice%20Cream%2C%20Ice%20Lollies%20%26%20Frozen%20Desserts&viewAll=department&page=,£3.75,£0.42/100ml,,,/groceries/en-GB/products/310100039,https://digitalcontent.api.tesco.com/v2/media/ghs/5e2b83a0-a00c-4762-a794-5905dc7bd715/50cba068-016a-43ac-8e3a-f99ec59528d2.jpeg?h=225&w=225,
305941986,Ben & Jerry's Phish Food Chocolate & Marshmallow Ice Cream 465Ml,https://www.tesco.com/groceries/en-GB/shop/frozen-food/all?department=Ice%20Cream%2C%20Ice%20Lollies%20%26%20Frozen%20Desserts&viewAll=department&page=,£4.80,£1.04/100ml,£3.50 Clubcard Price,,/groceries/en-GB/products/305941986,https://digitalcontent.api.tesco.com/v2/media/ghs/a1d1f4b5-f2a1-4cd4-b069-da05d44d2289/780c6fef-2436-4d20-b034-18dac0cfccd3.jpeg?h=225&w=225,
263558565,Del Monte 100% Juice Orange Ice Lollies 3 X 75Ml,https://www.tesco.com/groceries/en-GB/shop/frozen-food/all?department=Ice%20Cream%2C%20Ice%20Lollies%20%26%20Frozen%20Desserts&viewAll=department&page=,£2.40,£1.07/100ml,,,/groceries/en-GB/products/263558565,https://digitalcontent.api.tesco.com/v2/media/ghs/8ac0356e-81a6-46d7-9826-586c0f62a0b9/32b76e7e-6a0f-44c4-8b4a-cc425d796e6b.jpeg?h=225&w=225,
305980150,Ben & Jerry's Chocolate Fudge Brownie Ice Cream 465Ml,https://www.tesco.com/groceries/en-GB/shop/frozen-food/all?department=Ice%20Cream%2C%20Ice%20Lollies%20%26%20Frozen%20Desserts&viewAll=department&page=,£4.80,£1.04/100ml,£3.50 Clubcard Price,,/groceries/en-GB/products/305980150,https://digitalcontent.api.tesco.com/v2/media/ghs/18ca077e-e181-42e7-b7a1-97776e28a2a3/7392c5b6-b121-4bf1-b89f-3fc508468bc8.jpeg?h=225&w=225,
252335598,Kelly's Cornish Vanilla Dairy Ice Cream 2 Litres,https://www.tesco.com/groceries/en-GB/shop/frozen-food/all?department=Ice%20Cream%2C%20Ice%20Lollies%20%26%20Frozen%20Desserts&viewAll=department&page=,£4.00,£0.20/100ml,,,/groceries/en-GB/products/252335598,https://digitalcontent.api.tesco.com/v2/media/ghs/9f937a58-0f6e-413f-9c04-3ceb4447dd52/3989f924-b585-4f4d-b658-85e49ee2083d.jpeg?h=225&w=225,
272630344,Walls Soft Scoop Vanilla Light Ice Cream 1800Ml,https://www.tesco.com/groceries/en-GB/shop/frozen-food/all?department=Ice%20Cream%2C%20Ice%20Lollies%20%26%20Frozen%20Desserts&viewAll=department&page=,£2.50,£0.14/100ml,,,/groceries/en-GB/products/272630344,https://digitalcontent.api.tesco.com/v2/media/ghs/be3f716f-bdd2-4120-bfd3-86cdf4f6d8f8/512c403b-ed0c-4d39-a30b-c3b7af780129.jpeg?h=225&w=225,
311219664,Cadbury Darkmilk Ice Cream Sticks 4X90ml,https://www.tesco.com/groceries/en-GB/shop/frozen-food/all?department=Ice%20Cream%2C%20Ice%20Lollies%20%26%20Frozen%20Desserts&viewAll=department&page=,£3.25,£0.90/100ml,,,/groceries/en-GB/products/311219664,https://digitalcontent.api.tesco.com/v2/media/ghs/f84161b1-e3f5-4a5d-b4c7-8ab47f69e33d/e852da7d-4acc-4db3-9a16-40f32db641cb.jpeg?h=225&w=225,
308084405,Tesco Berry & Lemon Tart 380G,https://www.tesco.com/groceries/en-GB/shop/frozen-food/all?department=Ice%20Cream%2C%20Ice%20Lollies%20%26%20Frozen%20Desserts&viewAll=department&page=,£2.40,£0.63/100g,,,/groceries/en-GB/products/308084405,https://digitalcontent.api.tesco.com/v2/media/ghs/ce9dc632-8451-4e09-afe0-375ccf3c601e/1d743a74-e79c-4986-a350-d2e28f0dff55.jpeg?h=225&w=225,
268240570,Cadbury Dairy Milk Caramel Ice Cream 4 X 100Ml,https://www.tesco.com/groceries/en-GB/shop/frozen-food/all?department=Ice%20Cream%2C%20Ice%20Lollies%20%26%20Frozen%20Desserts&viewAll=department&page=,£2.50,£0.62/100ml,,,/groceries/en-GB/products/268240570,https://digitalcontent.api.tesco.com/v2/media/ghs/9baa3d67-3b54-4f36-80c3-5874c74711ab/91acf065-3ecf-4d71-bb2a-14cd9a5cdfb3.jpeg?h=225&w=225,
258849770,Del Monte Raspberry Iced Smoothie 3 X90ml,https://www.tesco.com/groceries/en-GB/shop/frozen-food/all?department=Ice%20Cream%2C%20Ice%20Lollies%20%26%20Frozen%20Desserts&viewAll=department&page=,£2.00,£0.74/100ml,,,/groceries/en-GB/products/258849770,https://digitalcontent.api.tesco.com/v2/media/ghs/a0815e06-a608-4af7-9bac-14cffb3c837d/20b282d3-6745-4e5a-9d9b-0f946ac3de5b.jpeg?h=225&w=225,
303066619,Solero Red Berries Ice Cream 3 X 90Ml,https://www.tesco.com/groceries/en-GB/shop/frozen-food/all?department=Ice%20Cream%2C%20Ice%20Lollies%20%26%20Frozen%20Desserts&viewAll=department&page=,£2.40,£0.89/100ml,,,/groceries/en-GB/products/303066619,https://digitalcontent.api.tesco.com/v2/media/ghs/00f953af-7ec2-4d82-be76-7f8fb3e6c31f/18d2c3a1-1822-4883-b0c3-feec59a86ada.jpeg?h=225&w=225,
308093233,Wall's Twister 5 Peek-A-Blue Ice Lollies 350Ml,https://www.tesco.com/groceries/en-GB/shop/frozen-food/all?department=Ice%20Cream%2C%20Ice%20Lollies%20%26%20Frozen%20Desserts&viewAll=department&page=,£2.20,£0.63/100ml,,,/groceries/en-GB/products/308093233,https://digitalcontent.api.tesco.com/v2/media/ghs/b0daba4c-940f-46a8-8e1c-6370d456cb20/47b190bf-2e6f-421a-ba88-f421b4ae24e9.jpeg?h=225&w=225,
272332248,Tesco 6 Chocolate Eclairs 160G,https://www.tesco.com/groceries/en-GB/shop/frozen-food/all?department=Ice%20Cream%2C%20Ice%20Lollies%20%26%20Frozen%20Desserts&viewAll=department&page=,£1.60,£1.00/100g,,,/groceries/en-GB/products/272332248,https://digitalcontent.api.tesco.com/v2/media/ghs/392d88dd-bd17-41de-9ad0-bcbc7d5f373d/e310652c-ba7c-4a6c-9970-e5aa225bcb2b.jpeg?h=225&w=225,
258015962,Tesco Lemon Meringue Pie 475G,https://www.tesco.com/groceries/en-GB/shop/frozen-food/all?department=Ice%20Cream%2C%20Ice%20Lollies%20%26%20Frozen%20Desserts&viewAll=department&page=,£2.15,£0.45/100g,,,/groceries/en-GB/products/258015962,https://digitalcontent.api.tesco.com/v2/media/ghs/8b7c8634-ef8c-420c-b1aa-bd3c0559682d/216b0cde-2dd5-4349-b147-8496a76e0703.jpeg?h=225&w=225,
303037279,Tesco Strawberry & Cream Ice Cream Tub 900Ml,https://www.tesco.com/groceries/en-GB/shop/frozen-food/all?department=Ice%20Cream%2C%20Ice%20Lollies%20%26%20Frozen%20Desserts&viewAll=department&page=,£2.00,£0.22/100ml,,,/groceries/en-GB/products/303037279,https://digitalcontent.api.tesco.com/v2/media/ghs/6b4901a3-7fb1-4242-b05e-134cad2c1488/828e3b89-2cc1-4164-84aa-ebe7e01698ca.jpeg?h=225&w=225,
266128868,Tesco New York Cheesecake 450G,https://www.tesco.com/groceries/en-GB/shop/frozen-food/all?department=Ice%20Cream%2C%20Ice%20Lollies%20%26%20Frozen%20Desserts&viewAll=department&page=,£2.20,£0.49/100g,,,/groceries/en-GB/products/266128868,https://digitalcontent.api.tesco.com/v2/media/ghs/c9273a7d-4357-45c7-8c3f-4637e3a6ffea/d2b43f69-3a42-43ef-b46c-fc1a831600df.jpeg?h=225&w=225,
287334718,Tesco Salted Caramel Cheesecake 450G,https://www.tesco.com/groceries/en-GB/shop/frozen-food/all?department=Ice%20Cream%2C%20Ice%20Lollies%20%26%20Frozen%20Desserts&viewAll=department&page=,£2.20,£0.49/100g,,,/groceries/en-GB/products/287334718,https://digitalcontent.api.tesco.com/v2/media/ghs/4112687e-77ef-4aa0-b0f4-6d5a9f665ef5/ae709299-c877-4d93-88ca-4a29150b4c0b.jpeg?h=225&w=225,
265226166,Tesco Chocolate Profiteroles 235G,https://www.tesco.com/groceries/en-GB/shop/frozen-food/all?department=Ice%20Cream%2C%20Ice%20Lollies%20%26%20Frozen%20Desserts&viewAll=department&page=,£1.65,£0.70/100g,,,/groceries/en-GB/products/265226166,https://digitalcontent.api.tesco.com/v2/media/ghs/d0324d56-bac5-42f6-bd6d-bd314dc2a566/a048f1e2-97e8-42a2-a88c-2c6e47a92fdb.jpeg?h=225&w=225,
268123571,Tesco Strawberry Cheesecake 500G,https://www.tesco.com/groceries/en-GB/shop/frozen-food/all?department=Ice%20Cream%2C%20Ice%20Lollies%20%26%20Frozen%20Desserts&viewAll=department&page=,£1.90,£0.38/100g,,,/groceries/en-GB/products/268123571,https://digitalcontent.api.tesco.com/v2/media/ghs/7a8beb45-025e-49b1-b47f-0fee26d775dc/5265846b-abb2-43f3-95c7-e1b57eb5ca07.jpeg?h=225&w=225,
310098029,Viennetta Chocolate Yule Log Ice Cream 650Ml,https://www.tesco.com/groceries/en-GB/shop/frozen-food/all?department=Ice%20Cream%2C%20Ice%20Lollies%20%26%20Frozen%20Desserts&viewAll=department&page=,£1.65,£0.25/100ml,£1.50 Clubcard Price,,/groceries/en-GB/products/310098029,https://digitalcontent.api.tesco.com/v2/media/ghs/15851384-7b26-420a-9f3e-4ec929d5a5d2/e3d96946-0921-4d71-a952-9c9860a01501.jpeg?h=225&w=225,
250603814,Viennetta Mint Ice Cream Dessert 650Ml,https://www.tesco.com/groceries/en-GB/shop/frozen-food/all?department=Ice%20Cream%2C%20Ice%20Lollies%20%26%20Frozen%20Desserts&viewAll=department&page=,£1.65,£2.54/litre,£1.50 Clubcard Price,,/groceries/en-GB/products/250603814,https://digitalcontent.api.tesco.com/v2/media/ghs/5f3cdc9a-e23d-495b-98ea-a7a87d8fa5d5/18fa6532-7615-4f4d-92d5-0249c5e0f6c6.jpeg?h=225&w=225,
287334661,Tesco Chocolate Cheesecake 425G,https://www.tesco.com/groceries/en-GB/shop/frozen-food/all?department=Ice%20Cream%2C%20Ice%20Lollies%20%26%20Frozen%20Desserts&viewAll=department&page=,£1.90,£0.45/100g,,,/groceries/en-GB/products/287334661,https://digitalcontent.api.tesco.com/v2/media/ghs/baed54b3-bfa2-486f-8556-6dab88f5bde5/fc2a4dd2-b4d6-43bc-b9cb-d072409974c3.jpeg?h=225&w=225,
308091159,Tesco Strawberry & Lemonade Helter Skelter 5X70ml,https://www.tesco.com/groceries/en-GB/shop/frozen-food/all?department=Ice%20Cream%2C%20Ice%20Lollies%20%26%20Frozen%20Desserts&viewAll=department&page=,£1.20,£0.34/100ml,,,/groceries/en-GB/products/308091159,https://digitalcontent.api.tesco.com/v2/media/ghs/ef7b5470-eb98-4d52-874e-026082b84a6e/aa95841a-cae3-4e47-bbcf-ddc350dd9135.jpeg?h=225&w=225,
277143412,Tesco Black Forest Gateau 630G,https://www.tesco.com/groceries/en-GB/shop/frozen-food/all?department=Ice%20Cream%2C%20Ice%20Lollies%20%26%20Frozen%20Desserts&viewAll=department&page=,£2.50,£0.40/100g,,,/groceries/en-GB/products/277143412,https://digitalcontent.api.tesco.com/v2/media/ghs/c8f20400-cbd9-4770-8155-c66ea51cfca1/b6c54db1-c178-4c62-8568-8d824c055dc2.jpeg?h=225&w=225,
309176975,Tesco Chocolate Orange Gateau Bar 400G,https://www.tesco.com/groceries/en-GB/shop/frozen-food/all?department=Ice%20Cream%2C%20Ice%20Lollies%20%26%20Frozen%20Desserts&viewAll=department&page=,£2.00,£0.50/100g,,New,/groceries/en-GB/products/309176975,https://digitalcontent.api.tesco.com/v2/media/ghs/ec43cb89-7ef8-4478-9d2b-f74f2e631461/f2541e91-ae9e-4279-b728-1f5e4d134d7c.jpeg?h=225&w=225,
311955074,Tesco 8 Mini Lemon Meringue Tarts 160G,https://www.tesco.com/groceries/en-GB/shop/frozen-food/all?department=Ice%20Cream%2C%20Ice%20Lollies%20%26%20Frozen%20Desserts&viewAll=department&page=,£3.00,£1.88/100g,Any 3 for £6 Clubcard Price - Selected Tesco Frozen Party Food 120g - 564g,,/groceries/en-GB/products/311955074,https://digitalcontent.api.tesco.com/v2/media/ghs/457925d9-53f9-4835-977d-c7e8458c3843/a75259dd-3076-40d3-9f95-4b71da804673_267418847.jpeg?h=225&w=225,
312829666,Tesco 8 Mini Salted Caramel Tarts 160G,https://www.tesco.com/groceries/en-GB/shop/frozen-food/all?department=Ice%20Cream%2C%20Ice%20Lollies%20%26%20Frozen%20Desserts&viewAll=department&page=,£3.00,£1.88/100g,Any 3 for £6 Clubcard Price - Selected Tesco Frozen Party Food 120g - 564g,,/groceries/en-GB/products/312829666,https://digitalcontent.api.tesco.com/v2/media/ghs/2e4354ea-7199-41b5-9716-ed53fa4d62d5/a44a0c45-04b1-431a-bac0-a3e549f612c7_1705237172.jpeg?h=225&w=225,
310184584,Ben & Jerry's Oh My Banoffee Pie Ice Cream 427Ml,https://www.tesco.com/groceries/en-GB/shop/frozen-food/all?department=Ice%20Cream%2C%20Ice%20Lollies%20%26%20Frozen%20Desserts&viewAll=department&page=,£4.80,£1.13/100ml,,,/groceries/en-GB/products/310184584,https://digitalcontent.api.tesco.com/v2/media/ghs/06436f9a-cfc7-4dc1-9083-5e3de50573b2/01b9e15b-10a1-4e7f-b889-dab169710998.jpeg?h=225&w=225,
253532697,Tesco Finest Toffee Pecan Roulade 420G,https://www.tesco.com/groceries/en-GB/shop/frozen-food/all?department=Ice%20Cream%2C%20Ice%20Lollies%20%26%20Frozen%20Desserts&viewAll=department&page=,£5.00,£1.20/100g,,,/groceries/en-GB/products/253532697,https://digitalcontent.api.tesco.com/v2/media/ghs/f123764b-5eb2-4833-b6b7-ad67c8062121/08cf2dad-b592-4c0a-8c4f-906a85a2107a.jpeg?h=225&w=225,
310653147,Ben & Jerry's Sundae Cookie Vermonster 427Ml,https://www.tesco.com/groceries/en-GB/shop/frozen-food/all?department=Ice%20Cream%2C%20Ice%20Lollies%20%26%20Frozen%20Desserts&viewAll=department&page=,£4.80,£1.13/100ml,,,/groceries/en-GB/products/310653147,https://digitalcontent.api.tesco.com/v2/media/ghs/b995d43d-bfb1-469c-a269-659941bb6aa5/b4aebe0a-79e5-477b-aae5-59db37bd248e.jpeg?h=225&w=225,
304790641,Haagen-Dazs Vanilla Ice Cream Collection Mini Cups 4X95ml,https://www.tesco.com/groceries/en-GB/shop/frozen-food/all?department=Ice%20Cream%2C%20Ice%20Lollies%20%26%20Frozen%20Desserts&viewAll=department&page=,£4.80,£1.27/100ml,,,/groceries/en-GB/products/304790641,https://digitalcontent.api.tesco.com/v2/media/ghs/ff5d7209-8d40-4e38-bca5-0fe4b2585ecb/566732d5-ce99-4dfa-a98d-3c495cda3d75.jpeg?h=225&w=225,
303007731,Tesco Finest Ice Cream Caffe Latte 480Ml,https://www.tesco.com/groceries/en-GB/shop/frozen-food/all?department=Ice%20Cream%2C%20Ice%20Lollies%20%26%20Frozen%20Desserts&viewAll=department&page=,£3.00,£0.62/100ml,,,/groceries/en-GB/products/303007731,https://digitalcontent.api.tesco.com/v2/media/ghs/e3f3e086-68d8-42f7-b0bc-be4b03837d5f/df742d19-1765-43c4-b07f-b7dbf8bfab2e.jpeg?h=225&w=225,
291844790,Magnum Double Caramel Ice Cream 3 X 88Ml,https://www.tesco.com/groceries/en-GB/shop/frozen-food/all?department=Ice%20Cream%2C%20Ice%20Lollies%20%26%20Frozen%20Desserts&viewAll=department&page=,£4.00,£1.52/100ml,£3.00 Clubcard Price,,/groceries/en-GB/products/291844790,https://digitalcontent.api.tesco.com/v2/media/ghs/c8ff1e88-c3aa-4a99-bf72-64be6a6f4349/87d77fe9-298a-4b41-84ba-60ef53d40398.jpeg?h=225&w=225,
303007679,Tesco Finest Ice Cream Madagascan Vanilla 480Ml,https://www.tesco.com/groceries/en-GB/shop/frozen-food/all?department=Ice%20Cream%2C%20Ice%20Lollies%20%26%20Frozen%20Desserts&viewAll=department&page=,£3.00,£0.62/100ml,,,/groceries/en-GB/products/303007679,https://digitalcontent.api.tesco.com/v2/media/ghs/0bb5af0c-04ac-46b7-8e47-eea44213b196/72cd2d87-d771-4e2e-86aa-e6f32685ba7d.jpeg?h=225&w=225,
310674586,Carte D'or Madagascan Vanilla Light Ice Cream 900Ml,https://www.tesco.com/groceries/en-GB/shop/frozen-food/all?department=Ice%20Cream%2C%20Ice%20Lollies%20%26%20Frozen%20Desserts&viewAll=department&page=,£3.75,£0.42/100ml,,,/groceries/en-GB/products/310674586,https://digitalcontent.api.tesco.com/v2/media/ghs/34d6eeb2-62f3-4fb5-8f15-9dd3f1d7f27b/cc3bba47-5950-475b-938a-5c113ab71940.jpeg?h=225&w=225,
301785969,Magnum Vegan Classic Ice Cream 270Ml,https://www.tesco.com/groceries/en-GB/shop/frozen-food/all?department=Ice%20Cream%2C%20Ice%20Lollies%20%26%20Frozen%20Desserts&viewAll=department&page=,£3.50,£1.30/100ml,£3.00 Clubcard Price,,/groceries/en-GB/products/301785969,https://digitalcontent.api.tesco.com/v2/media/ghs/1f0353b1-8ca3-4354-8c89-76d6bf6b897d/bc5ef879-586d-4f7b-8770-e64080818489.jpeg?h=225&w=225,
293787236,Magnum Mini Double Caramel & Chocolate Ice Cream 6X60ml,https://www.tesco.com/groceries/en-GB/shop/frozen-food/all?department=Ice%20Cream%2C%20Ice%20Lollies%20%26%20Frozen%20Desserts&viewAll=department&page=,£4.00,£1.12/100ml,£3.00 Clubcard Price,,/groceries/en-GB/products/293787236,https://digitalcontent.api.tesco.com/v2/media/ghs/3f9c02a7-42d3-4823-a806-ae3e9298fffb/3973a75a-425c-4b46-84e5-70a04eddf6c0.jpeg?h=225&w=225,
282692831,Cadbury Flake Ice Cream 480Ml,https://www.tesco.com/groceries/en-GB/shop/frozen-food/all?department=Ice%20Cream%2C%20Ice%20Lollies%20%26%20Frozen%20Desserts&viewAll=department&page=,£3.00,£0.62/100ml,,,/groceries/en-GB/products/282692831,https://digitalcontent.api.tesco.com/v2/media/ghs/a80e73da-b5fd-4ac0-ae4f-434816a2ddf8/dca73763-1d3f-4cd4-929b-e2c6e094de41.jpeg?h=225&w=225,
311214433,Lotus Biscoff Mixed Mini Ice Cream Sticks 6X60ml,https://www.tesco.com/groceries/en-GB/shop/frozen-food/all?department=Ice%20Cream%2C%20Ice%20Lollies%20%26%20Frozen%20Desserts&viewAll=department&page=,£4.00,£1.12/100ml,,,/groceries/en-GB/products/311214433,https://digitalcontent.api.tesco.com/v2/media/ghs/37786704-31d4-40b9-9cf7-edb6c9cf9739/24aed1e8-eeb0-4c3b-ac72-010eda5bb024.jpeg?h=225&w=225,
308461610,Lotus Biscoff Mini Ice Cream Sticks 6X60ml,https://www.tesco.com/groceries/en-GB/shop/frozen-food/all?department=Ice%20Cream%2C%20Ice%20Lollies%20%26%20Frozen%20Desserts&viewAll=department&page=,£4.00,£1.12/100ml,,,/groceries/en-GB/products/308461610,https://digitalcontent.api.tesco.com/v2/media/ghs/248ee759-ebc0-47b7-bc97-65801ccf9cd3/8cdfaf90-2054-46f7-9344-fa4c569cb1f5.jpeg?h=225&w=225,
312581076,Ben & Jerry's Tony's Chocolonely Chocolate Love A Fair Ice Cream 465Ml,https://www.tesco.com/groceries/en-GB/shop/frozen-food/all?department=Ice%20Cream%2C%20Ice%20Lollies%20%26%20Frozen%20Desserts&viewAll=department&page=,£5.00,£1.08/100ml,£3.50 Clubcard Price,,/groceries/en-GB/products/312581076,https://digitalcontent.api.tesco.com/v2/media/ghs/371c9c4c-e106-43fa-8403-bcffac99cdf7/d52cb938-7085-4696-a593-798b73861502_298948388.jpeg?h=225&w=225,
308455899,Magnum Mini Double Caramel Billionaire Ice Cream 6 Pack 330Ml,https://www.tesco.com/groceries/en-GB/shop/frozen-food/all?department=Ice%20Cream%2C%20Ice%20Lollies%20%26%20Frozen%20Desserts&viewAll=department&page=,£4.00,£1.22/100ml,£3.00 Clubcard Price,,/groceries/en-GB/products/308455899,https://digitalcontent.api.tesco.com/v2/media/ghs/e3110769-6f9e-4ef2-a1df-410795106243/1582c69a-d009-4bc7-9c54-0ddfb76283dc.jpeg?h=225&w=225,
299955178,Magnum Mini Classic & Mint Ice Cream 6X 55Ml,https://www.tesco.com/groceries/en-GB/shop/frozen-food/all?department=Ice%20Cream%2C%20Ice%20Lollies%20%26%20Frozen%20Desserts&viewAll=department&page=,£4.00,£1.22/100ml,£3.00 Clubcard Price,,/groceries/en-GB/products/299955178,https://digitalcontent.api.tesco.com/v2/media/ghs/62e6c4fc-0c2d-4c6a-aa6b-70084f9532ab/366a6059-b655-4f9f-ad48-9b5c0db6f532.jpeg?h=225&w=225,
299531940,Tesco Finest Mango Passion Fruit Roulades 2X90g,https://www.tesco.com/groceries/en-GB/shop/frozen-food/all?department=Ice%20Cream%2C%20Ice%20Lollies%20%26%20Frozen%20Desserts&viewAll=department&page=,£3.10,£1.73/100g,,,/groceries/en-GB/products/299531940,https://digitalcontent.api.tesco.com/v2/media/ghs/7b3eaac8-ad93-4279-8142-4bf9c3ccea15/2bf38e54-e0c2-4abe-abb7-eb7ed02d89ef.jpeg?h=225&w=225,
310091590,Carte D'or Mint Chocolate Chip Ice Cream 900Ml,https://www.tesco.com/groceries/en-GB/shop/frozen-food/all?department=Ice%20Cream%2C%20Ice%20Lollies%20%26%20Frozen%20Desserts&viewAll=department&page=,£3.75,£0.42/100ml,,,/groceries/en-GB/products/310091590,https://digitalcontent.api.tesco.com/v2/media/ghs/f791d14d-0ad4-464d-aad4-3c6f8572edef/309226eb-e1e5-495e-88d8-93837b5e551f.jpeg?h=225&w=225,
310169770,Halo Top Gooey Brownie Stick 3X100ml,https://www.tesco.com/groceries/en-GB/shop/frozen-food/all?department=Ice%20Cream%2C%20Ice%20Lollies%20%26%20Frozen%20Desserts&viewAll=department&page=,£3.95,£1.32/100ml,£2.95 Clubcard Price,,/groceries/en-GB/products/310169770,https://digitalcontent.api.tesco.com/v2/media/ghs/b15b2c3d-e4c6-48c1-af38-92658aae1f3c/3a4f014f-11ae-4d8a-a4cd-a02797164c40.jpeg?h=225&w=225,
291712997,Kelly's Honeycomb Crunch 950Ml,https://www.tesco.com/groceries/en-GB/shop/frozen-food/all?department=Ice%20Cream%2C%20Ice%20Lollies%20%26%20Frozen%20Desserts&viewAll=department&page=,£3.50,£0.37/100ml,£2.50 Clubcard Price,,/groceries/en-GB/products/291712997,https://digitalcontent.api.tesco.com/v2/media/ghs/74a1ed8f-fa9a-45a6-af2c-b011bf35da1b/0d114604-fd1f-45b3-b6f1-1fe9c1d7edcd.jpeg?h=225&w=225,
307751770,Cornetto Soft Strawberry Ice Cream 4Pack 560Ml,https://www.tesco.com/groceries/en-GB/shop/frozen-food/all?department=Ice%20Cream%2C%20Ice%20Lollies%20%26%20Frozen%20Desserts&viewAll=department&page=,£3.50,£0.62/100ml,£3.00 Clubcard Price,,/groceries/en-GB/products/307751770,https://digitalcontent.api.tesco.com/v2/media/ghs/0c14daf3-25b1-4c66-a456-212f0bc558a5/43eb79ca-b8fa-4c70-86cf-d58323dabd75.jpeg?h=225&w=225,
308470236,Swedish Glace Raspberry Soy Ice Cream 750Ml,https://www.tesco.com/groceries/en-GB/shop/frozen-food/all?department=Ice%20Cream%2C%20Ice%20Lollies%20%26%20Frozen%20Desserts&viewAll=department&page=,£2.50,£0.33/100ml,,,/groceries/en-GB/products/308470236,https://digitalcontent.api.tesco.com/v2/media/ghs/9119a49d-4da8-419a-9ddc-e6c49150b2d6/bb00c4b6-ea44-4176-9773-f987ade7bc03.jpeg?h=225&w=225,
258849793,Del Monte Mango Iced Smoothie 3 X 90Ml,https://www.tesco.com/groceries/en-GB/shop/frozen-food/all?department=Ice%20Cream%2C%20Ice%20Lollies%20%26%20Frozen%20Desserts&viewAll=department&page=,£2.00,£0.74/100ml,,,/groceries/en-GB/products/258849793,https://digitalcontent.api.tesco.com/v2/media/ghs/96daf9e3-b264-4fb3-a1ac-daa3278346cc/e9dc39f7-6126-45a1-b8f4-4cb1f17430a8.jpeg?h=225&w=225,
291631793,Tesco Raspberry Sorbet 500Ml,https://www.tesco.com/groceries/en-GB/shop/frozen-food/all?department=Ice%20Cream%2C%20Ice%20Lollies%20%26%20Frozen%20Desserts&viewAll=department&page=,£2.40,£0.48/100ml,,,/groceries/en-GB/products/291631793,https://digitalcontent.api.tesco.com/v2/media/ghs/44509a41-118c-41f0-8e01-456d3fce2e41/f705fb0f-1644-4057-92f8-684e166deac1.jpeg?h=225&w=225,
311667835,Twister 3Ster Mango Raspberry & Orange Ices 5X70ml,https://www.tesco.com/groceries/en-GB/shop/frozen-food/all?department=Ice%20Cream%2C%20Ice%20Lollies%20%26%20Frozen%20Desserts&viewAll=department&page=,£2.20,£0.63/100ml,,,/groceries/en-GB/products/311667835,https://digitalcontent.api.tesco.com/v2/media/ghs/8224e2ca-eba7-4cfc-a9d5-6704586eb783/d9f3dc28-b117-4b58-802b-c26f3cd93889.jpeg?h=225&w=225,
312840507,Rowntree's YO'GEES 6X55ml,https://www.tesco.com/groceries/en-GB/shop/frozen-food/all?department=Ice%20Cream%2C%20Ice%20Lollies%20%26%20Frozen%20Desserts&viewAll=department&page=,£2.00,£0.61/100ml,,New,/groceries/en-GB/products/312840507,https://digitalcontent.api.tesco.com/v2/media/ghs/84e93c73-76f9-4751-a805-cc7974374474/d1147e61-4cc1-4fa7-9d64-52b0969f53b7_1043851773.jpeg?h=225&w=225,
306937725,Tesco Cookie Dough Ice Cream 480Ml,https://www.tesco.com/groceries/en-GB/shop/frozen-food/all?department=Ice%20Cream%2C%20Ice%20Lollies%20%26%20Frozen%20Desserts&viewAll=department&page=,£2.00,£0.42/100ml,,,/groceries/en-GB/products/306937725,https://digitalcontent.api.tesco.com/v2/media/ghs/f8695c82-24cc-4a14-976b-896a1f620503/02280123-51e8-47fe-a6f4-c585781cba87.jpeg?h=225&w=225,
291745550,Tesco Raspberry Pavlova 310G,https://www.tesco.com/groceries/en-GB/shop/frozen-food/all?department=Ice%20Cream%2C%20Ice%20Lollies%20%26%20Frozen%20Desserts&viewAll=department&page=,£2.65,£0.86/100g,,,/groceries/en-GB/products/291745550,https://digitalcontent.api.tesco.com/v2/media/ghs/1ff9202f-ab4b-4bec-b99e-5bdd7841628e/ffa84f69-31f7-4045-9c23-04c670a70ac0.jpeg?h=225&w=225,
310663187,Tesco Loaded Strawberry Meringue Mess 415G,https://www.tesco.com/groceries/en-GB/shop/frozen-food/all?department=Ice%20Cream%2C%20Ice%20Lollies%20%26%20Frozen%20Desserts&viewAll=department&page=,£2.00,£0.48/100g,,,/groceries/en-GB/products/310663187,https://digitalcontent.api.tesco.com/v2/media/ghs/a676f47a-9409-451a-89e0-776c251f8663/41d8b4e2-0fc6-4fa9-b9a0-2baf8196df89.jpeg?h=225&w=225,
256028662,Mini Milk Ice Cream Lollies 12 X 35Ml,https://www.tesco.com/groceries/en-GB/shop/frozen-food/all?department=Ice%20Cream%2C%20Ice%20Lollies%20%26%20Frozen%20Desserts&viewAll=department&page=,£2.25,£0.54/100ml,,,/groceries/en-GB/products/256028662,https://digitalcontent.api.tesco.com/v2/media/ghs/bbc23ee1-a377-4bea-a8e6-b7b72a04dffe/6b532a9a-d6c6-4851-ac8b-56658ac39cbd.jpeg?h=225&w=225,
309499190,Tesco Strawberry Gateau Bar 400G,https://www.tesco.com/groceries/en-GB/shop/frozen-food/all?department=Ice%20Cream%2C%20Ice%20Lollies%20%26%20Frozen%20Desserts&viewAll=department&page=,£2.00,£0.50/100g,,,/groceries/en-GB/products/309499190,https://digitalcontent.api.tesco.com/v2/media/ghs/3a729502-a8fd-423d-bcfe-cd78fc67085e/ae0951f4-8096-489b-bc9a-ce1d8220c1b2.jpeg?h=225&w=225,
310182237,Ben & Jerry's Sundae Hazel -Nuttin But Chocolate 427Ml,https://www.tesco.com/groceries/en-GB/shop/frozen-food/all?department=Ice%20Cream%2C%20Ice%20Lollies%20%26%20Frozen%20Desserts&viewAll=department&page=,£4.80,£1.13/100ml,,,/groceries/en-GB/products/310182237,https://digitalcontent.api.tesco.com/v2/media/ghs/4b9daff2-2961-43f4-8780-104fdbebbffc/941f3fe1-db6e-471c-8421-86a4aac59f1c.jpeg?h=225&w=225,
312577370,English Cheesecake Company Ltd Strawberry & Cream Frozen Cheesecake 350G,https://www.tesco.com/groceries/en-GB/shop/frozen-food/all?department=Ice%20Cream%2C%20Ice%20Lollies%20%26%20Frozen%20Desserts&viewAll=department&page=,£4.50,£1.29/100g,£4.00 Clubcard Price,,/groceries/en-GB/products/312577370,https://digitalcontent.api.tesco.com/v2/media/ghs/d2a5c538-6317-4cd2-97c6-5e23f59716c3/e7846969-414a-40df-b7c2-2bcc61d18045_1583135765.jpeg?h=225&w=225,
312360574,E/Cmpny/Ltd 6 Mango Passion Fruit Cheesecake Bite 225G,https://www.tesco.com/groceries/en-GB/shop/frozen-food/all?department=Ice%20Cream%2C%20Ice%20Lollies%20%26%20Frozen%20Desserts&viewAll=department&page=,£4.00,£1.78/100g,£3.00 Clubcard Price,,/groceries/en-GB/products/312360574,https://digitalcontent.api.tesco.com/v2/media/ghs/fec7d1da-7eb8-4d2d-8d4f-8a6b6f2b8f81/097ae3ad-d143-4b62-84c9-9a4e2771bdad.jpeg?h=225&w=225,
299443317,Halo Top Sea Salt Caramel Ice Cream 473Ml,https://www.tesco.com/groceries/en-GB/shop/frozen-food/all?department=Ice%20Cream%2C%20Ice%20Lollies%20%26%20Frozen%20Desserts&viewAll=department&page=,£5.25,£1.11/100ml,,,/groceries/en-GB/products/299443317,https://digitalcontent.api.tesco.com/v2/media/ghs/65c9be4c-1086-4771-9ea2-6ac0ce591a34/fd632167-0219-4079-8525-45e5a58d266a.jpeg?h=225&w=225,
312222257,English Cheesecake Company Ltd Cheesecake Chocolate Fudge & Cookie Dough390g,https://www.tesco.com/groceries/en-GB/shop/frozen-food/all?department=Ice%20Cream%2C%20Ice%20Lollies%20%26%20Frozen%20Desserts&viewAll=department&page=,£4.50,£1.16/100g,£4.00 Clubcard Price,,/groceries/en-GB/products/312222257,https://digitalcontent.api.tesco.com/v2/media/ghs/9ac57f9b-de74-472f-a623-73c648264410/a698f92c-8fda-4082-9dfe-0ed6c3add85b.jpeg?h=225&w=225,
300111358,Haagen-Dazs Cookies & Cream Ice Cream 460Ml,https://www.tesco.com/groceries/en-GB/shop/frozen-food/all?department=Ice%20Cream%2C%20Ice%20Lollies%20%26%20Frozen%20Desserts&viewAll=department&page=,£4.80,£1.05/100ml,,,/groceries/en-GB/products/300111358,https://digitalcontent.api.tesco.com/v2/media/ghs/4291add9-1539-46b1-b420-a592de6c9545/5224780e-acaf-4383-bf94-c6a6dbaaa4f1.jpeg?h=225&w=225,
305977074,Lotus Biscoff Ice Cream Sticks 3X90ml,https://www.tesco.com/groceries/en-GB/shop/frozen-food/all?department=Ice%20Cream%2C%20Ice%20Lollies%20%26%20Frozen%20Desserts&viewAll=department&page=,£4.10,£1.52/100ml,,,/groceries/en-GB/products/305977074,https://digitalcontent.api.tesco.com/v2/media/ghs/8397eb30-db5f-4c26-8d1f-66f71d46b022/329edd31-6714-47a2-8664-a563b5eaae84.jpeg?h=225&w=225,
301785981,Magnum Vegan Almond Ice Cream 270Ml,https://www.tesco.com/groceries/en-GB/shop/frozen-food/all?department=Ice%20Cream%2C%20Ice%20Lollies%20%26%20Frozen%20Desserts&viewAll=department&page=,£3.50,£1.30/100ml,£3.00 Clubcard Price,,/groceries/en-GB/products/301785981,https://digitalcontent.api.tesco.com/v2/media/ghs/d3332246-2b77-4a36-ac07-234c8ab2164f/156e900b-ba2d-4680-aecf-7b122df48523.jpeg?h=225&w=225,
299443330,Halo Top Peanut Butter Cup Ice Cream 473Ml,https://www.tesco.com/groceries/en-GB/shop/frozen-food/all?department=Ice%20Cream%2C%20Ice%20Lollies%20%26%20Frozen%20Desserts&viewAll=department&page=,£5.25,£1.11/100ml,,,/groceries/en-GB/products/299443330,https://digitalcontent.api.tesco.com/v2/media/ghs/4681540b-62d2-41c0-84c7-cd4024f2e667/f8e1e043-a7f5-42dd-af37-316cfc52f610.jpeg?h=225&w=225,
308475847,Poppies 12 Assorted Flavour Macarons 132G,https://www.tesco.com/groceries/en-GB/shop/frozen-food/all?department=Ice%20Cream%2C%20Ice%20Lollies%20%26%20Frozen%20Desserts&viewAll=department&page=,£3.20,£2.43/100g,,,/groceries/en-GB/products/308475847,https://digitalcontent.api.tesco.com/v2/media/ghs/c3a0b69e-1006-436c-9e88-74c7161cff7c/473b936a-2273-403c-9910-1a097b81c42f.jpeg?h=225&w=225,
307348672,Ben & Jerry's Minter Wonderland Mint Ice Cream 465Ml,https://www.tesco.com/groceries/en-GB/shop/frozen-food/all?department=Ice%20Cream%2C%20Ice%20Lollies%20%26%20Frozen%20Desserts&viewAll=department&page=,£4.80,£1.04/100ml,£3.50 Clubcard Price,,/groceries/en-GB/products/307348672,https://digitalcontent.api.tesco.com/v2/media/ghs/b54491e8-8201-4e61-9031-12189ddf12ed/e2a2e116-8826-4770-90ed-c6fb0be9f0f0.jpeg?h=225&w=225,
303066907,Haagen-Dazs Caramel Swirl Gelato 4X95ml,https://www.tesco.com/groceries/en-GB/shop/frozen-food/all?department=Ice%20Cream%2C%20Ice%20Lollies%20%26%20Frozen%20Desserts&viewAll=department&page=,£5.00,£1.32/100ml,,,/groceries/en-GB/products/303066907,https://digitalcontent.api.tesco.com/v2/media/ghs/fe72dd5e-4ca0-4771-bd50-f5486c6cc792/2b9a837d-019a-4804-996f-42ca21400abf.jpeg?h=225&w=225,
310144275,Ben & Jerry's Caramel Brownie Party Ice Cream 465Ml,https://www.tesco.com/groceries/en-GB/shop/frozen-food/all?department=Ice%20Cream%2C%20Ice%20Lollies%20%26%20Frozen%20Desserts&viewAll=department&page=,£4.80,£1.04/100ml,£3.50 Clubcard Price,,/groceries/en-GB/products/310144275,https://digitalcontent.api.tesco.com/v2/media/ghs/4f8ffc07-5166-469c-b6aa-59431dc7d5b8/77d0c276-f287-45f2-ab73-8d19eeb73787.jpeg?h=225&w=225,
303105966,Halo Top Sea Salt Caramel Sticks 3 X 100Ml,https://www.tesco.com/groceries/en-GB/shop/frozen-food/all?department=Ice%20Cream%2C%20Ice%20Lollies%20%26%20Frozen%20Desserts&viewAll=department&page=,£3.95,£1.32/100ml,£2.95 Clubcard Price,,/groceries/en-GB/products/303105966,https://digitalcontent.api.tesco.com/v2/media/ghs/95d23ee0-b95c-4ff7-bb5d-e6903389020b/53ecd3b6-e5b3-49b7-a06d-d46c286fbe8a.jpeg?h=225&w=225,
312856155,English Cheesecake Company Ltd 6 Cookies & Cream Cheesecake Bite 225G,https://www.tesco.com/groceries/en-GB/shop/frozen-food/all?department=Ice%20Cream%2C%20Ice%20Lollies%20%26%20Frozen%20Desserts&viewAll=department&page=,£4.00,£1.78/100g,£3.00 Clubcard Price,,/groceries/en-GB/products/312856155,https://digitalcontent.api.tesco.com/v2/media/ghs/81366e87-f122-4530-bf83-6754586ef0e0/04b3e4f5-b689-4f8e-9265-7ef74078fb5e.jpeg?h=225&w=225,
283198009,Oreo Ice Cream 480Ml,https://www.tesco.com/groceries/en-GB/shop/frozen-food/all?department=Ice%20Cream%2C%20Ice%20Lollies%20%26%20Frozen%20Desserts&viewAll=department&page=,£3.00,£0.62/100ml,,,/groceries/en-GB/products/283198009,https://digitalcontent.api.tesco.com/v2/media/ghs/30fabacd-faf3-4a06-87b4-9e4b915f1d28/ab77eca0-a0dc-4062-be80-4e17f00b2019.jpeg?h=225&w=225,
299443290,Halo Top Chocolate Chip Cookie Dough Ice Cream 473Ml,https://www.tesco.com/groceries/en-GB/shop/frozen-food/all?department=Ice%20Cream%2C%20Ice%20Lollies%20%26%20Frozen%20Desserts&viewAll=department&page=,£5.25,£1.11/100ml,,,/groceries/en-GB/products/299443290,https://digitalcontent.api.tesco.com/v2/media/ghs/d7d09c71-f6ae-4e77-9bea-67d947676a2b/b3daab7c-7475-499f-9497-56d2aca24b35.jpeg?h=225&w=225,
303105989,Halo Top Peanut Butter Swirl Sticks 3 X 100Ml,https://www.tesco.com/groceries/en-GB/shop/frozen-food/all?department=Ice%20Cream%2C%20Ice%20Lollies%20%26%20Frozen%20Desserts&viewAll=department&page=,£3.95,£1.32/100ml,£2.95 Clubcard Price,,/groceries/en-GB/products/303105989,https://digitalcontent.api.tesco.com/v2/media/ghs/ab3444b0-3196-4c89-94b3-452c40877407/7272d1fe-c721-4396-be28-712b9c91be7d.jpeg?h=225&w=225,
312563622,English Cheesecake Company Ltd 6 Vanilla With Lotus Cheesecake Bite 225G,https://www.tesco.com/groceries/en-GB/shop/frozen-food/all?department=Ice%20Cream%2C%20Ice%20Lollies%20%26%20Frozen%20Desserts&viewAll=department&page=,£4.00,£1.78/100g,£3.00 Clubcard Price,,/groceries/en-GB/products/312563622,https://digitalcontent.api.tesco.com/v2/media/ghs/ac065dc2-3efb-4e72-98d0-6de9cb6c746c/a016d4e2-a877-40f7-907e-09848ed79a1d_1235372167.jpeg?h=225&w=225,
310677652,Magnum Mini Vegan Classic Vanilla & Almond 6 Pack 330Ml,https://www.tesco.com/groceries/en-GB/shop/frozen-food/all?department=Ice%20Cream%2C%20Ice%20Lollies%20%26%20Frozen%20Desserts&viewAll=department&page=,£3.50,£1.07/100ml,£3.00 Clubcard Price,,/groceries/en-GB/products/310677652,https://digitalcontent.api.tesco.com/v2/media/ghs/db3ceb19-7d1e-41b1-8daa-945215fac5b8/f4a231bc-26d7-4d92-a22d-842404febc2d.jpeg?h=225&w=225,
291631516,Tesco Lemon Sorbet 500Ml,https://www.tesco.com/groceries/en-GB/shop/frozen-food/all?department=Ice%20Cream%2C%20Ice%20Lollies%20%26%20Frozen%20Desserts&viewAll=department&page=,£2.40,£0.48/100ml,,,/groceries/en-GB/products/291631516,https://digitalcontent.api.tesco.com/v2/media/ghs/731b9d5f-9540-46d7-91aa-c9c1b913eaae/b4f3f8a1-13ab-4899-bc50-b870f6a24fcd.jpeg?h=225&w=225,
305941871,Oreo Stick Sandwich 4X75ml,https://www.tesco.com/groceries/en-GB/shop/frozen-food/all?department=Ice%20Cream%2C%20Ice%20Lollies%20%26%20Frozen%20Desserts&viewAll=department&page=,£3.25,£1.09/100ml,,,/groceries/en-GB/products/305941871,https://digitalcontent.api.tesco.com/v2/media/ghs/37505964-4d1e-45e2-a13d-f7bdd4976ce5/d9ccb281-38be-4c7e-8fe1-5df2dc85f4cd.jpeg?h=225&w=225,
299947597,Cornetto Vanilla Gluten Free Soy Ice Cream Cone 4X90ml,https://www.tesco.com/groceries/en-GB/shop/frozen-food/all?department=Ice%20Cream%2C%20Ice%20Lollies%20%26%20Frozen%20Desserts&viewAll=department&page=,£3.00,£0.83/100ml,,,/groceries/en-GB/products/299947597,https://digitalcontent.api.tesco.com/v2/media/ghs/52626c4e-f70d-403f-ac36-5e01e602e072/a2793311-a6ae-4f5b-a478-4506531f67bd.jpeg?h=225&w=225,
307741269,Little Moons 6 Passion Fruit Mango Treats 192G,https://www.tesco.com/groceries/en-GB/shop/frozen-food/all?department=Ice%20Cream%2C%20Ice%20Lollies%20%26%20Frozen%20Desserts&viewAll=department&page=,£4.80,£2.50/100g,£3.50 Clubcard Price,,/groceries/en-GB/products/307741269,https://digitalcontent.api.tesco.com/v2/media/ghs/e3e54a76-495d-4e83-9095-ed5d0f626d4f/683edf17-a091-4cbb-8a47-148d8e93b0fc.jpeg?h=225&w=225,
312841783,The Coconut Collaborative Chocolate Dipped Vanilla Sticks 3X85ml,https://www.tesco.com/groceries/en-GB/shop/frozen-food/all?department=Ice%20Cream%2C%20Ice%20Lollies%20%26%20Frozen%20Desserts&viewAll=department&page=,£3.50,£1.38/100ml,,New,/groceries/en-GB/products/312841783,https://digitalcontent.api.tesco.com/v2/media/ghs/01bf39a9-2451-4a76-b97b-4091f481d36a/7f6d3e75-4a7d-46fa-ad68-caf932a7e610_1696052178.jpeg?h=225&w=225,
312583448,Coconut Collaborative Chocolate Caramel Sticks 3X85ml,https://www.tesco.com/groceries/en-GB/shop/frozen-food/all?department=Ice%20Cream%2C%20Ice%20Lollies%20%26%20Frozen%20Desserts&viewAll=department&page=,£3.50,£1.38/100ml,,New,/groceries/en-GB/products/312583448,https://digitalcontent.api.tesco.com/v2/media/ghs/287bf48d-dfbc-4237-b0bc-604cbe683a72/58ee068d-5fb5-4346-9a90-c3c2b0c60e70_1116210836.jpeg?h=225&w=225,
312838724,Rowntree's Mix'd Ice Lollies 12 Pack 864Ml,https://www.tesco.com/groceries/en-GB/shop/frozen-food/all?department=Ice%20Cream%2C%20Ice%20Lollies%20%26%20Frozen%20Desserts&viewAll=department&page=,£3.50,£0.40/100ml,,New,/groceries/en-GB/products/312838724,https://digitalcontent.api.tesco.com/v2/media/ghs-mktg/b0b04216-fa73-466d-a9d7-c9fcfa1ce9b3/no-image.jpeg,
310153609,Cornetto Soft Cookie & Chocolate 140Ml X 4,https://www.tesco.com/groceries/en-GB/shop/frozen-food/all?department=Ice%20Cream%2C%20Ice%20Lollies%20%26%20Frozen%20Desserts&viewAll=department&page=,£3.50,£0.62/100ml,£3.00 Clubcard Price,,/groceries/en-GB/products/310153609,https://digitalcontent.api.tesco.com/v2/media/ghs/770e5286-38f2-4291-93d0-252ec88aa74e/1bccd9f1-9339-4cf5-b820-daf28a40e229.jpeg?h=225&w=225,
310116614,Tesco Finest Pink Lemonade Lollies 4X73ml,https://www.tesco.com/groceries/en-GB/shop/frozen-food/all?department=Ice%20Cream%2C%20Ice%20Lollies%20%26%20Frozen%20Desserts&viewAll=department&page=,£2.35,£0.80/100ml,,,/groceries/en-GB/products/310116614,https://digitalcontent.api.tesco.com/v2/media/ghs/a0b5b121-7f1a-43df-aa80-dcceb2f0295d/c52bbdd8-0560-414b-9781-cce6f60c51c6.jpeg?h=225&w=225,
286715022,Tesco Mango Sorbet 500Ml,https://www.tesco.com/groceries/en-GB/shop/frozen-food/all?department=Ice%20Cream%2C%20Ice%20Lollies%20%26%20Frozen%20Desserts&viewAll=department&page=,£2.40,£0.48/100ml,,,/groceries/en-GB/products/286715022,https://digitalcontent.api.tesco.com/v2/media/ghs/c3525513-bca1-40b1-ad45-35e9f53cd844/8c063497-1cab-4608-af95-889618af8323.jpeg?h=225&w=225,
308107569,Oreo Ice Cream Cone With Oreo Cookie Coating 4X110ml,https://www.tesco.com/groceries/en-GB/shop/frozen-food/all?department=Ice%20Cream%2C%20Ice%20Lollies%20%26%20Frozen%20Desserts&viewAll=department&page=,£3.50,£0.80/100ml,£3.00 Clubcard Price,,/groceries/en-GB/products/308107569,https://digitalcontent.api.tesco.com/v2/media/ghs/fa318000-c33b-473b-9d44-68494ca9a3a1/0c2bb90a-4072-426c-acae-654e664b541d.jpeg?h=225&w=225,
307133868,Wicked Kitchen Mint Chocolate Chip Ice Dream Treat 500Ml,https://www.tesco.com/groceries/en-GB/shop/frozen-food/all?department=Ice%20Cream%2C%20Ice%20Lollies%20%26%20Frozen%20Desserts&viewAll=department&page=,£3.00,£0.60/100ml,,,/groceries/en-GB/products/307133868,https://digitalcontent.api.tesco.com/v2/media/ghs/35907cf5-e91a-429f-8fec-a3c8a45460b7/04bc4857-f8d8-4868-a067-457598553015.jpeg?h=225&w=225,
303004233,Nuii Salted Caramel Macadamia Ice Cream Sticks 3X90ml,https://www.tesco.com/groceries/en-GB/shop/frozen-food/all?department=Ice%20Cream%2C%20Ice%20Lollies%20%26%20Frozen%20Desserts&viewAll=department&page=,£4.00,£1.49/100ml,£2.50 Clubcard Price,,/groceries/en-GB/products/303004233,https://digitalcontent.api.tesco.com/v2/media/ghs/bfb483a7-d3b1-4b87-9ec5-5027dcf13f54/7d4fb585-c08f-4a45-bb1f-ec1fef679010.jpeg?h=225&w=225,
291844921,Swedish Glace Chocolate Non Dairy Ice Cream 750Ml,https://www.tesco.com/groceries/en-GB/shop/frozen-food/all?department=Ice%20Cream%2C%20Ice%20Lollies%20%26%20Frozen%20Desserts&viewAll=department&page=,£2.50,£0.33/100ml,,,/groceries/en-GB/products/291844921,https://digitalcontent.api.tesco.com/v2/media/ghs/e497b006-0b84-43c8-9023-621e350364d3/snapshotimagehandler_37662950.jpeg?h=225&w=225,
299388866,Nestle Extreme Salted Caramel White Chocolate 4X120ml,https://www.tesco.com/groceries/en-GB/shop/frozen-food/all?department=Ice%20Cream%2C%20Ice%20Lollies%20%26%20Frozen%20Desserts&viewAll=department&page=,£3.50,£0.73/100ml,£2.50 Clubcard Price,,/groceries/en-GB/products/299388866,https://digitalcontent.api.tesco.com/v2/media/ghs/09dbeb7f-4b0e-4ab4-9f4f-9e3b1e0e5e94/eb4ecf9b-b58b-4737-823f-67aa2dda2233.jpeg?h=225&w=225,
307760429,Cadbury Boost Ice Cream Sticks 4X90ml,https://www.tesco.com/groceries/en-GB/shop/frozen-food/all?department=Ice%20Cream%2C%20Ice%20Lollies%20%26%20Frozen%20Desserts&viewAll=department&page=,£3.25,£0.90/100ml,,,/groceries/en-GB/products/307760429,https://digitalcontent.api.tesco.com/v2/media/ghs/ecacdd9c-90a1-41d8-9896-28f73dc70fcb/a23664f8-2ebc-4fd2-9736-a67c4db9abf3.jpeg?h=225&w=225,
310656167,Extreme Cookie Cone Vanilla 4 X 110Ml,https://www.tesco.com/groceries/en-GB/shop/frozen-food/all?department=Ice%20Cream%2C%20Ice%20Lollies%20%26%20Frozen%20Desserts&viewAll=department&page=,£4.00,£0.91/100ml,,,/groceries/en-GB/products/310656167,https://digitalcontent.api.tesco.com/v2/media/ghs/3c089520-536f-4f39-93bc-cdc7d645b73e/25a7de5e-9c22-417a-83d1-0f332205c37c.jpeg?h=225&w=225,
308118125,Cadbury Dairy Milk Chocolate Tops 4X110ml,https://www.tesco.com/groceries/en-GB/shop/frozen-food/all?department=Ice%20Cream%2C%20Ice%20Lollies%20%26%20Frozen%20Desserts&viewAll=department&page=,£3.50,£0.80/100ml,£3.00 Clubcard Price,,/groceries/en-GB/products/308118125,https://digitalcontent.api.tesco.com/v2/media/ghs/6ff2e984-dae0-4550-94ff-39730b94d4d1/594be47d-14fb-4681-acca-6b359fdb4b9f.jpeg?h=225&w=225,
310663265,Extreme Cookie Cone Caramel 4X110ml,https://www.tesco.com/groceries/en-GB/shop/frozen-food/all?department=Ice%20Cream%2C%20Ice%20Lollies%20%26%20Frozen%20Desserts&viewAll=department&page=,£4.00,£0.91/100ml,,,/groceries/en-GB/products/310663265,https://digitalcontent.api.tesco.com/v2/media/ghs/ddf4e4a5-00ec-44dd-bed4-22ff05e02491/9a481ef7-704a-4060-a35d-176b26338af9.jpeg?h=225&w=225,
301745355,Baileys Salted Caramel Profiteroles 216G,https://www.tesco.com/groceries/en-GB/shop/frozen-food/all?department=Ice%20Cream%2C%20Ice%20Lollies%20%26%20Frozen%20Desserts&viewAll=department&page=,£2.00,£0.93/100g,,,/groceries/en-GB/products/301745355,https://digitalcontent.api.tesco.com/v2/media/ghs/a29ed476-1dc0-47d7-b3b5-1596f40453c8/81468a5e-9ccf-4562-988e-52458ccc2a32_462618286.jpeg?h=225&w=225,
301767640,Tesco Double Chocolate Yule Log 400G,https://www.tesco.com/groceries/en-GB/shop/frozen-food/all?department=Ice%20Cream%2C%20Ice%20Lollies%20%26%20Frozen%20Desserts&viewAll=department&page=,£2.00,£0.50/100g,,,/groceries/en-GB/products/301767640,https://digitalcontent.api.tesco.com/v2/media/ghs/2fcef79f-7dad-433c-b76d-30a8ec53f01c/cc232cc3-d219-45a5-af3c-62fb2ad0a1c4.jpeg?h=225&w=225,
312578069,Halo Top Plant Based Triple Chocolate Cake Ice Cream 473Ml,https://www.tesco.com/groceries/en-GB/shop/frozen-food/all?department=Ice%20Cream%2C%20Ice%20Lollies%20%26%20Frozen%20Desserts&viewAll=department&page=,£5.25,£1.11/100ml,£3.50 Clubcard Price,,/groceries/en-GB/products/312578069,https://digitalcontent.api.tesco.com/v2/media/ghs/75ffe3fd-cad7-4da1-bd3c-54d9cf6c099b/83550b90-141f-4ea8-9386-d168da841835_2073654546.jpeg?h=225&w=225,
312838816,Halo Top Plant-Based Salted Caramel Pecan Ice Cream 473Ml,https://www.tesco.com/groceries/en-GB/shop/frozen-food/all?department=Ice%20Cream%2C%20Ice%20Lollies%20%26%20Frozen%20Desserts&viewAll=department&page=,£5.25,£1.11/100ml,£3.50 Clubcard Price,,/groceries/en-GB/products/312838816,https://digitalcontent.api.tesco.com/v2/media/ghs/9caf5e2e-3cb3-4db2-9d8e-4e937dfc6b56/1a464666-bc1f-4cbe-9ebb-f69984aa03de_2053810764.jpeg?h=225&w=225,
312856077,Halo Top Plant Based Fudge Brwnie Vanilla Ice Cream 473Ml,https://www.tesco.com/groceries/en-GB/shop/frozen-food/all?department=Ice%20Cream%2C%20Ice%20Lollies%20%26%20Frozen%20Desserts&viewAll=department&page=,£5.25,£1.11/100ml,£3.50 Clubcard Price,,/groceries/en-GB/products/312856077,https://digitalcontent.api.tesco.com/v2/media/ghs/53f05e1f-1d74-4631-8dcb-52cb63388fe2/eaec63e6-9808-4088-b077-1acce9f4f795_1106713588.jpeg?h=225&w=225,
310111850,Halo Top Cookies & Cream Ice Cream 473Ml,https://www.tesco.com/groceries/en-GB/shop/frozen-food/all?department=Ice%20Cream%2C%20Ice%20Lollies%20%26%20Frozen%20Desserts&viewAll=department&page=,£5.25,£1.11/100ml,,,/groceries/en-GB/products/310111850,https://digitalcontent.api.tesco.com/v2/media/ghs/1d689b29-163a-4ca3-9af3-da0aa0b7e997/5c4961c4-d3b4-429f-9cd7-09055c215a9a.jpeg?h=225&w=225,
307754070,Magnum Vegan Sea Salt Caramel Ice Cream 3 X 90Ml,https://www.tesco.com/groceries/en-GB/shop/frozen-food/all?department=Ice%20Cream%2C%20Ice%20Lollies%20%26%20Frozen%20Desserts&viewAll=department&page=,£3.50,£1.30/100ml,£3.00 Clubcard Price,,/groceries/en-GB/products/307754070,https://digitalcontent.api.tesco.com/v2/media/ghs/a3e44f82-407d-4288-be41-990e248c1471/ddbc1232-bf5c-49f1-91db-bf39625b48b2.jpeg?h=225&w=225,
312101703,Jude's Plant-Based Salted Caramel & Chocolate Ice Cream 4X85ml,https://www.tesco.com/groceries/en-GB/shop/frozen-food/all?department=Ice%20Cream%2C%20Ice%20Lollies%20%26%20Frozen%20Desserts&viewAll=department&page=,£4.80,£1.42/100ml,£3.00 Clubcard Price,,/groceries/en-GB/products/312101703,https://digitalcontent.api.tesco.com/v2/media/ghs/a7b6b8aa-b10c-4d86-ac35-767b12258e7b/6450c606-ff22-465e-bacf-b719f7db2621_1029378484.jpeg?h=225&w=225,
310657716,Magnum White Chocolate & Berry Remix Ice Cream 3X85ml,https://www.tesco.com/groceries/en-GB/shop/frozen-food/all?department=Ice%20Cream%2C%20Ice%20Lollies%20%26%20Frozen%20Desserts&viewAll=department&page=,£4.00,£1.57/100ml,£3.00 Clubcard Price,,/groceries/en-GB/products/310657716,https://digitalcontent.api.tesco.com/v2/media/ghs/6ebdaffa-84ac-4ae6-ad01-d12da3c259ae/d20cd2da-cb68-4593-88c9-046b2937f575.jpeg?h=225&w=225,
303007719,Tesco Finest Dark Chocolate Ice Cream 480Ml,https://www.tesco.com/groceries/en-GB/shop/frozen-food/all?department=Ice%20Cream%2C%20Ice%20Lollies%20%26%20Frozen%20Desserts&viewAll=department&page=,£3.00,£0.62/100ml,,,/groceries/en-GB/products/303007719,https://digitalcontent.api.tesco.com/v2/media/ghs/d6b543a6-69c2-4ceb-b75f-c309542715e8/c3eb3070-a24f-4c16-b1c2-9566f693bee7.jpeg?h=225&w=225,
305947489,Ben & Jerry's Peanut Butter Cup Ice Cream 465Ml,https://www.tesco.com/groceries/en-GB/shop/frozen-food/all?department=Ice%20Cream%2C%20Ice%20Lollies%20%26%20Frozen%20Desserts&viewAll=department&page=,£4.80,£1.04/100ml,£3.50 Clubcard Price,,/groceries/en-GB/products/305947489,https://digitalcontent.api.tesco.com/v2/media/ghs/fd2ebd69-f39c-40ad-aeb3-07646e2eefa3/dd32426e-6065-4209-9f45-76060529f81c.jpeg?h=225&w=225,
305956750,Ben & Jerry's Karamel Sutra Core Ice Cream 465Ml,https://www.tesco.com/groceries/en-GB/shop/frozen-food/all?department=Ice%20Cream%2C%20Ice%20Lollies%20%26%20Frozen%20Desserts&viewAll=department&page=,£4.80,£1.04/100ml,£3.50 Clubcard Price,,/groceries/en-GB/products/305956750,https://digitalcontent.api.tesco.com/v2/media/ghs/cadfaa38-598e-4392-a88d-665e0d699b6b/126161df-3099-4d9d-95a0-4886bfa778bc.jpeg?h=225&w=225,
305729766,Tesco Finest Raspberry & Dark Chocolate Roulade 450G,https://www.tesco.com/groceries/en-GB/shop/frozen-food/all?department=Ice%20Cream%2C%20Ice%20Lollies%20%26%20Frozen%20Desserts&viewAll=department&page=,£5.00,£1.12/100g,,,/groceries/en-GB/products/305729766,https://digitalcontent.api.tesco.com/v2/media/ghs/9f5a225c-44be-44a6-83bc-f140f385f729/a45ae103-84bf-4da3-a243-53494632fbed.jpeg?h=225&w=225,
305968091,Ben & Jerry's Caramel Chew Chew Ice Cream 465Ml,https://www.tesco.com/groceries/en-GB/shop/frozen-food/all?department=Ice%20Cream%2C%20Ice%20Lollies%20%26%20Frozen%20Desserts&viewAll=department&page=,£4.80,£1.04/100ml,£3.50 Clubcard Price,,/groceries/en-GB/products/305968091,https://digitalcontent.api.tesco.com/v2/media/ghs/b933f1f7-ec22-4084-9291-7fe8460b4f1e/84184e9f-9152-425e-9b28-a59435378881.jpeg?h=225&w=225,
310130959,Magnum Mini Collection Cookie Mix 6 Pack 330Ml,https://www.tesco.com/groceries/en-GB/shop/frozen-food/all?department=Ice%20Cream%2C%20Ice%20Lollies%20%26%20Frozen%20Desserts&viewAll=department&page=,£4.00,£1.22/100ml,£3.00 Clubcard Price,,/groceries/en-GB/products/310130959,https://digitalcontent.api.tesco.com/v2/media/ghs/f2002ff1-fe2d-42c2-8912-bf09f8eb5533/c8a50243-ed50-44ce-b00d-cee9690a3dab.jpeg?h=225&w=225,
312720742,Doughlicious Ready To Bake Chocolate Chip Cookies 6 Pieces 204G,https://www.tesco.com/groceries/en-GB/shop/frozen-food/all?department=Ice%20Cream%2C%20Ice%20Lollies%20%26%20Frozen%20Desserts&viewAll=department&page=,£3.00,£1.48/100g,£2.00 Clubcard Price,,/groceries/en-GB/products/312720742,https://digitalcontent.api.tesco.com/v2/media/ghs/585e5b84-0e67-4ba6-8ea9-77b9c7c9f551/fdaacbfe-8e48-4b6a-8571-03726342fd05_619413553.jpeg?h=225&w=225,
312842799,Jude's Plant-Based Salted Caramel Ice Cream 3X80ml,https://www.tesco.com/groceries/en-GB/shop/frozen-food/all?department=Ice%20Cream%2C%20Ice%20Lollies%20%26%20Frozen%20Desserts&viewAll=department&page=,£3.85,£1.61/100ml,£3.00 Clubcard Price,,/groceries/en-GB/products/312842799,https://digitalcontent.api.tesco.com/v2/media/ghs/dcbd0b25-e85b-4d07-9393-7c7dc2f58401/9889ac34-df00-49be-882a-096e16dcdc51_1149586287.jpeg?h=225&w=225,
303004256,Nuii Dark Chocolate & Berry Ice Cream Sticks 3X90ml,https://www.tesco.com/groceries/en-GB/shop/frozen-food/all?department=Ice%20Cream%2C%20Ice%20Lollies%20%26%20Frozen%20Desserts&viewAll=department&page=,£4.00,£1.49/100ml,£2.50 Clubcard Price,,/groceries/en-GB/products/303004256,https://digitalcontent.api.tesco.com/v2/media/ghs/e0281248-06d2-4bfe-a7ce-dd530e64f1cb/9a9fdfc9-be33-424f-91b1-11e81ab6f14c.jpeg?h=225&w=225,
303007691,Tesco Finest Ice Cream Salted Caramel 480Ml,https://www.tesco.com/groceries/en-GB/shop/frozen-food/all?department=Ice%20Cream%2C%20Ice%20Lollies%20%26%20Frozen%20Desserts&viewAll=department&page=,£3.00,£0.62/100ml,,,/groceries/en-GB/products/303007691,https://digitalcontent.api.tesco.com/v2/media/ghs/4702e9f1-f67f-4e03-9797-0e2fe32855b7/96912363-e452-4e5f-8fdd-4f2ccf057cfb.jpeg?h=225&w=225,
308102967,Cadbury Dairy Milk Ice Cream Tub 480Ml,https://www.tesco.com/groceries/en-GB/shop/frozen-food/all?department=Ice%20Cream%2C%20Ice%20Lollies%20%26%20Frozen%20Desserts&viewAll=department&page=,£3.00,£0.62/100ml,,,/groceries/en-GB/products/308102967,https://digitalcontent.api.tesco.com/v2/media/ghs/b2c2d8d5-26c8-4096-982d-b08961981440/adbe2e17-377b-4810-9d0d-52d2856ae3c3.jpeg?h=225&w=225,
305985634,Ben & Jerry's Cookies On Cookie Dough Dairy Free Ice Cream 465Ml,https://www.tesco.com/groceries/en-GB/shop/frozen-food/all?department=Ice%20Cream%2C%20Ice%20Lollies%20%26%20Frozen%20Desserts&viewAll=department&page=,£4.50,£0.97/100ml,,,/groceries/en-GB/products/305985634,https://digitalcontent.api.tesco.com/v2/media/ghs/55222b38-f345-460a-b6ea-d52d67e07e19/73355512-d90e-4dd3-a636-67da54b7e230.jpeg?h=225&w=225,
307758394,Extreme Exotic Mango & Passion Fruit Cones 4 Pack 472Ml,https://www.tesco.com/groceries/en-GB/shop/frozen-food/all?department=Ice%20Cream%2C%20Ice%20Lollies%20%26%20Frozen%20Desserts&viewAll=department&page=,£3.50,£0.74/100ml,£2.50 Clubcard Price,,/groceries/en-GB/products/307758394,https://digitalcontent.api.tesco.com/v2/media/ghs/f2a6c67b-281d-4b7f-ad23-1e8e18752690/695a22f3-e851-4a4f-b272-81647c267d76.jpeg?h=225&w=225,
305735919,Cadbury Caramel Ice Cream 480Ml,https://www.tesco.com/groceries/en-GB/shop/frozen-food/all?department=Ice%20Cream%2C%20Ice%20Lollies%20%26%20Frozen%20Desserts&viewAll=department&page=,£3.00,£0.62/100ml,,,/groceries/en-GB/products/305735919,https://digitalcontent.api.tesco.com/v2/media/ghs/7b730d16-046e-4e4b-ab5a-c3f39527887c/8e9787e5-86f0-49ba-a8a5-05480e2aef06.jpeg?h=225&w=225,
310696208,Haagen Dazs Gelato Creamy Fudge Brownie Ice Cream 460Ml,https://www.tesco.com/groceries/en-GB/shop/frozen-food/all?department=Ice%20Cream%2C%20Ice%20Lollies%20%26%20Frozen%20Desserts&viewAll=department&page=,£4.80,£1.05/100ml,,,/groceries/en-GB/products/310696208,https://digitalcontent.api.tesco.com/v2/media/ghs/2ee3f6a3-837b-4c11-94fc-e9e8a2f51359/9fd5e907-79a1-4b9d-a279-8d78b0bcf728.jpeg?h=225&w=225,
304780329,Halo Top Strawberry Cheesecake Ice Cream 473Ml,https://www.tesco.com/groceries/en-GB/shop/frozen-food/all?department=Ice%20Cream%2C%20Ice%20Lollies%20%26%20Frozen%20Desserts&viewAll=department&page=,£5.25,£1.11/100ml,,,/groceries/en-GB/products/304780329,https://digitalcontent.api.tesco.com/v2/media/ghs/9d85269e-f21f-46e5-ad85-a61d0cb3e111/4b9ff9e3-ff79-453e-abdc-fd6ecd631c17.jpeg?h=225&w=225,
310683811,Haagen Dazs Creamy Fudge Brownie Mini Gelato 4X95ml,https://www.tesco.com/groceries/en-GB/shop/frozen-food/all?department=Ice%20Cream%2C%20Ice%20Lollies%20%26%20Frozen%20Desserts&viewAll=department&page=,£4.80,£1.27/100ml,,,/groceries/en-GB/products/310683811,https://digitalcontent.api.tesco.com/v2/media/ghs/c4d98744-33fb-409f-868d-1ba187ecaf93/887d5d1d-a5dc-4210-98ee-c43aad97f03e.jpeg?h=225&w=225,
312580313,Joseph Joseph Easy Release Ice Cube Tray,https://www.tesco.com/groceries/en-GB/shop/frozen-food/all?department=Ice%20Cubes&viewAll=department&page=,£10.00,£10.00/each,,,/groceries/en-GB/products/312580313,https://digitalcontent.api.tesco.com/v2/media/ghs/01bc7382-4e9f-4eb5-accd-ddc51ecd6ca0/348f8d1f-9893-48b7-87bf-43e39bf9ce12_1386818094.jpeg?h=225&w=225,
307394725,Tesco Easy Fill Ice Cube Tray,https://www.tesco.com/groceries/en-GB/shop/frozen-food/all?department=Ice%20Cubes&viewAll=department&page=,£3.25,£3.25/each,,,/groceries/en-GB/products/307394725,https://digitalcontent.api.tesco.com/v2/media/ghs/5decf57c-d7c4-4f68-9177-2bb93bec5b02/fcba6892-1119-4f0a-84e0-5bb1d1b40eb9_686176337.jpeg?h=225&w=225,
301381750,Tesco Ice Cube Tray Blue,https://www.tesco.com/groceries/en-GB/shop/frozen-food/all?department=Ice%20Cubes&viewAll=department&page=,£1.50,£1.50/each,,,/groceries/en-GB/products/301381750,https://digitalcontent.api.tesco.com/v2/media/ghs/08d0072d-d360-4474-a239-d362f36db249/0c7b8afb-3966-495d-8811-b63ec84edb3b.jpeg?h=225&w=225,
271366987,The Ice Co. Premium Ice Cubes 1Kg,https://www.tesco.com/groceries/en-GB/shop/frozen-food/all?department=Ice%20Cubes&viewAll=department&page=,£1.00,£1.00/kg,,,/groceries/en-GB/products/271366987,https://digitalcontent.api.tesco.com/v2/media/ghs/0dfe320f-49d6-43d3-b4fb-efb024aa0843/bbd18aec-087b-4afc-a051-12c79ca2fe82.jpeg?h=225&w=225,
285279591,The Ice Co. Super Cubes 1Kg,https://www.tesco.com/groceries/en-GB/shop/frozen-food/all?department=Ice%20Cubes&viewAll=department&page=,£1.00,£1.00/kg,,,/groceries/en-GB/products/285279591,https://digitalcontent.api.tesco.com/v2/media/ghs/49a92322-cca2-4ddf-899a-3c9e7c3aa0fd/ffe749da-47b8-4a24-99cf-a2a4737bc4c7.jpeg?h=225&w=225,
258961797,The Ice Co. Ice Cubes 2Kg,https://www.tesco.com/groceries/en-GB/shop/frozen-food/all?department=Ice%20Cubes&viewAll=department&page=,£1.00,£0.50/kg,,,/groceries/en-GB/products/258961797,https://digitalcontent.api.tesco.com/v2/media/ghs/3be28ae5-334d-408e-870e-ef843fdd1690/61fad8fb-b389-4140-b9b0-49dacafe9d40.jpeg?h=225&w=225,
267797160,The Ice Co. Ice Crush 2Kg,https://www.tesco.com/groceries/en-GB/shop/frozen-food/all?department=Ice%20Cubes&viewAll=department&page=,£1.00,£0.50/kg,,,/groceries/en-GB/products/267797160,https://digitalcontent.api.tesco.com/v2/media/ghs/b6d9bff0-5e44-4eca-9ef2-a435dbb9a1b8/ea23a239-5531-4642-aff8-b23950cef1f3.jpeg?h=225&w=225,
288017880,Goodfella's Gluten Free Margherita Pizza 328G,https://www.tesco.com/groceries/en-GB/shop/frozen-food/all?department=Frozen%20Free%20From&viewAll=department&page=,£3.75,£11.44/kg,,,/groceries/en-GB/products/288017880,https://digitalcontent.api.tesco.com/v2/media/ghs/c6bfb43f-993e-4696-8746-31e6a659aa00/39868d23-7d43-48b4-9370-9cb7cb60a2d5.jpeg?h=225&w=225,
294076235,Birds Eye Gluten Free Breaded Fish Fillets 250G,https://www.tesco.com/groceries/en-GB/shop/frozen-food/all?department=Frozen%20Free%20From&viewAll=department&page=,£3.85,£15.40/kg,,,/groceries/en-GB/products/294076235,https://digitalcontent.api.tesco.com/v2/media/ghs/9b6f8155-604e-4320-861d-d481ad051209/b288d264-6943-4012-b711-1d248638daa9.jpeg?h=225&w=225,
281865600,Tesco Free From 4 Breaded Chicken Steaks 380G,https://www.tesco.com/groceries/en-GB/shop/frozen-food/all?department=Frozen%20Free%20From&viewAll=department&page=,£4.05,£10.66/kg,,,/groceries/en-GB/products/281865600,https://digitalcontent.api.tesco.com/v2/media/ghs/c3af30b6-4512-4640-a0bc-a3b17c380a2a/c67f40d1-ae8e-4a03-8043-98cb5289a5ee.jpeg?h=225&w=225,
301795807,Tesco Free From Southern Fried Chicken Steaks 380G,https://www.tesco.com/groceries/en-GB/shop/frozen-food/all?department=Frozen%20Free%20From&viewAll=department&page=,£4.05,£1.07/100g,,,/groceries/en-GB/products/301795807,https://digitalcontent.api.tesco.com/v2/media/ghs/ca48394c-fb4a-45ad-bf70-8c39a68b2aef/86fc121e-4245-461e-941a-8bbdab7e0366.jpeg?h=225&w=225,
281865583,Tesco Free From 20 Chicken Nuggets 400G,https://www.tesco.com/groceries/en-GB/shop/frozen-food/all?department=Frozen%20Free%20From&viewAll=department&page=,£3.75,£9.38/kg,,,/groceries/en-GB/products/281865583,https://digitalcontent.api.tesco.com/v2/media/ghs/085bcd87-d26f-49bc-afec-f3831f5e10e6/d7b41ee4-f84c-4526-b96c-f1f0714f2ff6.jpeg?h=225&w=225,
293588063,Birds Eye 12 Gluten Free Fish Fingers 360G,https://www.tesco.com/groceries/en-GB/shop/frozen-food/all?department=Frozen%20Free%20From&viewAll=department&page=,£3.20,£0.89/100g,,,/groceries/en-GB/products/293588063,https://digitalcontent.api.tesco.com/v2/media/ghs/c8fb3c43-3d9b-497d-ba18-88fd59bc220b/66a08703-069b-4ba7-bacc-d96ae07dc7a1.jpeg?h=225&w=225,
301810497,Kirsty's Free From Margherita Pizza 315G,https://www.tesco.com/groceries/en-GB/shop/frozen-food/all?department=Frozen%20Free%20From&viewAll=department&page=,£4.10,£1.31/100g,,,/groceries/en-GB/products/301810497,https://digitalcontent.api.tesco.com/v2/media/ghs/9e9d5e0c-a0a3-445b-8b0e-8df57e1e417e/ef96b712-95cb-4c63-843d-b1f3c0436401.jpeg?h=225&w=225,
285811946,Genius Gluten Free Chicken & Gravy Pies 320G,https://www.tesco.com/groceries/en-GB/shop/frozen-food/all?department=Frozen%20Free%20From&viewAll=department&page=,£3.70,£1.16/100g,,,/groceries/en-GB/products/285811946,https://digitalcontent.api.tesco.com/v2/media/ghs/05b0a1c9-56d5-485c-8fd4-c2fabe7743e2/f1026499-733f-4ad4-be0e-42f23ade2e17.jpeg?h=225&w=225,
304369634,Kirsty's Free From Pepperoni Pizza 325G,https://www.tesco.com/groceries/en-GB/shop/frozen-food/all?department=Frozen%20Free%20From&viewAll=department&page=,£4.10,£12.62/kg,,,/groceries/en-GB/products/304369634,https://digitalcontent.api.tesco.com/v2/media/ghs/87df0de2-4352-4487-8380-195b12bae12c/308a86e4-862c-4bfc-9bc8-0e50e209819a.jpeg?h=225&w=225,
301795829,Tesco Gluten Free Garlic Chicken Kievs 260G,https://www.tesco.com/groceries/en-GB/shop/frozen-food/all?department=Frozen%20Free%20From&viewAll=department&page=,£3.15,£1.22/100g,,,/groceries/en-GB/products/301795829,https://digitalcontent.api.tesco.com/v2/media/ghs/068b7cc5-48f8-4172-9783-f734927b510c/0cfa8bb9-07e8-47a4-bf6a-fbc7dc1a0fd6.jpeg?h=225&w=225,
287258964,Genius Gluten Free 2 Steak Pies 320G,https://www.tesco.com/groceries/en-GB/shop/frozen-food/all?department=Frozen%20Free%20From&viewAll=department&page=,£3.70,£1.16/100g,,,/groceries/en-GB/products/287258964,https://digitalcontent.api.tesco.com/v2/media/ghs/0c63350b-59d2-45cd-bb44-3438f87a1150/0e83be8f-3b25-40ec-9b87-24e7cbe4ded6.jpeg?h=225&w=225,
307340657,Goodfella's Pepperoni Pizza Gluten Free 317G,https://www.tesco.com/groceries/en-GB/shop/frozen-food/all?department=Frozen%20Free%20From&viewAll=department&page=,£3.75,£1.19/100g,,,/groceries/en-GB/products/307340657,https://digitalcontent.api.tesco.com/v2/media/ghs/e95bdce6-72b9-4572-a49b-01b3250fe3f2/20dbc052-de9d-4a68-bb3f-302c9909ad4a.jpeg?h=225&w=225,
313371755,Whitby Seafoods Wholetail Gluten Free Scampi 200G,https://www.tesco.com/groceries/en-GB/shop/frozen-food/all?department=Frozen%20Free%20From&viewAll=department&page=,£3.50,£17.50/kg,,,/groceries/en-GB/products/313371755,https://digitalcontent.api.tesco.com/v2/media/ghs/acfdc04f-a164-48da-a2db-f0eece9eb125/04737103-a1ca-42e8-9939-8f8203ead50e_1932897797.jpeg?h=225&w=225,
292523862,Strong Roots Oven Baked Sweet Potato Fries 500G,https://www.tesco.com/groceries/en-GB/shop/frozen-food/all?department=Frozen%20Free%20From&viewAll=department&page=,£3.30,£6.60/kg,,,/groceries/en-GB/products/292523862,https://digitalcontent.api.tesco.com/v2/media/ghs/30d55c54-077d-4559-99fc-4df96e08b9dd/950004ec-a0c2-4abe-86d5-785453629474.jpeg?h=225&w=225,
307364859,Strong Roots The Pumpkin & Spinach Burger 300G,https://www.tesco.com/groceries/en-GB/shop/frozen-food/all?department=Frozen%20Free%20From&viewAll=department&page=,£3.30,£11.00/kg,,,/groceries/en-GB/products/307364859,https://digitalcontent.api.tesco.com/v2/media/ghs/aadb73be-1e91-4829-ba17-6fc58fcb9f46/48ea0960-2bbe-4ba3-a2cc-e5a5dddeefd4.jpeg?h=225&w=225,
313378537,Whitby Seafoods Gluten Free Cod Goujons 225G,https://www.tesco.com/groceries/en-GB/shop/frozen-food/all?department=Frozen%20Free%20From&viewAll=department&page=,£3.00,£13.34/kg,,,/groceries/en-GB/products/313378537,https://digitalcontent.api.tesco.com/v2/media/ghs/40978d12-44c3-4e28-b1e7-235f093920fb/d479007e-d70d-4bb8-a352-2020283f243e_567310288.jpeg?h=225&w=225,
291846585,Genius Sausage Rolls 2,https://www.tesco.com/groceries/en-GB/shop/frozen-food/all?department=Frozen%20Free%20From&viewAll=department&page=,£2.65,£1.33/each,,,/groceries/en-GB/products/291846585,https://digitalcontent.api.tesco.com/v2/media/ghs/e59926db-15e7-4d36-8abf-631bc9f253c1/15d5246d-ba68-4a1d-8b10-83e9cb29230b.jpeg?h=225&w=225,
296010777,Strong Roots Garlic Roasted Sweet Potato 500G,https://www.tesco.com/groceries/en-GB/shop/frozen-food/all?department=Frozen%20Free%20From&viewAll=department&page=,£3.30,£6.60/kg,,,/groceries/en-GB/products/296010777,https://digitalcontent.api.tesco.com/v2/media/ghs/5cd56efa-18a3-402f-a449-47ea9ab3294a/48c6b5d0-7609-4894-8965-da030f34a51d.jpeg?h=225&w=225,
299917869,Strong Roots Mixed Root Vegetable Fries 500G,https://www.tesco.com/groceries/en-GB/shop/frozen-food/all?department=Frozen%20Free%20From&viewAll=department&page=,£3.30,£6.60/kg,£2.50 Clubcard Price,,/groceries/en-GB/products/299917869,https://digitalcontent.api.tesco.com/v2/media/ghs/43976f9c-2502-46ba-901c-efe6bcc0091c/b2655a84-fd8b-4580-ac7b-d4f3b9f75648.jpeg?h=225&w=225,
299587400,Tesco Free From Southern Fried Mini Chicken Fillets 250G,https://www.tesco.com/groceries/en-GB/shop/frozen-food/all?department=Frozen%20Free%20From&viewAll=department&page=,£3.15,£12.60/kg,,,/groceries/en-GB/products/299587400,https://digitalcontent.api.tesco.com/v2/media/ghs/aaa3d167-14c7-49ea-814e-f626ac637140/184ef044-983f-43b3-9b57-92897be939cd.jpeg?h=225&w=225,
311265723,Strong Roots Crispy Veg. Nuggets 300G,https://www.tesco.com/groceries/en-GB/shop/frozen-food/all?department=Frozen%20Free%20From&viewAll=department&page=,£3.30,£11.00/kg,,,/groceries/en-GB/products/311265723,https://digitalcontent.api.tesco.com/v2/media/ghs/09859645-6c53-40c4-935c-0e18628097e4/5b6e3a3e-492b-4920-8529-89ad880dfadf.jpeg?h=225&w=225,
310119571,Kirsty's Luxury Carrot Cake 180G,https://www.tesco.com/groceries/en-GB/shop/frozen-food/all?department=Frozen%20Free%20From&viewAll=department&page=,£3.00,£16.67/kg,,,/groceries/en-GB/products/310119571,https://digitalcontent.api.tesco.com/v2/media/ghs/98b665f1-cdcd-439f-9e85-e23f8bff52b2/3468d79b-28f4-4bc7-9a1d-7e005b94494d.jpeg?h=225&w=225,
291744901,Tesco Free From Ice Cream Chocolate Sticks 3X100,https://www.tesco.com/groceries/en-GB/shop/frozen-food/all?department=Frozen%20Free%20From&viewAll=department&page=,£2.75,£0.92/100ml,,,/groceries/en-GB/products/291744901,https://digitalcontent.api.tesco.com/v2/media/ghs/40c00b82-da7a-4d74-b9c2-4405c6817eb4/258a4cd7-54ce-4896-9a15-45d12d827505.jpeg?h=225&w=225,
306660660,Tesco Free From 6 Strawberry Splits 6X70g,https://www.tesco.com/groceries/en-GB/shop/frozen-food/all?department=Frozen%20Free%20From&viewAll=department&page=,£2.35,£0.56/100ml,,,/groceries/en-GB/products/306660660,https://digitalcontent.api.tesco.com/v2/media/ghs/b077fe8b-5d41-49a7-b457-047b1a97dd20/7517c7a8-31a4-4497-8e62-77bb6359979f.jpeg?h=225&w=225,
306662963,Tesco Free From Profiteroles 220G,https://www.tesco.com/groceries/en-GB/shop/frozen-food/all?department=Frozen%20Free%20From&viewAll=department&page=,£2.20,£10.00/kg,,,/groceries/en-GB/products/306662963,https://digitalcontent.api.tesco.com/v2/media/ghs/34cebb1d-4be9-44d8-b1a7-bfe8360b292c/c8d4b744-4592-4392-b2b8-ebaf695bc503.jpeg?h=225&w=225,
290440670,Tesco Free From Beef Lasagne 300G,https://www.tesco.com/groceries/en-GB/shop/frozen-food/all?department=Frozen%20Free%20From&viewAll=department&page=,£2.50,£8.34/kg,,,/groceries/en-GB/products/290440670,https://digitalcontent.api.tesco.com/v2/media/ghs/b270ac3e-a4af-4db5-8714-a7211a3a2983/3817155e-0022-4f0b-bf08-feee8ecf59db.jpeg?h=225&w=225,
297682820,Tesco 4 Free From Chocolate Eclairs 100G,https://www.tesco.com/groceries/en-GB/shop/frozen-food/all?department=Frozen%20Free%20From&viewAll=department&page=,£2.10,£2.10/100g,,,/groceries/en-GB/products/297682820,https://digitalcontent.api.tesco.com/v2/media/ghs/82344114-7797-460a-9b3d-7fa480479fca/f2c6ae30-8610-42b2-91f8-6bf770a80337.jpeg?h=225&w=225,
306933522,Easibake Gluten Free Garlic Baguette 170G,https://www.tesco.com/groceries/en-GB/shop/frozen-food/all?department=Frozen%20Free%20From&viewAll=department&page=,£1.95,£1.15/100g,,,/groceries/en-GB/products/306933522,https://digitalcontent.api.tesco.com/v2/media/ghs/a45b46d8-223f-46af-981e-d8d1705c1eeb/30d68ca9-e7d8-41eb-a7b0-0fab69118851.jpeg?h=225&w=225,
287168546,Tesco Free From Strawberry & Vanilla Cones 4 X 120Ml,https://www.tesco.com/groceries/en-GB/shop/frozen-food/all?department=Frozen%20Free%20From&viewAll=department&page=,£2.25,£0.47/100ml,,,/groceries/en-GB/products/287168546,https://digitalcontent.api.tesco.com/v2/media/ghs/9fc4f918-7a2e-4ac3-a0fe-e6a7c11e6e4d/05bd984b-b250-482b-89df-12da2413496e.jpeg?h=225&w=225,
291745065,Tesco Free From Toffee & Vanilla Cones 4X110ml,https://www.tesco.com/groceries/en-GB/shop/frozen-food/all?department=Frozen%20Free%20From&viewAll=department&page=,£2.25,£0.51/100ml,,,/groceries/en-GB/products/291745065,https://digitalcontent.api.tesco.com/v2/media/ghs/6cc615dd-a690-4934-bef8-a40ca6853b7f/d6f735cf-05ea-4435-968c-76e2179fa134.jpeg?h=225&w=225,
308461783,Goodfellas Gluten Free Cheesy Garlic Bread 175G,https://www.tesco.com/groceries/en-GB/shop/frozen-food/all?department=Frozen%20Free%20From&viewAll=department&page=,£2.65,£15.15/kg,,,/groceries/en-GB/products/308461783,https://digitalcontent.api.tesco.com/v2/media/ghs/70b249f9-98a8-4c80-97a2-9c3bf6b89aa2/f62513b0-ad92-45d1-be36-42ba59ab1db6.jpeg?h=225&w=225,
306802580,Tesco Free From Salted Caramel Iced Dessert 900Ml,https://www.tesco.com/groceries/en-GB/shop/frozen-food/all?department=Frozen%20Free%20From&viewAll=department&page=,£2.60,£0.29/100ml,,,/groceries/en-GB/products/306802580,https://digitalcontent.api.tesco.com/v2/media/ghs/6a0ac668-1dca-4def-843f-ab319c94b3db/8d5e1037-9fd4-4370-8fd8-d8fddeeafbeb.jpeg?h=225&w=225,
280379486,Mr Prawn Cooked & Peeled Prawns 100/150 350G,https://www.tesco.com/groceries/en-GB/shop/frozen-food/all?department=Frozen%20World%20Foods%20%26%20Halal&viewAll=department&page=,£4.70,£1.35/100g,,,/groceries/en-GB/products/280379486,https://digitalcontent.api.tesco.com/v2/media/ghs/d64d7121-7b6f-44e8-ba89-d945ed42374e/5bc28037-9325-45d5-92d0-1743a08a1d87.jpeg?h=225&w=225,
280376685,Cofresh Vegetarian Punjabi Samosas 10S 500G,https://www.tesco.com/groceries/en-GB/shop/frozen-food/all?department=Frozen%20World%20Foods%20%26%20Halal&viewAll=department&page=,£2.25,£0.45/100g,,,/groceries/en-GB/products/280376685,https://digitalcontent.api.tesco.com/v2/media/ghs/99905d61-31b1-4121-b55c-b68379940e72/39695200-b0f1-4873-8c31-ef9b409ddfb9.jpeg?h=225&w=225,
312708988,Itsu Vegetable Fusion Gyoza 270G,https://www.tesco.com/groceries/en-GB/shop/frozen-food/all?department=Frozen%20World%20Foods%20%26%20Halal&viewAll=department&page=,£3.95,£14.63/kg,,,/groceries/en-GB/products/312708988,https://digitalcontent.api.tesco.com/v2/media/ghs/38132f80-77cc-477c-bd7f-3350dc049e84/80749f72-ec38-4423-9409-bba48eb36887_1697857904.jpeg?h=225&w=225,
293467212,Shana Plain Multipack Paratha 5 Pack 1.2G,https://www.tesco.com/groceries/en-GB/shop/frozen-food/all?department=Frozen%20World%20Foods%20%26%20Halal&viewAll=department&page=,£3.85,£3.21/kg,,,/groceries/en-GB/products/293467212,https://digitalcontent.api.tesco.com/v2/media/ghs/a4cb38f8-6b51-4930-8707-faaaf7487948/643e5e1b-adc6-4d9e-af20-a38c8e7ec1bc.jpeg?h=225&w=225,
311263915,Cofresh Tandoori Garlic Naan 4 Pieces 340G,https://www.tesco.com/groceries/en-GB/shop/frozen-food/all?department=Frozen%20World%20Foods%20%26%20Halal&viewAll=department&page=,£1.50,£0.44/100g,,,/groceries/en-GB/products/311263915,https://digitalcontent.api.tesco.com/v2/media/ghs/09422dbe-8fb8-4f39-a90f-1ab8a6bc183e/64739775-d91a-4e7d-a70b-7b6beeb48c69_2112069887.jpeg?h=225&w=225,
305523531,Tesco Finest Canadian Cooked Prawns 225G,https://www.tesco.com/groceries/en-GB/shop/frozen-food/all?department=Finest%20Frozen%20Food&viewAll=department&page=,£4.95,£2.20/100g,,,/groceries/en-GB/products/305523531,https://digitalcontent.api.tesco.com/v2/media/ghs/12cad663-612e-4f8a-afda-8ea62ab7b39a/61cc531b-f8fb-4763-9345-76913ef3d6f0.jpeg?h=225&w=225,
265418417,Tesco Finest Jumbo Cooked King Prawns 225G,https://www.tesco.com/groceries/en-GB/shop/frozen-food/all?department=Finest%20Frozen%20Food&viewAll=department&page=,£4.95,£2.20/100g,,,/groceries/en-GB/products/265418417,https://digitalcontent.api.tesco.com/v2/media/ghs/e463c735-147f-4f44-abb2-45277ef2b2a2/47e7b84e-0249-4f98-b6a8-83240143409f.jpeg?h=225&w=225,
277744283,Tesco Finest Jumbo Raw King Prawns 240G,https://www.tesco.com/groceries/en-GB/shop/frozen-food/all?department=Finest%20Frozen%20Food&viewAll=department&page=,£4.95,£20.63/kg,£4.00 Clubcard Price,,/groceries/en-GB/products/277744283,https://digitalcontent.api.tesco.com/v2/media/ghs/e08e91b1-5915-4809-a9c7-01f3a3a300a2/ae972b70-eebc-4327-8de4-a0616357af8a.jpeg?h=225&w=225,
290017969,Tesco Raw Squid Rings 300G,https://www.tesco.com/groceries/en-GB/shop/frozen-food/all?department=Finest%20Frozen%20Food&viewAll=department&page=,£4.50,£15.00/kg,,,/groceries/en-GB/products/290017969,https://digitalcontent.api.tesco.com/v2/media/ghs/4af546b0-4747-4717-b38b-2d0ca835e199/69733719-4712-433c-aac4-95cad453b324.jpeg?h=225&w=225,
303334677,Tesco Finest Salmon Wellington 700G,https://www.tesco.com/groceries/en-GB/shop/frozen-food/all?department=Finest%20Frozen%20Food&viewAll=department&page=,£6.00,£8.58/kg,,,/groceries/en-GB/products/303334677,https://digitalcontent.api.tesco.com/v2/media/ghs/796ecb55-a819-4545-9828-ebd91a02c56e/0d55bebf-045f-40f3-899c-bad0430a0833.jpeg?h=225&w=225,
258601752,Tesco Finest British Chunky Oven Chips 1.5Kg,https://www.tesco.com/groceries/en-GB/shop/frozen-food/all?department=Finest%20Frozen%20Food&viewAll=department&page=,£3.50,£2.34/kg,,,/groceries/en-GB/products/258601752,https://digitalcontent.api.tesco.com/v2/media/ghs/e93b07c9-8b79-4178-86de-bb6bb700ca6a/475bf724-7f57-4fc3-a86f-db4b3e89517e.jpeg?h=225&w=225,
253532697,Tesco Finest Toffee Pecan Roulade 420G,https://www.tesco.com/groceries/en-GB/shop/frozen-food/all?department=Finest%20Frozen%20Food&viewAll=department&page=,£5.00,£1.20/100g,,,/groceries/en-GB/products/253532697,https://digitalcontent.api.tesco.com/v2/media/ghs/f123764b-5eb2-4833-b6b7-ad67c8062121/08cf2dad-b592-4c0a-8c4f-906a85a2107a.jpeg?h=225&w=225,
300345916,Tesco Finest Salted Caramel Sauce 250G,https://www.tesco.com/groceries/en-GB/shop/frozen-food/all?department=Finest%20Frozen%20Food&viewAll=department&page=,£2.90,£1.16/100g,,,/groceries/en-GB/products/300345916,https://digitalcontent.api.tesco.com/v2/media/ghs/fb3df02e-a01d-4da6-9972-2705096a16e6/50a55577-7209-46cf-ab6b-f94717dd1d71_764920527.jpeg?h=225&w=225,
303007731,Tesco Finest Ice Cream Caffe Latte 480Ml,https://www.tesco.com/groceries/en-GB/shop/frozen-food/all?department=Finest%20Frozen%20Food&viewAll=department&page=,£3.00,£0.62/100ml,,,/groceries/en-GB/products/303007731,https://digitalcontent.api.tesco.com/v2/media/ghs/e3f3e086-68d8-42f7-b0bc-be4b03837d5f/df742d19-1765-43c4-b07f-b7dbf8bfab2e.jpeg?h=225&w=225,
303007679,Tesco Finest Ice Cream Madagascan Vanilla 480Ml,https://www.tesco.com/groceries/en-GB/shop/frozen-food/all?department=Finest%20Frozen%20Food&viewAll=department&page=,£3.00,£0.62/100ml,,,/groceries/en-GB/products/303007679,https://digitalcontent.api.tesco.com/v2/media/ghs/0bb5af0c-04ac-46b7-8e47-eea44213b196/72cd2d87-d771-4e2e-86aa-e6f32685ba7d.jpeg?h=225&w=225,
266557966,Tesco Finest 6 Beef Dripping Yorkshire Puddings 195G,https://www.tesco.com/groceries/en-GB/shop/frozen-food/all?department=Finest%20Frozen%20Food&viewAll=department&page=,£2.10,£1.08/100g,,,/groceries/en-GB/products/266557966,https://digitalcontent.api.tesco.com/v2/media/ghs/937676f2-05ba-4a26-9b0d-985ebbcffb21/0a75b5e0-508f-4c5a-8da1-614ecbb6c3cb.jpeg?h=225&w=225,
302707768,Tesco Finest Alphonso Mango & Passion Fruit Coulis 275G,https://www.tesco.com/groceries/en-GB/shop/frozen-food/all?department=Finest%20Frozen%20Food&viewAll=department&page=,£2.65,£0.96/100g,,,/groceries/en-GB/products/302707768,https://digitalcontent.api.tesco.com/v2/media/ghs/8dd9a007-7254-409a-aaad-6faa154c6b4e/53c37bc1-f64f-43f9-9d80-1144d347ddec_587927106.jpeg?h=225&w=225,
279425824,Tesco Finest Sicilian Lemon Tart 458G,https://www.tesco.com/groceries/en-GB/shop/frozen-food/all?department=Finest%20Frozen%20Food&viewAll=department&page=,£3.25,£0.71/100g,,,/groceries/en-GB/products/279425824,https://digitalcontent.api.tesco.com/v2/media/ghs/5d8b08af-0150-4a03-8113-96c691b551f6/b1544f5b-8aec-4d38-84a8-ec8ccab562b6.jpeg?h=225&w=225,
303007719,Tesco Finest Dark Chocolate Ice Cream 480Ml,https://www.tesco.com/groceries/en-GB/shop/frozen-food/all?department=Finest%20Frozen%20Food&viewAll=department&page=,£3.00,£0.62/100ml,,,/groceries/en-GB/products/303007719,https://digitalcontent.api.tesco.com/v2/media/ghs/d6b543a6-69c2-4ceb-b75f-c309542715e8/c3eb3070-a24f-4c16-b1c2-9566f693bee7.jpeg?h=225&w=225,
279422465,Tesco Finest British Petits Pois 750G,https://www.tesco.com/groceries/en-GB/shop/frozen-food/all?department=Finest%20Frozen%20Food&viewAll=department&page=,£2.25,£3.00/kg,,,/groceries/en-GB/products/279422465,https://digitalcontent.api.tesco.com/v2/media/ghs/059d4f0a-59a6-469b-9735-16908e9738dc/7aa967f9-b08b-4ac7-8268-7d9c2a2d741c.jpeg?h=225&w=225,
305729766,Tesco Finest Raspberry & Dark Chocolate Roulade 450G,https://www.tesco.com/groceries/en-GB/shop/frozen-food/all?department=Finest%20Frozen%20Food&viewAll=department&page=,£5.00,£1.12/100g,,,/groceries/en-GB/products/305729766,https://digitalcontent.api.tesco.com/v2/media/ghs/9f5a225c-44be-44a6-83bc-f140f385f729/a45ae103-84bf-4da3-a243-53494632fbed.jpeg?h=225&w=225,
309467147,Tesco Finest Triple Cooked Beef Basted Oven Chips 900G,https://www.tesco.com/groceries/en-GB/shop/frozen-food/all?department=Finest%20Frozen%20Food&viewAll=department&page=,£3.00,£3.34/kg,,,/groceries/en-GB/products/309467147,https://digitalcontent.api.tesco.com/v2/media/ghs/ae884fd1-d782-40c4-b628-7e1c7e883f37/fd5c617d-1d0e-4537-b21b-ce571e205032.jpeg?h=225&w=225,
256174211,Tesco Finest Valencia Orange Juice Lollies 4 X 73Ml,https://www.tesco.com/groceries/en-GB/shop/frozen-food/all?department=Finest%20Frozen%20Food&viewAll=department&page=,£2.35,£0.80/100ml,,,/groceries/en-GB/products/256174211,https://digitalcontent.api.tesco.com/v2/media/ghs/77b9db07-49f5-43ad-a6d4-014056fcf0d0/22de6136-c261-4e9f-a806-2505fada10b1.jpeg?h=225&w=225,
303007691,Tesco Finest Ice Cream Salted Caramel 480Ml,https://www.tesco.com/groceries/en-GB/shop/frozen-food/all?department=Finest%20Frozen%20Food&viewAll=department&page=,£3.00,£0.62/100ml,,,/groceries/en-GB/products/303007691,https://digitalcontent.api.tesco.com/v2/media/ghs/4702e9f1-f67f-4e03-9797-0e2fe32855b7/96912363-e452-4e5f-8fdd-4f2ccf057cfb.jpeg?h=225&w=225,
299531940,Tesco Finest Mango Passion Fruit Roulades 2X90g,https://www.tesco.com/groceries/en-GB/shop/frozen-food/all?department=Finest%20Frozen%20Food&viewAll=department&page=,£3.10,£1.73/100g,,,/groceries/en-GB/products/299531940,https://digitalcontent.api.tesco.com/v2/media/ghs/7b3eaac8-ad93-4279-8142-4bf9c3ccea15/2bf38e54-e0c2-4abe-abb7-eb7ed02d89ef.jpeg?h=225&w=225,
276519886,Tesco Finest Chocolate Sauce 250G,https://www.tesco.com/groceries/en-GB/shop/frozen-food/all?department=Finest%20Frozen%20Food&viewAll=department&page=,£2.90,£1.16/100g,,,/groceries/en-GB/products/276519886,https://digitalcontent.api.tesco.com/v2/media/ghs/8ef82742-5912-42eb-b34f-7ddb99de88d1/152ba6bc-6090-4add-8efa-e7e35fc3bcb8_1287996314.jpeg?h=225&w=225,
310116614,Tesco Finest Pink Lemonade Lollies 4X73ml,https://www.tesco.com/groceries/en-GB/shop/frozen-food/all?department=Finest%20Frozen%20Food&viewAll=department&page=,£2.35,£0.80/100ml,,,/groceries/en-GB/products/310116614,https://digitalcontent.api.tesco.com/v2/media/ghs/a0b5b121-7f1a-43df-aa80-dcceb2f0295d/c52bbdd8-0560-414b-9781-cce6f60c51c6.jpeg?h=225&w=225,
309454796,Tesco Finest Mango & Raspberry Pavlova Stack 515G,https://www.tesco.com/groceries/en-GB/shop/frozen-food/all?department=Finest%20Frozen%20Food&viewAll=department&page=,£5.50,£1.07/100g,,,/groceries/en-GB/products/309454796,https://digitalcontent.api.tesco.com/v2/media/ghs/506e33ec-8352-4c36-b871-dbb8954c5883/e895fc34-6055-42b5-864c-0e42770ac416.jpeg?h=225&w=225,
305738559,Tesco Finest 6 Chunky Cod Fillets Fish Fingers 400G,https://www.tesco.com/groceries/en-GB/shop/frozen-food/all?department=Finest%20Frozen%20Food&viewAll=department&page=,£3.40,£8.50/kg,,,/groceries/en-GB/products/305738559,https://digitalcontent.api.tesco.com/v2/media/ghs/1f5c7bf1-0fb5-440a-a8e1-83aea78b9c4a/8ee405e1-884e-4a4c-9727-f941589f8dcb.jpeg?h=225&w=225,
293709025,Tesco Finest 4 Beef Burgers 454G,https://www.tesco.com/groceries/en-GB/shop/frozen-food/all?department=Finest%20Frozen%20Food&viewAll=department&page=,£3.50,£7.71/kg,,,/groceries/en-GB/products/293709025,https://digitalcontent.api.tesco.com/v2/media/ghs/85ff01cf-f107-4dee-9db9-e3863a3105cf/325a575f-5cce-46fc-85da-de1e43c89610.jpeg?h=225&w=225,
310666400,Tesco Finest Chocolate & Orange Tart 385G,https://www.tesco.com/groceries/en-GB/shop/frozen-food/all?department=Finest%20Frozen%20Food&viewAll=department&page=,£3.00,£7.80/kg,,,/groceries/en-GB/products/310666400,https://digitalcontent.api.tesco.com/v2/media/ghs/1ff90bdc-6e62-4871-815a-aeb57ac4fee0/abbd7dad-52a5-4071-831f-ff87790af47a.jpeg?h=225&w=225,
310133227,Tesco Finest Beer Battered Cod Bites 290G,https://www.tesco.com/groceries/en-GB/shop/frozen-food/all?department=Finest%20Frozen%20Food&viewAll=department&page=,£2.75,£9.49/kg,,,/groceries/en-GB/products/310133227,https://digitalcontent.api.tesco.com/v2/media/ghs/a9c78baa-a3e0-4671-9d90-a2ef15dd8d70/514bcea8-8cbf-43e4-98ce-996414b69b9a.jpeg?h=225&w=225,
