Product ID,Product Name,Cat Website,Price,Price/Kg,Promotion,Innovation,Link,Image
306952089,Calpol Vapour Plug Refills 10 Pads,https://www.tesco.com/groceries/en-GB/shop/health-and-beauty/all?department=Kid%27s%20Zone&viewAll=department&page=,£10.50,£1.05/each,£9.45 Clubcard Price,,/groceries/en-GB/products/306952089,https://digitalcontent.api.tesco.com/v2/media/ghs/ef5995cd-4e63-4777-bf84-1bd4668a32c1/7f1631dd-c05b-453b-84e2-59ac9e69fb17_1458352379.jpeg?h=225&w=225
273682943,Haliborange Omega 3 & Multivitamins Softies 30S,https://www.tesco.com/groceries/en-GB/shop/health-and-beauty/all?department=Kid%27s%20Zone&viewAll=department&page=,£5.80,£0.19/each,Any 3 for 2 Clubcard Price - Cheapest Product Free - Selected Vitamins Or Supplements,,/groceries/en-GB/products/273682943,https://digitalcontent.api.tesco.com/v2/media/ghs/72006fd4-2f49-4d44-a4df-1bcc2c04069e/d4e8f2fe-83d8-4a2f-9c5b-0b7b729f0d5f_1421775997.jpeg?h=225&w=225
289431197,Bassetts 7-11 Multi Vitamin Raspberry,https://www.tesco.com/groceries/en-GB/shop/health-and-beauty/all?department=Kid%27s%20Zone&viewAll=department&page=,£5.25,£0.18/each,Any 3 for 2 Clubcard Price - Cheapest Product Free - Selected Vitamins Or Supplements,,/groceries/en-GB/products/289431197,https://digitalcontent.api.tesco.com/v2/media/ghs/b9d36a2c-8b2e-4562-bbb7-11dee65afe6a/fbebefac-da32-4abd-88d5-5821e0cc190a_115278249.jpeg?h=225&w=225
289431669,Bassetts 7-11 Multi Vitamin Plus Omega 3,https://www.tesco.com/groceries/en-GB/shop/health-and-beauty/all?department=Kid%27s%20Zone&viewAll=department&page=,£5.80,£0.19/each,Any 3 for 2 Clubcard Price - Cheapest Product Free - Selected Vitamins Or Supplements,,/groceries/en-GB/products/289431669,https://digitalcontent.api.tesco.com/v2/media/ghs/d2c91491-12af-40fc-8c35-7c83bfc63044/b8a924ed-6e31-4925-bbd4-cf4feaa3d367_1463195168.jpeg?h=225&w=225
265749739,Wellkid Baby And Infant 150Ml,https://www.tesco.com/groceries/en-GB/shop/health-and-beauty/all?department=Kid%27s%20Zone&viewAll=department&page=,£5.00,£3.34/100ml,Any 3 for 2 Clubcard Price - Cheapest Product Free - Selected Vitamins Or Supplements,,/groceries/en-GB/products/265749739,https://digitalcontent.api.tesco.com/v2/media/ghs/6508a8eb-3a08-4dd4-93cd-7abb04164912/600f0aa6-f460-4826-b53e-8abb2e162ad8_2067751267.jpeg?h=225&w=225
289431442,Bassetts 3-6 Multi Vitamin Plus Omega 3,https://www.tesco.com/groceries/en-GB/shop/health-and-beauty/all?department=Kid%27s%20Zone&viewAll=department&page=,£5.00,£0.17/each,Any 3 for 2 Clubcard Price - Cheapest Product Free - Selected Vitamins Or Supplements,,/groceries/en-GB/products/289431442,https://digitalcontent.api.tesco.com/v2/media/ghs/b19f79a1-5fee-4742-97eb-82edde521f9a/9a5cc4c5-412a-400a-8fcc-7c1b78f25d26_1503358234.jpeg?h=225&w=225
289431102,Bassetts 3-6 Multi Vitamin Strawberry,https://www.tesco.com/groceries/en-GB/shop/health-and-beauty/all?department=Kid%27s%20Zone&viewAll=department&page=,£4.70,£0.16/each,Any 3 for 2 Clubcard Price - Cheapest Product Free - Selected Vitamins Or Supplements,,/groceries/en-GB/products/289431102,https://digitalcontent.api.tesco.com/v2/media/ghs/259cdcb3-c090-405c-86c4-d6708e625a36/0c581e6c-007a-495c-86a1-e60efd3583e8_332471330.jpeg?h=225&w=225
264891968,Drynites Bedmats 7 Ultra Absorbent Sheets,https://www.tesco.com/groceries/en-GB/shop/health-and-beauty/all?department=Kid%27s%20Zone&viewAll=department&page=,£7.50,£1.88/each,,,/groceries/en-GB/products/264891968,https://digitalcontent.api.tesco.com/v2/media/ghs/17fc401d-b74b-440c-be90-3a3e6c63a9ac/b0b95f68-90fe-41cf-88a2-a1469aafe63a_1941624338.jpeg?h=225&w=225
305039239,Tesco Health 60 Childrens Multivitamins Strawberry Gummies,https://www.tesco.com/groceries/en-GB/shop/health-and-beauty/all?department=Kid%27s%20Zone&viewAll=department&page=,£5.25,£0.09/each,Any 3 for 2 Clubcard Price - Cheapest Product Free - Selected Vitamins Or Supplements,,/groceries/en-GB/products/305039239,https://digitalcontent.api.tesco.com/v2/media/ghs/e88202e6-781f-48f8-ba51-0f158f9d367b/c0b06227-4d8c-4261-a348-2872e485ef1a_388836391.jpeg?h=225&w=225
273211177,Tesco Kids Chewable Multivitamins Plus Minerals X 90,https://www.tesco.com/groceries/en-GB/shop/health-and-beauty/all?department=Kid%27s%20Zone&viewAll=department&page=,£3.50,£0.04/each,Any 3 for 2 Clubcard Price - Cheapest Product Free - Selected Vitamins Or Supplements,,/groceries/en-GB/products/273211177,https://digitalcontent.api.tesco.com/v2/media/ghs/6eee7cce-e452-4966-853f-6be80e53922b/eff1b0ba-1bd5-4c51-92d5-718efda7b66a_243321011.jpeg?h=225&w=225
257750608,Drynites Girl Pyjama Pant Age 8-15 Years 9 Pants,https://www.tesco.com/groceries/en-GB/shop/health-and-beauty/all?department=Kid%27s%20Zone&viewAll=department&page=,£5.25,£0.58/each,,,/groceries/en-GB/products/257750608,https://digitalcontent.api.tesco.com/v2/media/ghs/8f02aa4f-5141-463a-b212-0c2c7e5bcf66/2b6da3c9-e69d-4cb4-a37e-fdf251612515_1413820451.jpeg?h=225&w=225
257751391,Drynites Boy Pyjama Pant Age 8-15 Years 9 Pants,https://www.tesco.com/groceries/en-GB/shop/health-and-beauty/all?department=Kid%27s%20Zone&viewAll=department&page=,£5.25,£0.58/each,,,/groceries/en-GB/products/257751391,https://digitalcontent.api.tesco.com/v2/media/ghs/850e6470-969d-4c8f-9dff-abb33d41f269/377f4157-2a13-496e-8ff9-f4ebc92609f7_160752032.jpeg?h=225&w=225
297115440,Childs Farm Orange Hair And Body Wash 250Ml,https://www.tesco.com/groceries/en-GB/shop/health-and-beauty/all?department=Kid%27s%20Zone&viewAll=department&page=,£4.25,£1.70/100ml,Any 2 for £6 Clubcard Price - Selected Childs Farm Baby Toiletries 250ml,,/groceries/en-GB/products/297115440,https://digitalcontent.api.tesco.com/v2/media/ghs/b9792e05-14b3-4fcb-843c-8e450a916f8e/e6b1a916-8309-4002-b6b2-996643ea71e2_19915262.jpeg?h=225&w=225
311272023,Calpol 6+ Fast Melts Strawberry 12 Tablets,https://www.tesco.com/groceries/en-GB/shop/health-and-beauty/all?department=Kid%27s%20Zone&viewAll=department&page=,£4.00,£0.33/each,,New,/groceries/en-GB/products/311272023,https://digitalcontent.api.tesco.com/v2/media/ghs/5e42c687-1573-4132-aa2d-45cb9ddc8b0a/43c38756-ba16-465b-816f-1662ce43c928_492700118.jpeg?h=225&w=225
256725735,Calpol Infant Sugar Free 100Ml,https://www.tesco.com/groceries/en-GB/shop/health-and-beauty/all?department=Kid%27s%20Zone&viewAll=department&page=,£3.30,£3.30/100ml,,,/groceries/en-GB/products/256725735,https://digitalcontent.api.tesco.com/v2/media/ghs/8727da78-1130-4e90-b26d-7019251f434d/dcce8121-0790-48e0-8163-e9f7490e0792_530587795.jpeg?h=225&w=225
305053378,Tesco Health 60 Childrens Multivitamins Orange Gummies,https://www.tesco.com/groceries/en-GB/shop/health-and-beauty/all?department=Kid%27s%20Zone&viewAll=department&page=,£5.25,£0.09/each,Any 3 for 2 Clubcard Price - Cheapest Product Free - Selected Vitamins Or Supplements,,/groceries/en-GB/products/305053378,https://digitalcontent.api.tesco.com/v2/media/ghs/4e9fc362-5726-45ab-a1c2-bb0b2fcd430a/843f1453-99aa-48c9-899c-f103acec4c59_25771693.jpeg?h=225&w=225
265135861,Haliborange Strawberry Multivitamins Softies 30S,https://www.tesco.com/groceries/en-GB/shop/health-and-beauty/all?department=Kid%27s%20Zone&viewAll=department&page=,£3.49,£0.12/each,Any 3 for 2 Clubcard Price - Cheapest Product Free - Selected Vitamins Or Supplements,,/groceries/en-GB/products/265135861,https://digitalcontent.api.tesco.com/v2/media/ghs/fd506c2c-0b3c-42f6-89fe-b983319dc865/7d864060-1444-4a06-b844-f04085900796_345786810.jpeg?h=225&w=225
268406939,Calpol Infant Colour Free & Sugar Free 100Ml,https://www.tesco.com/groceries/en-GB/shop/health-and-beauty/all?department=Kid%27s%20Zone&viewAll=department&page=,£3.30,£3.30/100ml,,,/groceries/en-GB/products/268406939,https://digitalcontent.api.tesco.com/v2/media/ghs/8a68142a-1177-46a2-b477-0f3ed734c897/0f100d52-3692-40a6-a410-8e1aa3264cab_1412794491.jpeg?h=225&w=225
259454098,Calpol 6+ Sugar Free 80Ml,https://www.tesco.com/groceries/en-GB/shop/health-and-beauty/all?department=Kid%27s%20Zone&viewAll=department&page=,£3.30,£4.13/100ml,,,/groceries/en-GB/products/259454098,https://digitalcontent.api.tesco.com/v2/media/ghs/165f53e8-c1fa-4ee7-9672-54565f5ee380/1203f2bc-a237-449c-8e6a-dbdd8e11c556_1689333865.jpeg?h=225&w=225
284127554,Colgate Kids Max Cavity Protection Toothpaste 50Ml,https://www.tesco.com/groceries/en-GB/shop/health-and-beauty/all?department=Kid%27s%20Zone&viewAll=department&page=,£2.00,£4.00/100ml,,,/groceries/en-GB/products/284127554,https://digitalcontent.api.tesco.com/v2/media/ghs/4b52d375-3678-45ea-a1da-142dde592d42/4ce541d0-0509-4153-8e49-c2c3dd959f5b_93936334.jpeg?h=225&w=225
261038389,Calpol Infant 100Ml,https://www.tesco.com/groceries/en-GB/shop/health-and-beauty/all?department=Kid%27s%20Zone&viewAll=department&page=,£3.30,£3.30/100ml,,,/groceries/en-GB/products/261038389,https://digitalcontent.api.tesco.com/v2/media/ghs/053206a3-9f8b-408e-bbe4-596c8c33dbaa/5a28c5a6-635c-4049-9fb0-ca048f703233_2136485407.jpeg?h=225&w=225
278398673,Aquafresh Big Teeth Tooth Brush,https://www.tesco.com/groceries/en-GB/shop/health-and-beauty/all?department=Kid%27s%20Zone&viewAll=department&page=,£1.75,£1.75/each,,,/groceries/en-GB/products/278398673,https://digitalcontent.api.tesco.com/v2/media/ghs/94de8e5e-27b7-42e9-95b7-ef709f0f96b1/786e45a0-50e5-43eb-9180-f202167a28aa_676687585.jpeg?h=225&w=225
267376301,Haliborange Vitamin D & Calcium Softies 30S,https://www.tesco.com/groceries/en-GB/shop/health-and-beauty/all?department=Kid%27s%20Zone&viewAll=department&page=,£3.49,£0.12/each,Any 3 for 2 Clubcard Price - Cheapest Product Free - Selected Vitamins Or Supplements,,/groceries/en-GB/products/267376301,https://digitalcontent.api.tesco.com/v2/media/ghs/c9e52b7d-c039-41b3-a7f8-125624d2aac8/a463051b-e8b9-4e81-8fdb-4bbff6926932_29077023.jpeg?h=225&w=225
260294057,Tesco Children's Paracetamol 2 Month Plus 100Ml,https://www.tesco.com/groceries/en-GB/shop/health-and-beauty/all?department=Kid%27s%20Zone&viewAll=department&page=,£2.10,£2.10/100ml,,,/groceries/en-GB/products/260294057,https://digitalcontent.api.tesco.com/v2/media/ghs/e84d3075-ef58-466a-9bb8-828f2001a67c/324f4efa-f4b3-45d9-99d5-3204d955f7b6_1984085623.jpeg?h=225&w=225
259437927,Vosene Kids 3In1 Shampoo & Conditioner 250Ml,https://www.tesco.com/groceries/en-GB/shop/health-and-beauty/all?department=Kid%27s%20Zone&viewAll=department&page=,£2.00,£0.80/100ml,,,/groceries/en-GB/products/259437927,https://digitalcontent.api.tesco.com/v2/media/ghs/66003c07-38db-45d9-a378-482f3c51ff2c/952c93f0-744e-407a-a2c1-a1826245b71b_27213804.jpeg?h=225&w=225
261750334,Nurofen For Children Strawberry 100Ml,https://www.tesco.com/groceries/en-GB/shop/health-and-beauty/all?department=Kid%27s%20Zone&viewAll=department&page=,£2.99,£2.99/100ml,,,/groceries/en-GB/products/261750334,https://digitalcontent.api.tesco.com/v2/media/ghs/915b38c4-f02a-4908-99e0-251b1af09d36/b7184056-55f7-4c8b-92e8-465cfb117b58_1878689430.jpeg?h=225&w=225
308848418,Sanex Biomeprotect Kids Head To Toe Wash 450Ml,https://www.tesco.com/groceries/en-GB/shop/health-and-beauty/all?department=Kid%27s%20Zone&viewAll=department&page=,£3.00,£0.67/100ml,£2.25 Clubcard Price,,/groceries/en-GB/products/308848418,https://digitalcontent.api.tesco.com/v2/media/ghs/a989dbe8-0ecd-46ee-8f43-18f2ff0178d9/f4ece843-c808-4109-8aeb-afce8bbc2609_1848690107.jpeg?h=225&w=225
264269208,Sensodyne Pronamel Mint Toothpaste Children 50Ml,https://www.tesco.com/groceries/en-GB/shop/health-and-beauty/all?department=Kid%27s%20Zone&viewAll=department&page=,£2.00,£4.00/100ml,,,/groceries/en-GB/products/264269208,https://digitalcontent.api.tesco.com/v2/media/ghs/652fd844-4bd8-45d5-8712-63a5a3a0481b/d9a72e13-fb09-4184-a958-28486c6dcae2_266182103.jpeg?h=225&w=225
313004765,Aquafresh Milk Teeth Toothbrush 0-2 Years,https://www.tesco.com/groceries/en-GB/shop/health-and-beauty/all?department=Kid%27s%20Zone&viewAll=department&page=,£1.75,£1.75/each,,New,/groceries/en-GB/products/313004765,https://digitalcontent.api.tesco.com/v2/media/ghs/ea99da27-16f7-4c2a-836e-933a448a5afb/324bc924-4a76-4350-b60b-e5b9d37d14cf_1039704514.jpeg?h=225&w=225
299456550,Aquafresh Advance Kids Toothpaste 75Ml,https://www.tesco.com/groceries/en-GB/shop/health-and-beauty/all?department=Kid%27s%20Zone&viewAll=department&page=,£1.75,£2.34/100ml,,,/groceries/en-GB/products/299456550,https://digitalcontent.api.tesco.com/v2/media/ghs/aa01144e-c0ce-4429-b6ab-73dd5e1fb54e/689ad8ed-99f5-4a94-aa16-633f09a534f0_1392127504.jpeg?h=225&w=225
292470020,Aquafresh Little Teeth 3-5 Years Tooth Paste 75Ml,https://www.tesco.com/groceries/en-GB/shop/health-and-beauty/all?department=Kid%27s%20Zone&viewAll=department&page=,£1.75,£2.34/100ml,,,/groceries/en-GB/products/292470020,https://digitalcontent.api.tesco.com/v2/media/ghs/57ef768f-cef9-4e74-9573-e831c8186cce/a456aa6f-0c56-4b60-8a36-eca36f162e41_144623269.jpeg?h=225&w=225
292469914,Aquafresh Big Teeth Toothpaste 75Ml,https://www.tesco.com/groceries/en-GB/shop/health-and-beauty/all?department=Kid%27s%20Zone&viewAll=department&page=,£1.75,£2.34/100ml,,,/groceries/en-GB/products/292469914,https://digitalcontent.api.tesco.com/v2/media/ghs/2e906813-6de7-462a-a170-61ae13a320de/bcdba15a-4f93-4f90-a21f-023b1ebfe73c_1249450434.jpeg?h=225&w=225
304381889,Pro Formula Big Steps Toothbrush 6 Years Plus,https://www.tesco.com/groceries/en-GB/shop/health-and-beauty/all?department=Kid%27s%20Zone&viewAll=department&page=,£1.05,£1.05/each,,,/groceries/en-GB/products/304381889,https://digitalcontent.api.tesco.com/v2/media/ghs/c7a178a1-2558-4376-bf6b-9af6040eaab8/84bec11a-a714-41d6-8d92-bd736754e3d6_1503106076.jpeg?h=225&w=225
257204279,L'oreal Kids Berry Strawberry Conditioner 250Ml,https://www.tesco.com/groceries/en-GB/shop/health-and-beauty/all?department=Kid%27s%20Zone&viewAll=department&page=,£2.40,£0.96/100ml,,,/groceries/en-GB/products/257204279,https://digitalcontent.api.tesco.com/v2/media/ghs/091fef0f-afae-4236-9460-66fe72800181/e018ab84-a6ce-4e3d-b677-7c1c1429d368_102592598.jpeg?h=225&w=225
253482997,L'oreal Kids Extra Gently/Gentle 2 In 1 Shampoo 250Ml,https://www.tesco.com/groceries/en-GB/shop/health-and-beauty/all?department=Kid%27s%20Zone&viewAll=department&page=,£2.40,£0.96/100ml,,,/groceries/en-GB/products/253482997,https://digitalcontent.api.tesco.com/v2/media/ghs/2cb2fec7-ba54-4e08-bdf3-345135f79be1/cf33f679-abc7-4021-a780-428912865edc_1304629315.jpeg?h=225&w=225
257204158,L'oreal Kids Tropical Mango Shampoo 250Ml,https://www.tesco.com/groceries/en-GB/shop/health-and-beauty/all?department=Kid%27s%20Zone&viewAll=department&page=,£2.40,£0.96/100ml,,,/groceries/en-GB/products/257204158,https://digitalcontent.api.tesco.com/v2/media/ghs/919d983b-ffcb-4ae8-b2af-c8b35f17663b/cb7bcc44-ac00-4c09-b17a-11599a806fce_601825155.jpeg?h=225&w=225
262748238,Aquafresh Kids Bigteeth Mouthwash 300Ml,https://www.tesco.com/groceries/en-GB/shop/health-and-beauty/all?department=Kid%27s%20Zone&viewAll=department&page=,£1.75,£0.58/100ml,,,/groceries/en-GB/products/262748238,https://digitalcontent.api.tesco.com/v2/media/ghs/a8d08ee4-83d0-4bee-ac64-66eda17e5cda/f6728a2a-83ed-4c0b-9371-92cd6397bb09_1463827410.jpeg?h=225&w=225
266552342,Matey Molly Bubble Bath 500Ml,https://www.tesco.com/groceries/en-GB/shop/health-and-beauty/all?department=Kid%27s%20Zone&viewAll=department&page=,£2.50,£0.50/100ml,£2.00 Clubcard Price,,/groceries/en-GB/products/266552342,https://digitalcontent.api.tesco.com/v2/media/ghs/31e26dbf-468a-4f20-90c4-e4df90255051/3dcd05d4-3f85-49b8-8ac5-d94346b1d930_1939159440.jpeg?h=225&w=225
304377797,Pro Formula Little Steps Toothbrush 3-5 Years,https://www.tesco.com/groceries/en-GB/shop/health-and-beauty/all?department=Kid%27s%20Zone&viewAll=department&page=,£1.05,£1.05/each,,,/groceries/en-GB/products/304377797,https://digitalcontent.api.tesco.com/v2/media/ghs/c68eff57-9ac0-4849-ad37-2bebefadc64b/014c3d45-a711-44a8-9fea-725881485d7c_102594607.jpeg?h=225&w=225
304402859,Pro Formula Big Steps Cool Mint Toothpaste 6+ 75Ml,https://www.tesco.com/groceries/en-GB/shop/health-and-beauty/all?department=Kid%27s%20Zone&viewAll=department&page=,£1.00,£1.34/100ml,,,/groceries/en-GB/products/304402859,https://digitalcontent.api.tesco.com/v2/media/ghs/54c62d5b-e9e8-4a10-9bb1-d61db563f9de/fc8cc44a-a145-4bd3-a4b3-0ad4e3ad4039_497153042.jpeg?h=225&w=225
304400350,Pro Formula Little Steps Mild Mint Toothpaste 3-5 75Ml,https://www.tesco.com/groceries/en-GB/shop/health-and-beauty/all?department=Kid%27s%20Zone&viewAll=department&page=,£1.00,£1.34/100ml,,,/groceries/en-GB/products/304400350,https://digitalcontent.api.tesco.com/v2/media/ghs/b7488791-2dbd-42a4-8b6d-13e80c50a49c/7096a2c8-4b3e-44e2-a0fd-aa225a381787_1087444926.jpeg?h=225&w=225
276116625,Tesco Kids Apple & Melon 2 In 1 Shampoo 250Ml,https://www.tesco.com/groceries/en-GB/shop/health-and-beauty/all?department=Kid%27s%20Zone&viewAll=department&page=,£1.05,£0.42/100ml,,,/groceries/en-GB/products/276116625,https://digitalcontent.api.tesco.com/v2/media/ghs/d2ac5a03-00cc-4270-87ab-76e3fc3a9ce7/44a4b5a6-2555-4284-a9ed-d3b6ec883466_271999521.jpeg?h=225&w=225
276116723,Tesco Kids Strawberry 2 In 1 Shampoo 250Ml,https://www.tesco.com/groceries/en-GB/shop/health-and-beauty/all?department=Kid%27s%20Zone&viewAll=department&page=,£1.05,£0.42/100ml,,,/groceries/en-GB/products/276116723,https://digitalcontent.api.tesco.com/v2/media/ghs/69abce45-33b1-4e30-8590-7aa6e0b121f5/135c90e0-9edd-45a7-825e-320b4bdc2564_249834157.jpeg?h=225&w=225
262709654,Aquafresh Milk Teeth Toothpaste 50Ml,https://www.tesco.com/groceries/en-GB/shop/health-and-beauty/all?department=Kid%27s%20Zone&viewAll=department&page=,£1.25,£2.50/100ml,,,/groceries/en-GB/products/262709654,https://digitalcontent.api.tesco.com/v2/media/ghs/feee7b10-26ca-42e2-86be-f767fd81f587/e004f5cc-e71d-4229-9afd-e188c523afde_605508905.jpeg?h=225&w=225
304403237,Pro Formula Big Steps Cool Mint Mouthwash 6+ 300Ml,https://www.tesco.com/groceries/en-GB/shop/health-and-beauty/all?department=Kid%27s%20Zone&viewAll=department&page=,£1.00,£0.33/100ml,,,/groceries/en-GB/products/304403237,https://digitalcontent.api.tesco.com/v2/media/ghs/c77de561-2179-41fa-88af-8197107eddc0/e4b9bc1a-7184-4226-8e28-0a26fb765aef_275882852.jpeg?h=225&w=225
304413260,Tesco Essentials 4 Kids Toothbrushes,https://www.tesco.com/groceries/en-GB/shop/health-and-beauty/all?department=Kid%27s%20Zone&viewAll=department&page=,£1.00,£0.25/each,,,/groceries/en-GB/products/304413260,https://digitalcontent.api.tesco.com/v2/media/ghs/54866065-e6ab-49f1-9927-7a98d2b1bf29/d1cfdaa6-5ff4-4d2f-9b30-6502b7827429_1190898263.jpeg?h=225&w=225
299584766,Oral-B Junior 6+ Green Electric Toothbrush,https://www.tesco.com/groceries/en-GB/shop/health-and-beauty/all?department=Kid%27s%20Zone&viewAll=department&page=,£50.00,£50.00/each,,,/groceries/en-GB/products/299584766,https://digitalcontent.api.tesco.com/v2/media/ghs/5f5142f4-aee6-48db-85b1-e3367e378542/6698ad98-6bba-4f11-ab67-9b53e98f3bea_731632538.jpeg?h=225&w=225
301795859,Haliborange Multivitamins Strawberry Softies 60'S,https://www.tesco.com/groceries/en-GB/shop/health-and-beauty/all?department=Kid%27s%20Zone&viewAll=department&page=,£10.00,£0.17/each,Any 3 for 2 Clubcard Price - Cheapest Product Free - Selected Vitamins Or Supplements,,/groceries/en-GB/products/301795859,https://digitalcontent.api.tesco.com/v2/media/ghs/7b1be37e-dc55-497b-9851-5117c675cc70/bd6fefb8-f78e-4f42-878e-5cd03eec180f_1838684154.jpeg?h=225&w=225
304782432,Haliborange Omega3 & Multivitamins 60 Orange Gummies,https://www.tesco.com/groceries/en-GB/shop/health-and-beauty/all?department=Kid%27s%20Zone&viewAll=department&page=,£10.00,£0.17/each,Any 3 for 2 Clubcard Price - Cheapest Product Free - Selected Vitamins Or Supplements,,/groceries/en-GB/products/304782432,https://digitalcontent.api.tesco.com/v2/media/ghs/c07deac4-707d-4bc0-b20e-039944cb5c1d/4a4398a7-392a-41cd-b4d0-6d8c0ca05e68_1163225090.jpeg?h=225&w=225
303182585,Becodefence Kids Nasal Spray 20Ml,https://www.tesco.com/groceries/en-GB/shop/health-and-beauty/all?department=Kid%27s%20Zone&viewAll=department&page=,£10.00,£50.00/100ml,,,/groceries/en-GB/products/303182585,https://digitalcontent.api.tesco.com/v2/media/ghs/65a28cc8-fa8d-413d-8ffd-9c13cc504ed2/72854f2e-f8b4-437e-a661-d6858ce324fe_2040492545.jpeg?h=225&w=225
303087963,Childs Farm Sun Spray 50+Spf 125Ml,https://www.tesco.com/groceries/en-GB/shop/health-and-beauty/all?department=Kid%27s%20Zone&viewAll=department&page=,£12.00,£9.60/100ml,,,/groceries/en-GB/products/303087963,https://digitalcontent.api.tesco.com/v2/media/ghs/831b1a39-05e1-4861-b396-8b8867b56caf/bd9d2293-a7e6-4435-ba1d-5addeed310d0_766123257.jpeg?h=225&w=225
280878120,Calpol Night Plug In Refills 5 Pads,https://www.tesco.com/groceries/en-GB/shop/health-and-beauty/all?department=Kid%27s%20Zone&viewAll=department&page=,£7.00,£1.40/each,,,/groceries/en-GB/products/280878120,https://digitalcontent.api.tesco.com/v2/media/ghs/de6efa0a-a018-4fb0-906f-20d1b4af5723/a658590f-7e9f-4e62-819b-dbe70e534692_1661723349.jpeg?h=225&w=225
301795871,Haliborange Omega 3 Softies 60'S,https://www.tesco.com/groceries/en-GB/shop/health-and-beauty/all?department=Kid%27s%20Zone&viewAll=department&page=,£9.50,£0.16/each,Any 3 for 2 Clubcard Price - Cheapest Product Free - Selected Vitamins Or Supplements,,/groceries/en-GB/products/301795871,https://digitalcontent.api.tesco.com/v2/media/ghs/80122a54-9256-4ac4-829f-1409f8940afd/66e51ce9-77c8-4f4f-a1c0-7972cb4bab9e_894958399.jpeg?h=225&w=225
302310200,Bronchostop Junior Cough Syrup 120Ml,https://www.tesco.com/groceries/en-GB/shop/health-and-beauty/all?department=Kid%27s%20Zone&viewAll=department&page=,£6.75,£5.63/100ml,,,/groceries/en-GB/products/302310200,https://digitalcontent.api.tesco.com/v2/media/ghs/6789dcfa-85c8-4cb7-9fe3-2cd1902b0859/3825b653-4880-4073-bff0-631faee23d5f_368220205.jpeg?h=225&w=225
272506683,Benadryl Allergy Children's Oral 70 Ml,https://www.tesco.com/groceries/en-GB/shop/health-and-beauty/all?department=Kid%27s%20Zone&viewAll=department&page=,£5.85,£8.36/100ml,,,/groceries/en-GB/products/272506683,https://digitalcontent.api.tesco.com/v2/media/ghs/1fb29382-5386-437c-8174-f2df47fbb443/d9fa1b3d-a86c-40e4-84bc-8f50cb387983_2038885289.jpeg?h=225&w=225
255840908,Full Marks Solution 100Ml,https://www.tesco.com/groceries/en-GB/shop/health-and-beauty/all?department=Kid%27s%20Zone&viewAll=department&page=,£5.25,£5.25/100ml,,,/groceries/en-GB/products/255840908,https://digitalcontent.api.tesco.com/v2/media/ghs/e39f06b4-2a40-4c52-b315-842f014f0dd5/4f132944-cb8e-4f01-bed5-8aa0ba479ff5_165789119.jpeg?h=225&w=225
284884472,Haliborange Mr Happy Strawberry Soft Multivitamins 30,https://www.tesco.com/groceries/en-GB/shop/health-and-beauty/all?department=Kid%27s%20Zone&viewAll=department&page=,£5.80,£0.19/each,Any 3 for 2 Clubcard Price - Cheapest Product Free - Selected Vitamins Or Supplements,,/groceries/en-GB/products/284884472,https://digitalcontent.api.tesco.com/v2/media/ghs/df6c638e-29ef-4fbb-8ace-654ee203cdd0/5e2e5024-d6ef-43b0-b138-a54be5dc69a0_1320943015.jpeg?h=225&w=225
302273669,Olbas Oil For Children 12Ml,https://www.tesco.com/groceries/en-GB/shop/health-and-beauty/all?department=Kid%27s%20Zone&viewAll=department&page=,£4.50,£37.50/100ml,,,/groceries/en-GB/products/302273669,https://digitalcontent.api.tesco.com/v2/media/ghs/bf92fff6-80af-443d-b041-01e38c4e846b/1f498d82-24a1-4081-9690-dbb903a8b73c_182431718.jpeg?h=225&w=225
263800307,Piriteze Allergy Syrup 70Ml,https://www.tesco.com/groceries/en-GB/shop/health-and-beauty/all?department=Kid%27s%20Zone&viewAll=department&page=,£5.00,£7.15/100ml,,,/groceries/en-GB/products/263800307,https://digitalcontent.api.tesco.com/v2/media/ghs/be1e3f62-442e-44a1-944c-9ff4397b1880/b13d2b90-a2f8-4870-a49a-e9c545ebcc2c_249778425.jpeg?h=225&w=225
301340049,Calprofen 20Mg/Ml 100Gb,https://www.tesco.com/groceries/en-GB/shop/health-and-beauty/all?department=Kid%27s%20Zone&viewAll=department&page=,£4.25,£4.25/100ml,£3.80 Clubcard Price,,/groceries/en-GB/products/301340049,https://digitalcontent.api.tesco.com/v2/media/ghs/2a9c1f29-2fc8-4385-9277-3ef9dd41e006/3302110b-18b1-438c-bbae-974d9e557ec3_112598594.jpeg?h=225&w=225
311955448,Aveeno Kids Bubble Bath & Wash Sensitive Skin 250Ml,https://www.tesco.com/groceries/en-GB/shop/health-and-beauty/all?department=Kid%27s%20Zone&viewAll=department&page=,£6.00,£24.00/litre,,New,/groceries/en-GB/products/311955448,https://digitalcontent.api.tesco.com/v2/media/ghs/c21ff54a-9c6e-4cc3-bb73-9f1406598310/6beeaf0f-8e8a-4340-a96c-faa619a93583_1227493724.jpeg?h=225&w=225
311688257,Aveeno Kids Conditioner 250Ml,https://www.tesco.com/groceries/en-GB/shop/health-and-beauty/all?department=Kid%27s%20Zone&viewAll=department&page=,£6.00,£24.00/litre,,,/groceries/en-GB/products/311688257,https://digitalcontent.api.tesco.com/v2/media/ghs/6c2ecd3f-5b3a-4d38-8136-66c552e2e9e5/0bda145a-ac57-4028-a93c-b94fd076bafd_1791212649.jpeg?h=225&w=225
311804328,Aveeno Kids Shampoo Sensitive Skin & Scalp 250Ml,https://www.tesco.com/groceries/en-GB/shop/health-and-beauty/all?department=Kid%27s%20Zone&viewAll=department&page=,£6.00,£24.00/litre,,New,/groceries/en-GB/products/311804328,https://digitalcontent.api.tesco.com/v2/media/ghs/71585dc5-e72e-4eeb-9227-034a8e23cf53/8f644078-adfe-4707-a094-0ee9ef5a85cd_1782394891.jpeg?h=225&w=225
254036874,Nelsons Homeopathy Teetha 24 Sachet,https://www.tesco.com/groceries/en-GB/shop/health-and-beauty/all?department=Kid%27s%20Zone&viewAll=department&page=,£4.60,£0.19/each,,,/groceries/en-GB/products/254036874,https://digitalcontent.api.tesco.com/v2/media/ghs/b5360fc7-c216-40f3-8304-6de745ef7d2f/06baabbf-8b64-4142-831f-09f6ff7759b5_625056166.jpeg?h=225&w=225
252798888,Abidec Multivitamins Drops 25Ml,https://www.tesco.com/groceries/en-GB/shop/health-and-beauty/all?department=Kid%27s%20Zone&viewAll=department&page=,£5.75,£23.00/100ml,Any 3 for 2 Clubcard Price - Cheapest Product Free - Selected Vitamins Or Supplements,,/groceries/en-GB/products/252798888,https://digitalcontent.api.tesco.com/v2/media/ghs/342c4b70-bb3e-4663-8164-b1c5057afd69/9ee4a330-184a-4a0c-a095-31e9c29cd9a5_1267336965.jpeg?h=225&w=225
302462371,Bassetts 3-6 Years Omega 3 & Multivitamins Orange 30S,https://www.tesco.com/groceries/en-GB/shop/health-and-beauty/all?department=Kid%27s%20Zone&viewAll=department&page=,£5.25,£0.18/each,Any 3 for 2 Clubcard Price - Cheapest Product Free - Selected Vitamins Or Supplements,,/groceries/en-GB/products/302462371,https://digitalcontent.api.tesco.com/v2/media/ghs/728cc0c1-c1b4-48f9-9009-f5c006f623ee/fefb2687-a5a5-45eb-aa0f-b11d000eae5d_867924873.jpeg?h=225&w=225
288502075,Wellbaby Vitamin D Drops 30Ml,https://www.tesco.com/groceries/en-GB/shop/health-and-beauty/all?department=Kid%27s%20Zone&viewAll=department&page=,£5.00,£16.67/100ml,Any 3 for 2 Clubcard Price - Cheapest Product Free - Selected Vitamins Or Supplements,,/groceries/en-GB/products/288502075,https://digitalcontent.api.tesco.com/v2/media/ghs/25fed466-b338-4fc3-b15a-9b368b16c2b4/a4c52705-04c1-4445-bb5a-c4bdb802ae5d_10286448.jpeg?h=225&w=225
284742522,Benylin Kids Dry Cough & Sore Throat 125Ml,https://www.tesco.com/groceries/en-GB/shop/health-and-beauty/all?department=Kid%27s%20Zone&viewAll=department&page=,£4.20,£3.36/100ml,£3.75 Clubcard Price,,/groceries/en-GB/products/284742522,https://digitalcontent.api.tesco.com/v2/media/ghs/b0d39b59-5968-4b4f-a803-6d788906c666/e823feef-df3c-4c43-829a-3adfaddfcbe6_1719621235.jpeg?h=225&w=225
288502098,Wellkid Calcium Liquid 150Ml,https://www.tesco.com/groceries/en-GB/shop/health-and-beauty/all?department=Kid%27s%20Zone&viewAll=department&page=,£5.00,£3.34/100ml,Any 3 for 2 Clubcard Price - Cheapest Product Free - Selected Vitamins Or Supplements,,/groceries/en-GB/products/288502098,https://digitalcontent.api.tesco.com/v2/media/ghs/fc2b807d-7a4e-46ee-b12b-0cc074a30e45/488830af-d182-4743-a4e1-c0481d5cb8fd_700525053.jpeg?h=225&w=225
282185337,Bonjela Junior Banana Gel 15G,https://www.tesco.com/groceries/en-GB/shop/health-and-beauty/all?department=Kid%27s%20Zone&viewAll=department&page=,£4.00,£26.67/100g,,,/groceries/en-GB/products/282185337,https://digitalcontent.api.tesco.com/v2/media/ghs/31b64b41-9290-4d72-8139-89cece03b49e/465389ac-b835-4e89-aa47-b43058ea3ede_2021762427.jpeg?h=225&w=225
297519468,Vicks Babyrub 50G,https://www.tesco.com/groceries/en-GB/shop/health-and-beauty/all?department=Kid%27s%20Zone&viewAll=department&page=,£4.00,£8.00/100g,,,/groceries/en-GB/products/297519468,https://digitalcontent.api.tesco.com/v2/media/ghs/08422008-899c-4042-82ef-92c03fe95f70/d47b49d2-3909-4d0d-bf35-1c9dd682dd55_859740970.jpeg?h=225&w=225
261022196,Colgate Kids Battery Toothbrush Barbie,https://www.tesco.com/groceries/en-GB/shop/health-and-beauty/all?department=Kid%27s%20Zone&viewAll=department&page=,£7.00,£7.00/each,,,/groceries/en-GB/products/261022196,https://digitalcontent.api.tesco.com/v2/media/ghs/7353d6e3-2550-4ed8-99cb-6281aad5fa73/d1223b88-e0ff-40cc-a186-c74b81b7034c_108069011.jpeg?h=225&w=225
267397420,Calcough Childrens Syrup Blackcurrant 125Ml,https://www.tesco.com/groceries/en-GB/shop/health-and-beauty/all?department=Kid%27s%20Zone&viewAll=department&page=,£4.00,£3.20/100ml,£3.60 Clubcard Price,,/groceries/en-GB/products/267397420,https://digitalcontent.api.tesco.com/v2/media/ghs/09cf6ed9-bdb9-441a-bd01-61a1e63d88e0/183f0335-dfde-4dca-8364-5cba6070aa00_213879056.jpeg?h=225&w=225
262331587,Wellkid Multivitamins Mixture Fruit Chewable 30S,https://www.tesco.com/groceries/en-GB/shop/health-and-beauty/all?department=Kid%27s%20Zone&viewAll=department&page=,£6.50,£0.22/each,Any 3 for 2 Clubcard Price - Cheapest Product Free - Selected Vitamins Or Supplements,,/groceries/en-GB/products/262331587,https://digitalcontent.api.tesco.com/v2/media/ghs/29b080df-d91d-4425-a592-ac6a66923d0b/751f7669-e76c-4455-b07a-476057cdf141_1859482099.jpeg?h=225&w=225
305040036,Tesco Health 60 Childrens Immune Support Gummies,https://www.tesco.com/groceries/en-GB/shop/health-and-beauty/all?department=Kid%27s%20Zone&viewAll=department&page=,£6.05,£0.10/each,Any 3 for 2 Clubcard Price - Cheapest Product Free - Selected Vitamins Or Supplements,,/groceries/en-GB/products/305040036,https://digitalcontent.api.tesco.com/v2/media/ghs/f88eff53-4bd0-43b8-b16c-01757897e586/e3356ffd-d330-4863-b964-e56e89171b69_1898187090.jpeg?h=225&w=225
291243964,Leobancroft Kids 24 Pack Mini Band Pastel,https://www.tesco.com/groceries/en-GB/shop/health-and-beauty/all?department=Kid%27s%20Zone&viewAll=department&page=,£2.50,£0.10/each,,,/groceries/en-GB/products/291243964,https://digitalcontent.api.tesco.com/v2/media/ghs/09c2ad94-e1f2-4c6c-915a-5d5f11e3b51c/afee4f08-12b1-47d3-a65d-1217dc62efe6_1163555209.jpeg?h=225&w=225
305960963,Cantu Care For Kids Tear Free Nourishing Shampoo 237Ml,https://www.tesco.com/groceries/en-GB/shop/health-and-beauty/all?department=Kid%27s%20Zone&viewAll=department&page=,£4.80,£2.03/100ml,£3.30 Clubcard Price,,/groceries/en-GB/products/305960963,https://digitalcontent.api.tesco.com/v2/media/ghs/eccdba43-f045-49e4-b325-adefaa1d2ede/d7f91193-322f-4feb-96dc-54df1ebaad03_1797222603.jpeg?h=225&w=225
303194006,Elastoplast Paw Patrol Plasters 20'S,https://www.tesco.com/groceries/en-GB/shop/health-and-beauty/all?department=Kid%27s%20Zone&viewAll=department&page=,£3.00,£0.15/each,,,/groceries/en-GB/products/303194006,https://digitalcontent.api.tesco.com/v2/media/ghs/fcf484a1-f341-4b68-b3c7-b5fff3d34ca2/bb823ed4-8d03-49e0-b1c0-65b720bc94ba_608822925.jpeg?h=225&w=225
303193854,Bonjela Soothing Teething Gel 15Ml,https://www.tesco.com/groceries/en-GB/shop/health-and-beauty/all?department=Kid%27s%20Zone&viewAll=department&page=,£3.60,£24.00/100ml,,,/groceries/en-GB/products/303193854,https://digitalcontent.api.tesco.com/v2/media/ghs/7077c253-364c-47a8-93a0-dbda285bdd56/c8ef1edd-7646-43c2-9208-d4db2643b08a_543572679.jpeg?h=225&w=225
295343592,Abidec Advanced Multivitamins Syrup Plus Omega 150Ml,https://www.tesco.com/groceries/en-GB/shop/health-and-beauty/all?department=Kid%27s%20Zone&viewAll=department&page=,£4.50,£3.00/100ml,Any 3 for 2 Clubcard Price - Cheapest Product Free - Selected Vitamins Or Supplements,,/groceries/en-GB/products/295343592,https://digitalcontent.api.tesco.com/v2/media/ghs/8054b882-3d5e-4b3c-a3db-bc5b91d601b2/7c8fa620-0cd5-4f5c-8d2a-bbbbd286a551_37909521.jpeg?h=225&w=225
309789676,Nivea Kids 2 In 1 Shower & Shampoo Magic Apple 500Ml,https://www.tesco.com/groceries/en-GB/shop/health-and-beauty/all?department=Kid%27s%20Zone&viewAll=department&page=,£3.00,£0.60/100ml,,,/groceries/en-GB/products/309789676,https://digitalcontent.api.tesco.com/v2/media/ghs/70422d22-ba2e-4d76-b9fb-bfd7691ddaa5/49505f24-6d08-46ba-ac37-41f24c6244a9_716938570.jpeg?h=225&w=225
308832206,Sanex Zero % Kids Head To Toe Wash 450Ml,https://www.tesco.com/groceries/en-GB/shop/health-and-beauty/all?department=Kid%27s%20Zone&viewAll=department&page=,£2.75,£6.12/litre,,,/groceries/en-GB/products/308832206,https://digitalcontent.api.tesco.com/v2/media/ghs/2ff2ab2e-c706-4a76-9dc5-435c6086b399/4f5160ce-2d48-4bb5-abe6-03777043a81d_949179626.jpeg?h=225&w=225
301455829,Tesco Health Childrens Plaster 20 Pack,https://www.tesco.com/groceries/en-GB/shop/health-and-beauty/all?department=Kid%27s%20Zone&viewAll=department&page=,£1.20,£0.06/each,,,/groceries/en-GB/products/301455829,https://digitalcontent.api.tesco.com/v2/media/ghs/94987dd0-c63b-44bc-b19e-d7a465fc3420/3eba90df-1f54-440e-883c-815ce486ae27_1488573703.jpeg?h=225&w=225
265335706,Calpol Saline Nasal Spray 15Ml,https://www.tesco.com/groceries/en-GB/shop/health-and-beauty/all?department=Kid%27s%20Zone&viewAll=department&page=,£3.50,£23.34/100ml,£3.15 Clubcard Price,,/groceries/en-GB/products/265335706,https://digitalcontent.api.tesco.com/v2/media/ghs/a6c1b6ec-ac14-49b2-8d6c-8d1143b45927/550d70a2-e679-49bc-b962-37a4cc72a4a0_1631219871.jpeg?h=225&w=225
309790719,Matey Bubble Bath Surfer 500Ml,https://www.tesco.com/groceries/en-GB/shop/health-and-beauty/all?department=Kid%27s%20Zone&viewAll=department&page=,£2.50,£0.50/100ml,£2.00 Clubcard Price,,/groceries/en-GB/products/309790719,https://digitalcontent.api.tesco.com/v2/media/ghs/71a60ddf-215e-4ae9-bea1-5322b17c116b/cb16fc86-18d4-4c24-8eaf-acff79e961ba_1133283369.jpeg?h=225&w=225
309781143,Matey Bubble Bath Merman 500Ml,https://www.tesco.com/groceries/en-GB/shop/health-and-beauty/all?department=Kid%27s%20Zone&viewAll=department&page=,£2.50,£0.50/100ml,£2.00 Clubcard Price,,/groceries/en-GB/products/309781143,https://digitalcontent.api.tesco.com/v2/media/ghs/1b0d7a2a-f66f-47a4-9d59-60d38bd8b097/e48e16a3-a050-48ce-82e0-3742c1b191a4_544453772.jpeg?h=225&w=225
290657009,Colgate Kids Minions Battery Toothbrush,https://www.tesco.com/groceries/en-GB/shop/health-and-beauty/all?department=Kid%27s%20Zone&viewAll=department&page=,£7.00,£7.00/each,£4.00 Clubcard Price,,/groceries/en-GB/products/290657009,https://digitalcontent.api.tesco.com/v2/media/ghs/f55c6e54-48ca-4f0d-aa5c-ea67afd44fd0/00bd5f10-4cac-4b6a-9cce-d87b98304398_1116308614.jpeg?h=225&w=225
311682281,Oral-B Kids 3+ Lightyear Electric Toothbrush,https://www.tesco.com/groceries/en-GB/shop/health-and-beauty/all?department=Kid%27s%20Zone&viewAll=department&page=,£40.00,£40.00/each,,,/groceries/en-GB/products/311682281,https://digitalcontent.api.tesco.com/v2/media/ghs/96372eaf-5b02-432b-91d1-2df02cc6535a/cc14b421-d765-4e93-b01b-348734920578_600321080.jpeg?h=225&w=225
291377615,Oral-B Frozen Kids 3+ Electric Toothbrush,https://www.tesco.com/groceries/en-GB/shop/health-and-beauty/all?department=Kid%27s%20Zone&viewAll=department&page=,£40.00,£40.00/each,£20.00 Clubcard Price,,/groceries/en-GB/products/291377615,https://digitalcontent.api.tesco.com/v2/media/ghs/12bfe829-6855-41e9-9a98-edbf194b6884/9f424583-99cf-4772-b0fb-1effa6a4e227_1670037009.jpeg?h=225&w=225
309175740,Oral-B 3Yrs Plus Spiderman Electric Toothbrush,https://www.tesco.com/groceries/en-GB/shop/health-and-beauty/all?department=Kid%27s%20Zone&viewAll=department&page=,£40.00,£40.00/each,£20.00 Clubcard Price,,/groceries/en-GB/products/309175740,https://digitalcontent.api.tesco.com/v2/media/ghs/7374d5bb-299b-4014-9cdb-20c81daa88cf/e14d85bb-141d-4848-842b-c871c2b30c17_2027260308.jpeg?h=225&w=225
299836659,Lyclear Shampoo Plus Comb 200Ml,https://www.tesco.com/groceries/en-GB/shop/health-and-beauty/all?department=Kid%27s%20Zone&viewAll=department&page=,£12.00,£6.00/100ml,,,/groceries/en-GB/products/299836659,https://digitalcontent.api.tesco.com/v2/media/ghs/0d9a4692-47c2-4aeb-b873-3d079925c92b/2755131b-7e9d-406d-989b-514bcd30d105_2101295081.jpeg?h=225&w=225
309191334,Oral-B Kids 3+ Frozen Electric Toothbrush Replacement Heads 4 Pack,https://www.tesco.com/groceries/en-GB/shop/health-and-beauty/all?department=Kid%27s%20Zone&viewAll=department&page=,£14.00,£3.50/each,,,/groceries/en-GB/products/309191334,https://digitalcontent.api.tesco.com/v2/media/ghs/76bbf1c0-56fb-4c86-97ec-6695e9ee3b0f/754583c1-23fe-4c39-b9ec-3673964bbe83_509209006.jpeg?h=225&w=225
259592402,Nitty Gritty Detection Comb,https://www.tesco.com/groceries/en-GB/shop/health-and-beauty/all?department=Kid%27s%20Zone&viewAll=department&page=,£13.00,£13.00/each,,,/groceries/en-GB/products/259592402,https://digitalcontent.api.tesco.com/v2/media/ghs/b3eee147-18ed-48b2-9e39-f9c92fe1c598/b3cb89fe-3c72-48c0-837b-6868bd6f7229_915910897.jpeg?h=225&w=225
308108978,Wellkid Marvel Omega3 & Vitamin D Orange Gummies X50,https://www.tesco.com/groceries/en-GB/shop/health-and-beauty/all?department=Kid%27s%20Zone&viewAll=department&page=,£15.75,£0.32/each,Any 3 for 2 Clubcard Price - Cheapest Product Free - Selected Vitamins Or Supplements,,/groceries/en-GB/products/308108978,https://digitalcontent.api.tesco.com/v2/media/ghs/2addd90a-c871-4213-8624-36b9fce9f517/665a66a8-0a5f-42f1-aa9d-2f4cafe43002_1428075004.jpeg?h=225&w=225
311666067,Oral-B Kids 3+ Lightyear Electric Toothbrush Heads X4,https://www.tesco.com/groceries/en-GB/shop/health-and-beauty/all?department=Kid%27s%20Zone&viewAll=department&page=,£14.00,£3.50/each,,,/groceries/en-GB/products/311666067,https://digitalcontent.api.tesco.com/v2/media/ghs/329f1c4f-2ef4-4339-be26-0ce79060b3ab/df0572b0-67ed-4966-8226-df410c3506f1_327396860.jpeg?h=225&w=225
308865039,Oral-B Kids 3+Yr Spiderman Electric Replacement Heads 4 Pack,https://www.tesco.com/groceries/en-GB/shop/health-and-beauty/all?department=Kid%27s%20Zone&viewAll=department&page=,£14.00,£3.50/each,,,/groceries/en-GB/products/308865039,https://digitalcontent.api.tesco.com/v2/media/ghs/8000d4b2-61d9-48b9-9ca3-8c8afa539f7f/131cc978-f51f-4229-a107-cabcc9a0a612_548702483.jpeg?h=225&w=225
298907520,Pro Formula Sensitive Replacement Brush Heads 4Pkk,https://www.tesco.com/groceries/en-GB/shop/health-and-beauty/all?department=Kid%27s%20Zone&viewAll=department&page=,£10.00,£2.50/each,,,/groceries/en-GB/products/298907520,https://digitalcontent.api.tesco.com/v2/media/ghs/7f969cff-dfd7-4fbb-8819-c6a3b13aba79/8da6a3b8-08b7-4f2b-bad2-b6a8fd17e5af_1686214154.jpeg?h=225&w=225
303087986,Childs Farm Sun Roll On 50+Spf 70Ml,https://www.tesco.com/groceries/en-GB/shop/health-and-beauty/all?department=Kid%27s%20Zone&viewAll=department&page=,£10.00,£14.29/100ml,,,/groceries/en-GB/products/303087986,https://digitalcontent.api.tesco.com/v2/media/ghs/ca2009f6-ed36-440e-92e1-8fdfb330179a/f6594daa-1953-45c2-962d-6287d4168759_543311347.jpeg?h=225&w=225
299426252,Nivea Sun Kids Protect & Sensitive Spf50+ 50Ml,https://www.tesco.com/groceries/en-GB/shop/health-and-beauty/all?department=Kid%27s%20Zone&viewAll=department&page=,£7.20,£14.40/100ml,,,/groceries/en-GB/products/299426252,https://digitalcontent.api.tesco.com/v2/media/ghs/1fe2e20c-da8e-4c41-92b3-1edd2d070a2c/b65d3bea-b09b-4439-bb7b-c6e6fe3f78c0_987995427.jpeg?h=225&w=225
305521199,Elastoplast Kids Marvel Plasters 20 Assorted Pack,https://www.tesco.com/groceries/en-GB/shop/health-and-beauty/all?department=Kid%27s%20Zone&viewAll=department&page=,£3.00,£0.15/each,,,/groceries/en-GB/products/305521199,https://digitalcontent.api.tesco.com/v2/media/ghs/a3c2743e-bcde-4b24-8cad-3e0d0808c8a7/1c6d86f9-0bcb-48a5-bab1-ccfe7a868ad3_504347514.jpeg?h=225&w=225
272513564,Nivea Sun Spray Kids Pure & Sensitive Spf 50 200Ml,https://www.tesco.com/groceries/en-GB/shop/health-and-beauty/all?department=Kid%27s%20Zone&viewAll=department&page=,£7.00,£3.50/100ml,,,/groceries/en-GB/products/272513564,https://digitalcontent.api.tesco.com/v2/media/ghs/90fae491-3c88-45cd-9c4c-1c5791e8bc7e/21c3090d-287b-4eca-b675-3ec627c4ad4a_1910083399.jpeg?h=225&w=225
287785034,Nivea Sun Lotion Kids Protect & Sensitive 200Ml,https://www.tesco.com/groceries/en-GB/shop/health-and-beauty/all?department=Kid%27s%20Zone&viewAll=department&page=,£6.50,£3.25/100ml,,,/groceries/en-GB/products/287785034,https://digitalcontent.api.tesco.com/v2/media/ghs/7bd39fe0-9f2b-45bf-b38d-aaaa8209da19/75431204-5292-49de-8bd9-dfb16a509744_1719634606.jpeg?h=225&w=225
305982044,Cantu Care For Kids Nourishing Conditioner 237Ml,https://www.tesco.com/groceries/en-GB/shop/health-and-beauty/all?department=Kid%27s%20Zone&viewAll=department&page=,£4.80,£2.03/100ml,£3.30 Clubcard Price,,/groceries/en-GB/products/305982044,https://digitalcontent.api.tesco.com/v2/media/ghs/4d645dde-2f6a-482f-95e0-9d47b0f20781/62bdb466-acda-482d-926c-6e3772bdbf60_118269904.jpeg?h=225&w=225
293459343,Elastoplast Frozen Character Plasters 16S,https://www.tesco.com/groceries/en-GB/shop/health-and-beauty/all?department=Kid%27s%20Zone&viewAll=department&page=,£2.70,£0.14/each,,,/groceries/en-GB/products/293459343,https://digitalcontent.api.tesco.com/v2/media/ghs/5e4402eb-0c6c-4738-9c27-0decd415f04f/f786dc9f-5fab-49b4-809f-19e3fa0ace35_970052590.jpeg?h=225&w=225
260592136,Tesco Childrens Dry Cough Syrup 200Ml,https://www.tesco.com/groceries/en-GB/shop/health-and-beauty/all?department=Kid%27s%20Zone&viewAll=department&page=,£1.90,£0.95/100ml,,,/groceries/en-GB/products/260592136,https://digitalcontent.api.tesco.com/v2/media/ghs/2dd05100-2208-424f-a845-a8c1a8bb941e/fb5e324c-b9c7-43b4-808a-f63dc780d06c_2000269345.jpeg?h=225&w=225
253561420,Nivea Childrens Sun Lotion F50+ 200Ml,https://www.tesco.com/groceries/en-GB/shop/health-and-beauty/all?department=Kid%27s%20Zone&viewAll=department&page=,£6.15,£3.08/100ml,,,/groceries/en-GB/products/253561420,https://digitalcontent.api.tesco.com/v2/media/ghs/cd4d9b91-540a-490e-b243-4e17f8dec56d/c99625c4-e11e-48a9-b3df-30902d4a11a7_1285641765.jpeg?h=225&w=225
291684840,Nivea Sun Kids Roll-On Spf 50 50Ml,https://www.tesco.com/groceries/en-GB/shop/health-and-beauty/all?department=Kid%27s%20Zone&viewAll=department&page=,£6.00,£12.00/100ml,,,/groceries/en-GB/products/291684840,https://digitalcontent.api.tesco.com/v2/media/ghs/eeec533e-61e4-4989-be27-3a752d324740/01e89998-06a3-414f-8759-ffc55b684045_1462181716.jpeg?h=225&w=225
251463948,Nivea Childrens Coloured Sun Spray F30 200Ml,https://www.tesco.com/groceries/en-GB/shop/health-and-beauty/all?department=Kid%27s%20Zone&viewAll=department&page=,£6.15,£3.08/100ml,,,/groceries/en-GB/products/251463948,https://digitalcontent.api.tesco.com/v2/media/ghs/1763ff69-dad2-41f8-b1f8-43add16a7b5f/eb63d5a1-b5c2-40b4-b090-fe9b8a85e871_1724034400.jpeg?h=225&w=225
259076622,Nivea Childrens Sun Spray Spf 50 Plus 200Ml,https://www.tesco.com/groceries/en-GB/shop/health-and-beauty/all?department=Kid%27s%20Zone&viewAll=department&page=,£6.15,£3.08/100ml,,,/groceries/en-GB/products/259076622,https://digitalcontent.api.tesco.com/v2/media/ghs/81205a04-4206-4bff-b7f5-57cd60d71b4f/1743d554-bc86-407f-8c27-74f1684a27ca_733126355.jpeg?h=225&w=225
258028590,L'oreal Paris Elvive Colour Protect Shampoo 400Ml,https://www.tesco.com/groceries/en-GB/shop/health-and-beauty/all?department=Shampoo&viewAll=department&page=,£4.50,£1.13/100ml,,,/groceries/en-GB/products/258028590,https://digitalcontent.api.tesco.com/v2/media/ghs/b57b1515-30a2-4b33-8b19-af2825f891f8/82d4ea3a-2145-4f8e-8ad0-c21869c996ad_1598956483.jpeg?h=225&w=225
302784721,L'oreal Elvive Dream Lengths Hair Shampoo 400Ml,https://www.tesco.com/groceries/en-GB/shop/health-and-beauty/all?department=Shampoo&viewAll=department&page=,£4.50,£1.13/100ml,,,/groceries/en-GB/products/302784721,https://digitalcontent.api.tesco.com/v2/media/ghs/4de98db0-0949-4a2d-9a35-6b57b33d4e9a/b15272bc-6730-42c8-bcee-b98492aee325_1814420876.jpeg?h=225&w=225
253779226,Neutrogena T/Gel Therapeutic Shampoo 250Ml,https://www.tesco.com/groceries/en-GB/shop/health-and-beauty/all?department=Shampoo&viewAll=department&page=,£7.00,£2.80/100ml,,,/groceries/en-GB/products/253779226,https://digitalcontent.api.tesco.com/v2/media/ghs/8be8df64-76b5-49ee-a498-890e23c615a2/caf96c2b-b895-406c-8720-1f491346111b_830531286.jpeg?h=225&w=225
297334761,Herbal Essences Bio. Renew Argan Shampoo 400Ml,https://www.tesco.com/groceries/en-GB/shop/health-and-beauty/all?department=Shampoo&viewAll=department&page=,£4.50,£1.13/100ml,Any 2 for £6 Clubcard Price - Selected Herbal Essences Shampoo Or Conditioner 275ml - 400ml,,/groceries/en-GB/products/297334761,https://digitalcontent.api.tesco.com/v2/media/ghs/ca2dd325-1d22-4027-a134-9f5f52b62e59/d93e82e9-2a22-4087-9f8d-d07a75e4f184_1240942931.jpeg?h=225&w=225
312345846,Head & Shoulders Classic Clean Shampoo 400Ml,https://www.tesco.com/groceries/en-GB/shop/health-and-beauty/all?department=Shampoo&viewAll=department&page=,£5.00,£1.25/100ml,Any 3 for £10 Clubcard Price - Selected Head & Shoulders Haircare Products 275ml - 400ml,,/groceries/en-GB/products/312345846,https://digitalcontent.api.tesco.com/v2/media/ghs/3d774ba6-e102-4e0f-a413-beaed503c4e8/36cd0b98-f7d6-4a51-8750-772f2be175b8_914592476.jpeg?h=225&w=225
251043645,Aussie Miracle Moist Shampoo 300Ml,https://www.tesco.com/groceries/en-GB/shop/health-and-beauty/all?department=Shampoo&viewAll=department&page=,£4.50,£1.50/100ml,Any 3 for £10 Clubcard Price - Selected Aussie Haircare Products 200ml - 300ml,,/groceries/en-GB/products/251043645,https://digitalcontent.api.tesco.com/v2/media/ghs/175b0a2c-f4ba-4dae-a5a8-b6dab0a994ad/b7c1fa6a-4b8a-400f-9e33-82f589f15a38_826648098.jpeg?h=225&w=225
251043743,Aussie Mega Shampoo 300Ml,https://www.tesco.com/groceries/en-GB/shop/health-and-beauty/all?department=Shampoo&viewAll=department&page=,£4.50,£1.50/100ml,Any 3 for £10 Clubcard Price - Selected Aussie Haircare Products 200ml - 300ml,,/groceries/en-GB/products/251043743,https://digitalcontent.api.tesco.com/v2/media/ghs/b1ef29d5-62c8-4515-991f-f07808592589/5dbca904-9b4b-42cb-88cf-dea99326e2ac_858894803.jpeg?h=225&w=225
312695045,Head & Shoulders Classic Clean 2 In 1 Shampoo 400Ml,https://www.tesco.com/groceries/en-GB/shop/health-and-beauty/all?department=Shampoo&viewAll=department&page=,£5.00,£1.25/100ml,Any 3 for £10 Clubcard Price - Selected Head & Shoulders Haircare Products 275ml - 400ml,,/groceries/en-GB/products/312695045,https://digitalcontent.api.tesco.com/v2/media/ghs/2caaa116-7830-4af7-b5c0-ea390271f53d/ff667c50-f04f-4319-9668-d1eb329b1f5d_1276619278.jpeg?h=225&w=225
275969803,Ogx Moroccan Argan Oil Shampoo 385Ml,https://www.tesco.com/groceries/en-GB/shop/health-and-beauty/all?department=Shampoo&viewAll=department&page=,£7.00,£1.82/100ml,£3.45 Clubcard Price,,/groceries/en-GB/products/275969803,https://digitalcontent.api.tesco.com/v2/media/ghs/30d94f6d-d401-49d1-bb1d-ea71a7c4dd2a/4da2ae94-42e4-43d8-a3d0-c02a2eb9ae69_1067477544.jpeg?h=225&w=225
299038596,Head & Shoulders Supreme Moisture Shampoo 400Ml,https://www.tesco.com/groceries/en-GB/shop/health-and-beauty/all?department=Shampoo&viewAll=department&page=,£5.00,£1.25/100ml,Any 3 for £10 Clubcard Price - Selected Head & Shoulders Haircare Products 275ml - 400ml,,/groceries/en-GB/products/299038596,https://digitalcontent.api.tesco.com/v2/media/ghs/7ce0ed4d-ecd0-46ac-bc38-fd4cd82765a8/18295243-0bb6-41ab-8c52-6cc527b1f117_1941047033.jpeg?h=225&w=225
271158784,Batiste Dry Shampoo Original 200Ml,https://www.tesco.com/groceries/en-GB/shop/health-and-beauty/all?department=Shampoo&viewAll=department&page=,£3.00,£1.50/100ml,,,/groceries/en-GB/products/271158784,https://digitalcontent.api.tesco.com/v2/media/ghs/52b66618-3115-4c51-9fa7-521bb9208f0e/3bde0ba9-1352-47d6-b54b-bd1269bd49df_183127495.jpeg?h=225&w=225
312585567,Head & Shoulders Itchy Scalp Shampoo 400Ml,https://www.tesco.com/groceries/en-GB/shop/health-and-beauty/all?department=Shampoo&viewAll=department&page=,£5.00,£1.25/100ml,Any 3 for £10 Clubcard Price - Selected Head & Shoulders Haircare Products 275ml - 400ml,,/groceries/en-GB/products/312585567,https://digitalcontent.api.tesco.com/v2/media/ghs/a677bea1-02c2-475e-a7c8-2e689594a998/22d27c9b-d20b-4efe-9661-105a8c688611_1583172183.jpeg?h=225&w=225
271159023,Batiste Dry Shampoo Blush 200Ml,https://www.tesco.com/groceries/en-GB/shop/health-and-beauty/all?department=Shampoo&viewAll=department&page=,£3.00,£1.50/100ml,,,/groceries/en-GB/products/271159023,https://digitalcontent.api.tesco.com/v2/media/ghs/5094867e-9b6f-4509-bd6e-724ba86fddcf/3f209c72-80b6-40a4-84d5-1ea0cb435420_645773911.jpeg?h=225&w=225
311787059,Head & Shoulders Citrus Fresh 2 In 1 Shampoo 400Ml,https://www.tesco.com/groceries/en-GB/shop/health-and-beauty/all?department=Shampoo&viewAll=department&page=,£5.00,£1.25/100ml,Any 3 for £10 Clubcard Price - Selected Head & Shoulders Haircare Products 275ml - 400ml,,/groceries/en-GB/products/311787059,https://digitalcontent.api.tesco.com/v2/media/ghs/fc2a5664-2b15-42e5-873d-0bf0dca2f3eb/40c59656-5392-49f7-9943-7ed79834db5e_1037235047.jpeg?h=225&w=225
262737257,Tresemme Moisture Rich Luxurious Shampoo 500Ml,https://www.tesco.com/groceries/en-GB/shop/health-and-beauty/all?department=Shampoo&viewAll=department&page=,£2.20,£0.44/100ml,,,/groceries/en-GB/products/262737257,https://digitalcontent.api.tesco.com/v2/media/ghs/65412f2c-1b52-48ba-82f7-687fb56b50e9/95b4ca2b-119b-42c8-9944-bf8b959d8dd7_2068954157.jpeg?h=225&w=225
309181473,Vosene Original Anti-Dandruff Shampoo 300Ml,https://www.tesco.com/groceries/en-GB/shop/health-and-beauty/all?department=Shampoo&viewAll=department&page=,£2.00,£0.67/100ml,,,/groceries/en-GB/products/309181473,https://digitalcontent.api.tesco.com/v2/media/ghs/f7279c59-b809-4813-9945-e26326ef46ab/5e5d7e04-e151-4d91-967b-8fcecbad2886_1496088610.jpeg?h=225&w=225
262502564,Tresemme Rich Luxurious Moisture Shampoo 900Ml,https://www.tesco.com/groceries/en-GB/shop/health-and-beauty/all?department=Shampoo&viewAll=department&page=,£2.99,£0.33/100ml,Aldi Price Match,,/groceries/en-GB/products/262502564,https://digitalcontent.api.tesco.com/v2/media/ghs/14a4e08e-ae91-44be-897c-484964c4b623/snapshotimagehandler_2046919239.jpeg?h=225&w=225
262502489,Tresemme Deep Cleansing Shampoo 900Ml,https://www.tesco.com/groceries/en-GB/shop/health-and-beauty/all?department=Shampoo&viewAll=department&page=,£2.99,£0.33/100ml,,,/groceries/en-GB/products/262502489,https://digitalcontent.api.tesco.com/v2/media/ghs/723bf8d5-a390-4986-8287-5e193657376e/fa73ab58-ff0c-4656-ae35-fb8e3d13dac6_1469091543.jpeg?h=225&w=225
262504049,Tresemme Colour Revitalise Shampoo 900Ml,https://www.tesco.com/groceries/en-GB/shop/health-and-beauty/all?department=Shampoo&viewAll=department&page=,£2.99,£0.33/100ml,,,/groceries/en-GB/products/262504049,https://digitalcontent.api.tesco.com/v2/media/ghs/0b5b2b3d-8d46-4785-aed6-0221a7fb6725/25746c6f-b16b-4167-9d47-c78d3718d6d2_1085299862.jpeg?h=225&w=225
268420606,Tresemme 2 In 1 Shampoo & Conditioner 900Ml,https://www.tesco.com/groceries/en-GB/shop/health-and-beauty/all?department=Shampoo&viewAll=department&page=,£2.99,£0.33/100ml,,,/groceries/en-GB/products/268420606,https://digitalcontent.api.tesco.com/v2/media/ghs/0344cbec-9c5d-4bfd-a6f3-228ef05e5bc9/dea82942-7093-4812-9a5a-b67e0bf00b50_1794839174.jpeg?h=225&w=225
311960879,Pantene Colour Protect Shampoo 400Ml,https://www.tesco.com/groceries/en-GB/shop/health-and-beauty/all?department=Shampoo&viewAll=department&page=,£2.50,£0.62/100ml,,New,/groceries/en-GB/products/311960879,https://digitalcontent.api.tesco.com/v2/media/ghs/b627953e-bfd6-478f-9bbc-24bf0fa8662f/450564ea-b589-4c01-a4ce-39ca7f5ec1a6_131763202.jpeg?h=225&w=225
307748786,Pantene Pro-V Miracle Lift 'N' Volume Shampoo 400Ml,https://www.tesco.com/groceries/en-GB/shop/health-and-beauty/all?department=Shampoo&viewAll=department&page=,£5.00,£1.25/100ml,£2.50 Clubcard Price,,/groceries/en-GB/products/307748786,https://digitalcontent.api.tesco.com/v2/media/ghs/37edf0c5-6a62-4417-839a-c070e9461335/f73e3ec7-0275-4f13-804b-99aedb79bdd7_57032037.jpeg?h=225&w=225
308111737,L'oreal Elvive Dream Lengths Restoring Shampoo 250Ml,https://www.tesco.com/groceries/en-GB/shop/health-and-beauty/all?department=Shampoo&viewAll=department&page=,£1.99,£0.80/100ml,,,/groceries/en-GB/products/308111737,https://digitalcontent.api.tesco.com/v2/media/ghs/fa7ec161-484e-4d64-8330-192fa8cceabe/82a517ed-cc85-4653-844d-7ce8fe971c35_1090301754.jpeg?h=225&w=225
258029139,L'oreal Elvive Colour Protect Shampoo 250Ml,https://www.tesco.com/groceries/en-GB/shop/health-and-beauty/all?department=Shampoo&viewAll=department&page=,£1.99,£0.80/100ml,,,/groceries/en-GB/products/258029139,https://digitalcontent.api.tesco.com/v2/media/ghs/bbd782fd-56f6-4b5e-ac1d-eea3c1ba53bd/396a50e4-5236-4c5f-914f-d8d6af97542e_824411931.jpeg?h=225&w=225
291181300,Alberto Balsam Juicy Green Apple Shampoo 350Ml,https://www.tesco.com/groceries/en-GB/shop/health-and-beauty/all?department=Shampoo&viewAll=department&page=,£0.95,£0.27/100ml,Any 2 for £1.80 Clubcard Price - Selected Alberto Balsam Shampoo Or Conditioner 350ml,,/groceries/en-GB/products/291181300,https://digitalcontent.api.tesco.com/v2/media/ghs/bf125d58-86bd-4b16-a73e-e5fed48a7748/27ecbfc0-38ee-453a-b200-2bf6a5058447_1415563724.jpeg?h=225&w=225
291181852,Alberto Balsam Tea Tree Tingle Shampoo 350Ml,https://www.tesco.com/groceries/en-GB/shop/health-and-beauty/all?department=Shampoo&viewAll=department&page=,£0.95,£0.27/100ml,Any 2 for £1.80 Clubcard Price - Selected Alberto Balsam Shampoo Or Conditioner 350ml,,/groceries/en-GB/products/291181852,https://digitalcontent.api.tesco.com/v2/media/ghs/bc3bf442-41b9-4a2f-8357-87a52a1132da/7a23a94e-1d07-4342-9503-cb884d2cd58d_2133683002.jpeg?h=225&w=225
284736530,Herbal Essences Clearly Naked Shine Shampoo 400Ml,https://www.tesco.com/groceries/en-GB/shop/health-and-beauty/all?department=Shampoo&viewAll=department&page=,£1.95,£0.49/100ml,,,/groceries/en-GB/products/284736530,https://digitalcontent.api.tesco.com/v2/media/ghs/cf39a145-7770-4b18-90be-ee5d02945cbe/5e8a22ac-2f67-4727-a2d5-b0b5e677cd0a_1637738739.jpeg?h=225&w=225
281976123,L'oreal Elvive Fibrology Thickening Shampoo 250Ml,https://www.tesco.com/groceries/en-GB/shop/health-and-beauty/all?department=Shampoo&viewAll=department&page=,£1.99,£0.80/100ml,,,/groceries/en-GB/products/281976123,https://digitalcontent.api.tesco.com/v2/media/ghs/6af889f8-3a7a-402f-b26f-5b2a79dd2eaf/8ccda6a5-e7f2-400f-8168-d205e53f1575_891485936.jpeg?h=225&w=225
264307619,Herbal Essences Dazzling Shine Shampoo 400Ml,https://www.tesco.com/groceries/en-GB/shop/health-and-beauty/all?department=Shampoo&viewAll=department&page=,£1.95,£0.49/100ml,,,/groceries/en-GB/products/264307619,https://digitalcontent.api.tesco.com/v2/media/ghs/0bd7ea25-8475-420d-b31e-84ca1e639765/7e9a32ff-200a-4426-bf21-5779864c70f0_2109313566.jpeg?h=225&w=225
264309721,Herbal Essences Ignite My Colour Shampoo 400Ml,https://www.tesco.com/groceries/en-GB/shop/health-and-beauty/all?department=Shampoo&viewAll=department&page=,£1.95,£0.49/100ml,,,/groceries/en-GB/products/264309721,https://digitalcontent.api.tesco.com/v2/media/ghs/5200d4b2-33c1-4a6e-a657-45d097268abb/8718f568-26ff-44eb-bf40-b71d51849e72_323424783.jpeg?h=225&w=225
264309750,Herbal Essences Hello Hydration Shampoo 400Ml,https://www.tesco.com/groceries/en-GB/shop/health-and-beauty/all?department=Shampoo&viewAll=department&page=,£1.95,£0.49/100ml,,,/groceries/en-GB/products/264309750,https://digitalcontent.api.tesco.com/v2/media/ghs/ad3f15b5-8fda-4248-adbc-086450a27516/cd6c5028-3784-43bd-a763-4d844dc0e322_2003817216.jpeg?h=225&w=225
291181564,Alberto Balsam Coconut & Lychee Shampoo 350Ml,https://www.tesco.com/groceries/en-GB/shop/health-and-beauty/all?department=Shampoo&viewAll=department&page=,£0.95,£0.27/100ml,Any 2 for £1.80 Clubcard Price - Selected Alberto Balsam Shampoo Or Conditioner 350ml,,/groceries/en-GB/products/291181564,https://digitalcontent.api.tesco.com/v2/media/ghs/a86a255a-cb9a-4e86-a7a4-18d425d8ad79/1f2392b3-2d02-4242-b9e4-74e3259805c4_318032680.jpeg?h=225&w=225
291196110,Alberto Balsam Raspberry Shampoo 350Ml,https://www.tesco.com/groceries/en-GB/shop/health-and-beauty/all?department=Shampoo&viewAll=department&page=,£0.95,£0.27/100ml,Any 2 for £1.80 Clubcard Price - Selected Alberto Balsam Shampoo Or Conditioner 350ml,,/groceries/en-GB/products/291196110,https://digitalcontent.api.tesco.com/v2/media/ghs/009e0293-ed84-4903-932e-5eae76e65093/630435a1-2739-4ac8-b919-41227c981c59_1141349106.jpeg?h=225&w=225
284683827,Dove Daily Moisture 2 In 1 Shampoo & Conditioner 400Ml,https://www.tesco.com/groceries/en-GB/shop/health-and-beauty/all?department=Shampoo&viewAll=department&page=,£2.00,£0.50/100ml,,,/groceries/en-GB/products/284683827,https://digitalcontent.api.tesco.com/v2/media/ghs/19fceade-7668-47c5-9cc7-569f0c4c47a8/b4fb3797-2dc6-4578-b8f1-7355d7614780_2113364747.jpeg?h=225&w=225
284683925,Dove Intensive Repair Shampoo 400Ml,https://www.tesco.com/groceries/en-GB/shop/health-and-beauty/all?department=Shampoo&viewAll=department&page=,£2.00,£0.50/100ml,,,/groceries/en-GB/products/284683925,https://digitalcontent.api.tesco.com/v2/media/ghs/dac49c15-1811-4536-bbe0-ba53eac29d5b/771cdd26-4181-4267-b140-5f68d7faf103_1424621812.jpeg?h=225&w=225
276116625,Tesco Kids Apple & Melon 2 In 1 Shampoo 250Ml,https://www.tesco.com/groceries/en-GB/shop/health-and-beauty/all?department=Shampoo&viewAll=department&page=,£1.05,£0.42/100ml,,,/groceries/en-GB/products/276116625,https://digitalcontent.api.tesco.com/v2/media/ghs/d2ac5a03-00cc-4270-87ab-76e3fc3a9ce7/44a4b5a6-2555-4284-a9ed-d3b6ec883466_271999521.jpeg?h=225&w=225
276116723,Tesco Kids Strawberry 2 In 1 Shampoo 250Ml,https://www.tesco.com/groceries/en-GB/shop/health-and-beauty/all?department=Shampoo&viewAll=department&page=,£1.05,£0.42/100ml,,,/groceries/en-GB/products/276116723,https://digitalcontent.api.tesco.com/v2/media/ghs/69abce45-33b1-4e30-8590-7aa6e0b121f5/135c90e0-9edd-45a7-825e-320b4bdc2564_249834157.jpeg?h=225&w=225
301066087,Tesco Anti-Dan Mint & Tea Tree Shampoo & Conditioner 300 Ml,https://www.tesco.com/groceries/en-GB/shop/health-and-beauty/all?department=Shampoo&viewAll=department&page=,£1.10,£0.37/100ml,,,/groceries/en-GB/products/301066087,https://digitalcontent.api.tesco.com/v2/media/ghs/e0b7d15b-e06d-4c29-a7fb-5c695a0ad560/2a14543c-5877-42d1-8e95-7bd4895f3431_268874639.jpeg?h=225&w=225
301065981,Tesco Classic Anti-Dandruff Shampoo 300Ml,https://www.tesco.com/groceries/en-GB/shop/health-and-beauty/all?department=Shampoo&viewAll=department&page=,£1.10,£0.37/100ml,,,/groceries/en-GB/products/301065981,https://digitalcontent.api.tesco.com/v2/media/ghs/1a2f8be3-f913-4947-8a7f-5c46b7e91243/75aded9c-02da-4e1c-ba35-3398bb890144_257069651.jpeg?h=225&w=225
301066006,Tesco 2 In 1 Anti-Dandruff Shampoo 300Ml,https://www.tesco.com/groceries/en-GB/shop/health-and-beauty/all?department=Shampoo&viewAll=department&page=,£1.10,£0.37/100ml,,,/groceries/en-GB/products/301066006,https://digitalcontent.api.tesco.com/v2/media/ghs/fb53044a-5573-4343-be58-fbaafc9f8b0d/6bddcad5-28fa-43c9-87f2-2e100b755982_473977851.jpeg?h=225&w=225
301066029,Tesco Sensitive Anti-Dandruff Shampoo 300Ml,https://www.tesco.com/groceries/en-GB/shop/health-and-beauty/all?department=Shampoo&viewAll=department&page=,£1.10,£0.37/100ml,,,/groceries/en-GB/products/301066029,https://digitalcontent.api.tesco.com/v2/media/ghs/cac26e0e-88ad-4a2d-9e0a-1cad7abdc350/fe1e1657-e13d-4219-9ac7-7f585fe44e9c_2018912036.jpeg?h=225&w=225
301066041,Tesco Citrus Anti-Dandruff Shampoo 300Ml,https://www.tesco.com/groceries/en-GB/shop/health-and-beauty/all?department=Shampoo&viewAll=department&page=,£1.10,£0.37/100ml,,,/groceries/en-GB/products/301066041,https://digitalcontent.api.tesco.com/v2/media/ghs/6f0d3d34-a05c-4cfb-a711-39bbd9b0e9b3/5aa5edd3-3f0f-42d3-bc7d-72f93ced29fa_78544926.jpeg?h=225&w=225
276036679,Wash & Go 2 In 1 Universal Shampoo Conditioner 200Ml,https://www.tesco.com/groceries/en-GB/shop/health-and-beauty/all?department=Shampoo&viewAll=department&page=,£1.00,£0.50/100ml,,,/groceries/en-GB/products/276036679,https://digitalcontent.api.tesco.com/v2/media/ghs/5abd45ff-f2cd-43e5-8088-bb4af901a855/f63ac705-fbcb-419c-8fa7-d85708ed393d_1284620469.jpeg?h=225&w=225
301281373,Tesco Extracts Tropical Shampoo 500Ml,https://www.tesco.com/groceries/en-GB/shop/health-and-beauty/all?department=Shampoo&viewAll=department&page=,£0.75,£0.15/100ml,,,/groceries/en-GB/products/301281373,https://digitalcontent.api.tesco.com/v2/media/ghs/373e16e9-73f4-4e6f-a7ba-ca60e3a5369b/929017f5-b95a-4f5c-8c1a-e189e8d2229e_858994495.jpeg?h=225&w=225
301281413,Tesco Extracts Coconut Shampoo 500Ml,https://www.tesco.com/groceries/en-GB/shop/health-and-beauty/all?department=Shampoo&viewAll=department&page=,£0.75,£0.15/100ml,,,/groceries/en-GB/products/301281413,https://digitalcontent.api.tesco.com/v2/media/ghs/dc66bfcd-0de9-4627-83b5-5d65940266b3/f3509639-20f1-4a15-9808-49cb09192a12_1291450928.jpeg?h=225&w=225
301281338,Tesco Extracts Apple Shampoo 500Ml,https://www.tesco.com/groceries/en-GB/shop/health-and-beauty/all?department=Shampoo&viewAll=department&page=,£0.75,£0.15/100ml,,,/groceries/en-GB/products/301281338,https://digitalcontent.api.tesco.com/v2/media/ghs/be6f491f-1c19-4dd7-902e-6fa970cbdcb7/2eddeb98-551a-44c7-8b27-27284c976f8d_263368033.jpeg?h=225&w=225
308103914,L'oreal Men Expert Total Clean Shower Gel 400Ml,https://www.tesco.com/groceries/en-GB/shop/health-and-beauty/all?department=Shampoo&viewAll=department&page=,£2.25,£0.56/100ml,,,/groceries/en-GB/products/308103914,https://digitalcontent.api.tesco.com/v2/media/ghs/922fb45a-0404-41b9-8b41-ecdaccabb9a8/3a884da9-4310-4b85-b5d1-82e0ea9ad0d7_1334712587.jpeg?h=225&w=225
310676371,L'oreal Paris Elvive Hydrating Hyaluronic Shampoo 400Ml,https://www.tesco.com/groceries/en-GB/shop/health-and-beauty/all?department=Shampoo&viewAll=department&page=,£4.50,£1.13/100ml,,,/groceries/en-GB/products/310676371,https://digitalcontent.api.tesco.com/v2/media/ghs/3ff766c9-8900-45cf-83a8-c6b507a08a66/957733a9-9e71-46a7-938b-9c79becbe2c4_1031701289.jpeg?h=225&w=225
251693981,Aussie Aussome Volume Shampoo 300Ml,https://www.tesco.com/groceries/en-GB/shop/health-and-beauty/all?department=Shampoo&viewAll=department&page=,£4.50,£1.50/100ml,Any 3 for £10 Clubcard Price - Selected Aussie Haircare Products 200ml - 300ml,,/groceries/en-GB/products/251693981,https://digitalcontent.api.tesco.com/v2/media/ghs/2b9e9be6-6335-4c1a-842e-450990e8725a/e5830f9a-ed5d-4f3f-a8fe-0290b2d283e4_11340973.jpeg?h=225&w=225
309177260,Batiste Original Dry Shampoo 350Ml,https://www.tesco.com/groceries/en-GB/shop/health-and-beauty/all?department=Shampoo&viewAll=department&page=,£5.00,£1.43/100ml,,,/groceries/en-GB/products/309177260,https://digitalcontent.api.tesco.com/v2/media/ghs/941be034-de2a-4a3f-a37d-2d7af48a521c/ad28085f-5977-4ebb-a0d7-20828275d6dc_814980426.jpeg?h=225&w=225
310178845,Tresemme Keratin Smooth Shampoo 440Ml,https://www.tesco.com/groceries/en-GB/shop/health-and-beauty/all?department=Shampoo&viewAll=department&page=,£3.00,£0.68/100ml,,,/groceries/en-GB/products/310178845,https://digitalcontent.api.tesco.com/v2/media/ghs/25e7a4f1-12ac-478b-a955-0ab6a6fa9d6d/e82b69bc-f9ee-439c-b426-1d6fd833a382_85773122.jpeg?h=225&w=225
271635623,Aussie Mega Shampoo 500Ml,https://www.tesco.com/groceries/en-GB/shop/health-and-beauty/all?department=Shampoo&viewAll=department&page=,£6.00,£1.20/100ml,£4.50 Clubcard Price,,/groceries/en-GB/products/271635623,https://digitalcontent.api.tesco.com/v2/media/ghs/b4800df4-ab04-4d6a-bd2c-bbce0d1f4aaa/0047eb36-b533-4406-a0bd-0f5267a58ab7_661045867.jpeg?h=225&w=225
271635519,Aussie Miracle Moist Shampoo 500Ml,https://www.tesco.com/groceries/en-GB/shop/health-and-beauty/all?department=Shampoo&viewAll=department&page=,£6.00,£1.20/100ml,£4.50 Clubcard Price,,/groceries/en-GB/products/271635519,https://digitalcontent.api.tesco.com/v2/media/ghs/1a2b87ea-c83e-4762-aa42-bc687bd3f4c5/6e980bfe-c577-4866-b105-06bb7994cfcd_401232160.jpeg?h=225&w=225
297334860,Herbal Essences Bio. Renew Coconut Milk Shampoo 400Ml,https://www.tesco.com/groceries/en-GB/shop/health-and-beauty/all?department=Shampoo&viewAll=department&page=,£4.50,£1.13/100ml,Any 2 for £6 Clubcard Price - Selected Herbal Essences Shampoo Or Conditioner 275ml - 400ml,,/groceries/en-GB/products/297334860,https://digitalcontent.api.tesco.com/v2/media/ghs/0f1dcb63-ce36-471a-b7a1-a4ccfd7ca950/e71d5c76-5ad9-4f9d-a97b-b06111c2b061_1967143919.jpeg?h=225&w=225
297334824,Herbal Essences Bio. Renew Strawberry Shampoo 400Ml,https://www.tesco.com/groceries/en-GB/shop/health-and-beauty/all?department=Shampoo&viewAll=department&page=,£4.50,£1.13/100ml,Any 2 for £6 Clubcard Price - Selected Herbal Essences Shampoo Or Conditioner 275ml - 400ml,,/groceries/en-GB/products/297334824,https://digitalcontent.api.tesco.com/v2/media/ghs/cdff500c-c8ce-458a-aec2-a62d0b3aa732/012f29cd-08b1-480f-b579-631289a2a466_1950583181.jpeg?h=225&w=225
250700077,Aussie Colour Mate Shampoo 300Ml,https://www.tesco.com/groceries/en-GB/shop/health-and-beauty/all?department=Shampoo&viewAll=department&page=,£4.50,£1.50/100ml,Any 3 for £10 Clubcard Price - Selected Aussie Haircare Products 200ml - 300ml,,/groceries/en-GB/products/250700077,https://digitalcontent.api.tesco.com/v2/media/ghs/f57579b4-1dfb-4c64-acb1-15462fb896e0/6f5d6db2-6e38-4676-acae-5028956fe8de_394454075.jpeg?h=225&w=225
259454365,Ogx Coconut Milk Shampoo 385Ml,https://www.tesco.com/groceries/en-GB/shop/health-and-beauty/all?department=Shampoo&viewAll=department&page=,£7.00,£1.82/100ml,£3.45 Clubcard Price,,/groceries/en-GB/products/259454365,https://digitalcontent.api.tesco.com/v2/media/ghs/9a061083-d264-4cd0-bc1c-20de1fc4a57d/a05da090-a54e-49fe-ac8c-838c1b789a07_1457593488.jpeg?h=225&w=225
303606431,Herbal Essences Manuka Honey Shampoo 400Ml,https://www.tesco.com/groceries/en-GB/shop/health-and-beauty/all?department=Shampoo&viewAll=department&page=,£4.50,£1.13/100ml,Any 2 for £6 Clubcard Price - Selected Herbal Essences Shampoo Or Conditioner 275ml - 400ml,,/groceries/en-GB/products/303606431,https://digitalcontent.api.tesco.com/v2/media/ghs/121a1ab6-f8ea-479b-afb8-24783a10200c/49d2a19f-5ff9-4130-b90f-caec640fdc5f_1937139738.jpeg?h=225&w=225
287318836,Organix Biotin Collagen Shampoo 385Ml,https://www.tesco.com/groceries/en-GB/shop/health-and-beauty/all?department=Shampoo&viewAll=department&page=,£7.00,£1.82/100ml,£3.45 Clubcard Price,,/groceries/en-GB/products/287318836,https://digitalcontent.api.tesco.com/v2/media/ghs/ada445a1-888a-4791-9c1d-823a661e882d/a1a516e6-45bf-4717-8494-3a1955986ce1_933667638.jpeg?h=225&w=225
266527718,"Badedas Revitalising Shower Gel , Shampoo & Conditioner 200Ml",https://www.tesco.com/groceries/en-GB/shop/health-and-beauty/all?department=Shampoo&viewAll=department&page=,£2.50,£1.25/100ml,,,/groceries/en-GB/products/266527718,https://digitalcontent.api.tesco.com/v2/media/ghs/359cfc0e-0b51-45af-9daa-37f64228252c/5b6da036-45ce-4b9c-b47c-3028d9145c07_799114692.jpeg?h=225&w=225
312560556,Head & Shoulders Itchy Scalp 2 In 1 Shampoo 400Ml,https://www.tesco.com/groceries/en-GB/shop/health-and-beauty/all?department=Shampoo&viewAll=department&page=,£5.00,£1.25/100ml,Any 3 for £10 Clubcard Price - Selected Head & Shoulders Haircare Products 275ml - 400ml,,/groceries/en-GB/products/312560556,https://digitalcontent.api.tesco.com/v2/media/ghs/793d2cdb-b5fe-4b05-871d-1ae64a462347/37d6c5e0-ea6b-4c62-8dbe-7784dee5a5d0_1691836901.jpeg?h=225&w=225
271159138,Batiste Dry Shampoo Tropical 200Ml,https://www.tesco.com/groceries/en-GB/shop/health-and-beauty/all?department=Shampoo&viewAll=department&page=,£3.00,£1.50/100ml,,,/groceries/en-GB/products/271159138,https://digitalcontent.api.tesco.com/v2/media/ghs/cc50fbdd-8135-4e0e-acb7-666c1e8e3f89/0e8f956b-ff2f-4f66-9123-7ec0c142da92_819760268.jpeg?h=225&w=225
281976549,L'oreal Paris Elvive Fibrology Thickening Shampoo 400Ml,https://www.tesco.com/groceries/en-GB/shop/health-and-beauty/all?department=Shampoo&viewAll=department&page=,£4.50,£1.13/100ml,,,/groceries/en-GB/products/281976549,https://digitalcontent.api.tesco.com/v2/media/ghs/eb1df986-7432-4f20-8b1a-b51a2239f5b8/075d15dd-e6e1-4e02-aa9a-2d5de5f7a7c9_1022457657.jpeg?h=225&w=225
302112439,Head & Shoulders Supreme Colour Shampoo 400Ml,https://www.tesco.com/groceries/en-GB/shop/health-and-beauty/all?department=Shampoo&viewAll=department&page=,£5.00,£1.25/100ml,Any 3 for £10 Clubcard Price - Selected Head & Shoulders Haircare Products 275ml - 400ml,,/groceries/en-GB/products/302112439,https://digitalcontent.api.tesco.com/v2/media/ghs/0161311c-6966-4694-b224-e9d5b88392d3/a3cbc100-97ff-4ef5-b8d7-6cbea9590086_57768986.jpeg?h=225&w=225
312697757,Head & Shoulders Apple Fresh Shampoo 400Ml,https://www.tesco.com/groceries/en-GB/shop/health-and-beauty/all?department=Shampoo&viewAll=department&page=,£5.00,£1.25/100ml,Any 3 for £10 Clubcard Price - Selected Head & Shoulders Haircare Products 275ml - 400ml,,/groceries/en-GB/products/312697757,https://digitalcontent.api.tesco.com/v2/media/ghs/b6240037-6c60-410a-a5a6-5a1c5828acce/92bf4c98-ec90-4e16-a004-3710be2ccbe7_1929566267.jpeg?h=225&w=225
262800960,Tresemme Smooth Salon Silk Shampoo 500Ml,https://www.tesco.com/groceries/en-GB/shop/health-and-beauty/all?department=Shampoo&viewAll=department&page=,£2.20,£0.44/100ml,,,/groceries/en-GB/products/262800960,https://digitalcontent.api.tesco.com/v2/media/ghs/38dacc9c-cc37-47de-86c8-b0cdf667c395/89c55dc8-c165-4d8c-8fb0-e3a290e342f7_750228623.jpeg?h=225&w=225
262502437,Tresemme Smooth Salon Silk Shampoo 900Ml,https://www.tesco.com/groceries/en-GB/shop/health-and-beauty/all?department=Shampoo&viewAll=department&page=,£2.99,£0.33/100ml,,,/groceries/en-GB/products/262502437,https://digitalcontent.api.tesco.com/v2/media/ghs/785b5db0-a3f2-4d05-aa97-9adab9f68934/033791d1-928f-4d47-9532-3aaabe488f31_1284714341.jpeg?h=225&w=225
312569178,Pantene Classic Clean Shampoo 400Ml,https://www.tesco.com/groceries/en-GB/shop/health-and-beauty/all?department=Shampoo&viewAll=department&page=,£2.50,£0.62/100ml,,,/groceries/en-GB/products/312569178,https://digitalcontent.api.tesco.com/v2/media/ghs/7a5cdbf8-88e1-48a8-bc39-37b03cebb329/32caa83c-e5ce-4fae-a62c-37361230bf2c_1390724316.jpeg?h=225&w=225
297165782,Simple Kind To Hair Gentle Care Shampoo 400Ml,https://www.tesco.com/groceries/en-GB/shop/health-and-beauty/all?department=Shampoo&viewAll=department&page=,£3.00,£0.75/100ml,,,/groceries/en-GB/products/297165782,https://digitalcontent.api.tesco.com/v2/media/ghs/1629e999-bf9b-4b1b-aae0-72ba24d80513/04516644-97b5-4022-bb41-2006e164ed31_91365208.jpeg?h=225&w=225
312568565,Pantene Smooth & Sleek Shampoo 400Ml,https://www.tesco.com/groceries/en-GB/shop/health-and-beauty/all?department=Shampoo&viewAll=department&page=,£2.50,£0.62/100ml,,,/groceries/en-GB/products/312568565,https://digitalcontent.api.tesco.com/v2/media/ghs/9f9cf082-38fd-4c67-9294-f479c1019ea9/041eab76-e5c2-4f4d-9404-7239e65743dd_734574546.jpeg?h=225&w=225
305433067,Pantene Pro-V Miracle Grow Strong Shampoo 400Ml,https://www.tesco.com/groceries/en-GB/shop/health-and-beauty/all?department=Shampoo&viewAll=department&page=,£5.00,£1.25/100ml,£2.50 Clubcard Price,,/groceries/en-GB/products/305433067,https://digitalcontent.api.tesco.com/v2/media/ghs/1c92ccb2-4ac7-4bd1-be6c-f7d1dde12f85/3191f78a-7f45-4b96-acdc-ad4f8e881ba3_1386845832.jpeg?h=225&w=225
259437927,Vosene Kids 3In1 Shampoo & Conditioner 250Ml,https://www.tesco.com/groceries/en-GB/shop/health-and-beauty/all?department=Shampoo&viewAll=department&page=,£2.00,£0.80/100ml,,,/groceries/en-GB/products/259437927,https://digitalcontent.api.tesco.com/v2/media/ghs/66003c07-38db-45d9-a378-482f3c51ff2c/952c93f0-744e-407a-a2c1-a1826245b71b_27213804.jpeg?h=225&w=225
302226529,L'oreal Elvive Colour Protect Purple Shampoo 200Ml,https://www.tesco.com/groceries/en-GB/shop/health-and-beauty/all?department=Shampoo&viewAll=department&page=,£6.00,£3.00/100ml,£3.00 Clubcard Price,,/groceries/en-GB/products/302226529,https://digitalcontent.api.tesco.com/v2/media/ghs/18d621b4-30cd-490b-8247-7207cdc55b6c/1ec0e521-a77a-415c-9d3c-d23ccba28d78_1386002783.jpeg?h=225&w=225
312088847,Head & Shoulders Smooth & Silky Shampoo 400Ml,https://www.tesco.com/groceries/en-GB/shop/health-and-beauty/all?department=Shampoo&viewAll=department&page=,£5.00,£1.25/100ml,Any 3 for £10 Clubcard Price - Selected Head & Shoulders Haircare Products 275ml - 400ml,,/groceries/en-GB/products/312088847,https://digitalcontent.api.tesco.com/v2/media/ghs/9e13d94c-8721-428a-861f-149e58405c14/c2f62ba8-8e88-45b9-b676-68252e180346_359320735.jpeg?h=225&w=225
312722740,Pantene Sheer Volume & Body Shampoo 400Ml,https://www.tesco.com/groceries/en-GB/shop/health-and-beauty/all?department=Shampoo&viewAll=department&page=,£2.50,£0.62/100ml,,New,/groceries/en-GB/products/312722740,https://digitalcontent.api.tesco.com/v2/media/ghs/66d27df5-71dc-4075-bacb-9693ad84fa95/83718eec-8e66-4c16-8b41-8f4b04f9ed9d_2122121551.jpeg?h=225&w=225
311941401,Pantene Repair & Protect Shampoo 400Ml,https://www.tesco.com/groceries/en-GB/shop/health-and-beauty/all?department=Shampoo&viewAll=department&page=,£2.50,£0.62/100ml,,,/groceries/en-GB/products/311941401,https://digitalcontent.api.tesco.com/v2/media/ghs/6aed5c4a-75ce-4ab1-a9db-801cde69afb2/5dd9300c-92ba-40bf-b0b8-3da681c08908_1862025680.jpeg?h=225&w=225
308832834,Pantene Pro V Silky & Glowing Shampoo 400Ml,https://www.tesco.com/groceries/en-GB/shop/health-and-beauty/all?department=Shampoo&viewAll=department&page=,£5.00,£1.25/100ml,£2.50 Clubcard Price,,/groceries/en-GB/products/308832834,https://digitalcontent.api.tesco.com/v2/media/ghs/aff73cfa-e0ef-4de6-9c99-5bdde767157b/b560c222-04e2-4588-9895-74836fcceb6b_1137776905.jpeg?h=225&w=225
312229276,Head & Shoulders Sensitive Scalp Shampoo 400Ml,https://www.tesco.com/groceries/en-GB/shop/health-and-beauty/all?department=Shampoo&viewAll=department&page=,£5.00,£1.25/100ml,Any 3 for £10 Clubcard Price - Selected Head & Shoulders Haircare Products 275ml - 400ml,,/groceries/en-GB/products/312229276,https://digitalcontent.api.tesco.com/v2/media/ghs/e9808d96-06b1-4027-940c-102e23f3d8a2/a03afc23-2e68-4a41-b12b-0c0e48a87325_709112453.jpeg?h=225&w=225
312208468,Head & Shoulders Coconut Hydration Shampoo 400Ml,https://www.tesco.com/groceries/en-GB/shop/health-and-beauty/all?department=Shampoo&viewAll=department&page=,£4.75,£1.19/100ml,Any 3 for £10 Clubcard Price - Selected Head & Shoulders Haircare Products 275ml - 400ml,,/groceries/en-GB/products/312208468,https://digitalcontent.api.tesco.com/v2/media/ghs/c0563092-e47b-4147-90b4-8a14a5bc5a0a/8b200e07-5a69-46ed-b20e-6102deb119de_1452673200.jpeg?h=225&w=225
312702614,Head & Shoulders Citrus Fresh Shampoo 400Ml,https://www.tesco.com/groceries/en-GB/shop/health-and-beauty/all?department=Shampoo&viewAll=department&page=,£5.00,£1.25/100ml,Any 3 for £10 Clubcard Price - Selected Head & Shoulders Haircare Products 275ml - 400ml,,/groceries/en-GB/products/312702614,https://digitalcontent.api.tesco.com/v2/media/ghs/bc087218-b7a9-4d58-9d45-8fd430e26a71/a63d1863-821c-430b-addc-57719caa3a18_1590504931.jpeg?h=225&w=225
295176887,Girlz Only Brnete Argan Dry Shampoo 200Ml,https://www.tesco.com/groceries/en-GB/shop/health-and-beauty/all?department=Shampoo&viewAll=department&page=,£2.10,£1.05/100ml,£1.60 Clubcard Price,,/groceries/en-GB/products/295176887,https://digitalcontent.api.tesco.com/v2/media/ghs/cbe12354-a704-4279-85bf-1644ceff07aa/cfd8655b-01f5-49f6-9a5f-c5fa1a4a080a_1849724200.jpeg?h=225&w=225
311950943,Garnier Ultimate Blends Soothing Oat Shampoo 400Ml,https://www.tesco.com/groceries/en-GB/shop/health-and-beauty/all?department=Shampoo&viewAll=department&page=,£2.40,£0.60/100ml,,,/groceries/en-GB/products/311950943,https://digitalcontent.api.tesco.com/v2/media/ghs/c397a5df-444d-4a9b-83ef-313d8721435e/94024bad-a6ce-4f97-bb83-43b603f0fb87_348456776.jpeg?h=225&w=225
312229938,Garnier Ultimate Blends Honey Treasures Shampoo 400Ml,https://www.tesco.com/groceries/en-GB/shop/health-and-beauty/all?department=Shampoo&viewAll=department&page=,£2.40,£0.60/100ml,,,/groceries/en-GB/products/312229938,https://digitalcontent.api.tesco.com/v2/media/ghs/550afa0a-7ce1-4931-aaf3-7dc3d7903214/8a795201-b3e8-459a-a49c-1cc3cb040261_1577189577.jpeg?h=225&w=225
253482997,L'oreal Kids Extra Gently/Gentle 2 In 1 Shampoo 250Ml,https://www.tesco.com/groceries/en-GB/shop/health-and-beauty/all?department=Shampoo&viewAll=department&page=,£2.40,£0.96/100ml,,,/groceries/en-GB/products/253482997,https://digitalcontent.api.tesco.com/v2/media/ghs/2cb2fec7-ba54-4e08-bdf3-345135f79be1/cf33f679-abc7-4021-a780-428912865edc_1304629315.jpeg?h=225&w=225
257204158,L'oreal Kids Tropical Mango Shampoo 250Ml,https://www.tesco.com/groceries/en-GB/shop/health-and-beauty/all?department=Shampoo&viewAll=department&page=,£2.40,£0.96/100ml,,,/groceries/en-GB/products/257204158,https://digitalcontent.api.tesco.com/v2/media/ghs/919d983b-ffcb-4ae8-b2af-c8b35f17663b/cb7bcc44-ac00-4c09-b17a-11599a806fce_601825155.jpeg?h=225&w=225
310671612,Tresemme Nourish Coconut Shampoo 500Ml,https://www.tesco.com/groceries/en-GB/shop/health-and-beauty/all?department=Shampoo&viewAll=department&page=,£2.20,£0.44/100ml,,,/groceries/en-GB/products/310671612,https://digitalcontent.api.tesco.com/v2/media/ghs/0b5cab0b-74fa-4295-b881-e98c35fc6b11/486d7ae3-c3f1-45cb-b088-2b9f67ea0e27_1327696430.jpeg?h=225&w=225
308840029,Herbal Essences Argan Oil Renew Shampoo 250Ml,https://www.tesco.com/groceries/en-GB/shop/health-and-beauty/all?department=Shampoo&viewAll=department&page=,£3.00,£1.20/100ml,£2.00 Clubcard Price,,/groceries/en-GB/products/308840029,https://digitalcontent.api.tesco.com/v2/media/ghs/3f8515d0-f1ef-45ae-a02d-40fbb2a30d10/0c3aa9ea-961c-46fb-811b-6eb4600d74f9_1844368675.jpeg?h=225&w=225
311804622,Dove Daily Moisture Light Shampoo 400Ml,https://www.tesco.com/groceries/en-GB/shop/health-and-beauty/all?department=Shampoo&viewAll=department&page=,£2.00,£0.50/100ml,,,/groceries/en-GB/products/311804622,https://digitalcontent.api.tesco.com/v2/media/ghs/1daae7de-5d2d-4b7a-aeef-8b0e702f4cd5/292ad2d1-0223-4c60-b419-fc46370441a9_412514229.jpeg?h=225&w=225
284626620,L'oreal Elvive Extraordinary Oil Shampoo 250Ml,https://www.tesco.com/groceries/en-GB/shop/health-and-beauty/all?department=Shampoo&viewAll=department&page=,£1.99,£0.80/100ml,,,/groceries/en-GB/products/284626620,https://digitalcontent.api.tesco.com/v2/media/ghs/901b8508-a782-4f29-bac4-8baba4f96b84/48902ad7-1e7c-4c76-8faa-c73267837994_1933873542.jpeg?h=225&w=225
295165543,Girlz Only Dry Shampoo Nude 200Ml,https://www.tesco.com/groceries/en-GB/shop/health-and-beauty/all?department=Shampoo&viewAll=department&page=,£1.50,£0.75/100ml,£1.20 Clubcard Price,,/groceries/en-GB/products/295165543,https://digitalcontent.api.tesco.com/v2/media/ghs/0fbadef8-8ae7-44df-adfb-5b3931d7b2e3/bc762fa3-bfd8-47e0-b966-cc06ccbb895f_873013264.jpeg?h=225&w=225
312094474,Garnier Ultimate Blends Shampoo Coconut Oil Cocoa Butter 400Ml,https://www.tesco.com/groceries/en-GB/shop/health-and-beauty/all?department=Shampoo&viewAll=department&page=,£2.40,£0.60/100ml,,,/groceries/en-GB/products/312094474,https://digitalcontent.api.tesco.com/v2/media/ghs/44a32432-a7a8-4ae7-b7a3-e02e0ea3b56f/521a2d22-bc2b-4820-a556-b4f4377ffc0c_391354080.jpeg?h=225&w=225
286168070,Plantur 39 Shampoo Fine & Brittle 250Ml,https://www.tesco.com/groceries/en-GB/shop/health-and-beauty/all?department=Shampoo&viewAll=department&page=,£10.00,£4.00/100ml,,,/groceries/en-GB/products/286168070,https://digitalcontent.api.tesco.com/v2/media/ghs/d9bb8188-ad49-4c93-a027-bd8c127056c4/4f381cbc-a3a7-4433-9ae4-60333983fcd9_520313641.jpeg?h=225&w=225
295177000,Alpecin C1 Shampoo 375Ml,https://www.tesco.com/groceries/en-GB/shop/health-and-beauty/all?department=Shampoo&viewAll=department&page=,£8.60,£2.30/100ml,,,/groceries/en-GB/products/295177000,https://digitalcontent.api.tesco.com/v2/media/ghs/2a252eec-f929-424f-aa10-e8a5ec9a7b32/ae1afd67-5aac-481e-97bd-cd6e3610110a_1499562159.jpeg?h=225&w=225
265292092,Alpecin Caffeine Shampoo 250Ml,https://www.tesco.com/groceries/en-GB/shop/health-and-beauty/all?department=Shampoo&viewAll=department&page=,£6.20,£2.48/100ml,,,/groceries/en-GB/products/265292092,https://digitalcontent.api.tesco.com/v2/media/ghs/ffebff8a-1ee4-4a2f-bf42-77da50035c07/a645d16f-d203-4f13-90b3-22132d3432fb_1000967703.jpeg?h=225&w=225
310107619,Head & Shoulders Dermax Pro Shampoo Hydration 300Ml,https://www.tesco.com/groceries/en-GB/shop/health-and-beauty/all?department=Shampoo&viewAll=department&page=,£6.00,£2.00/100ml,,,/groceries/en-GB/products/310107619,https://digitalcontent.api.tesco.com/v2/media/ghs/6799c33f-5525-4bc6-bac7-0581e2190a75/a8e185d0-7a6d-4175-8390-80be4d633d95_1009950357.jpeg?h=225&w=225
305429349,Head & Shoulders Anti-Dandruff 2 In 1 Men Total Care 400Ml,https://www.tesco.com/groceries/en-GB/shop/health-and-beauty/all?department=Shampoo&viewAll=department&page=,£6.00,£1.50/100ml,,,/groceries/en-GB/products/305429349,https://digitalcontent.api.tesco.com/v2/media/ghs/d7658d89-a1c1-4ce0-a213-be13bcf9397f/4c068371-7347-4e2e-aeec-08f1e998b075_1649482300.jpeg?h=225&w=225
310661517,Head & Shoulders Anti-Dandruff Soothing Shampoo 300Ml,https://www.tesco.com/groceries/en-GB/shop/health-and-beauty/all?department=Shampoo&viewAll=department&page=,£6.00,£2.00/100ml,,,/groceries/en-GB/products/310661517,https://digitalcontent.api.tesco.com/v2/media/ghs/0d77ac59-07ec-4b6d-ade8-a5687a5d4e51/f71dd2d8-d879-4f46-986c-8fcdf4659faf_1423150004.jpeg?h=225&w=225
265292466,L'oreal Paris Elvive Full Restore 5 Shampoo 400Ml,https://www.tesco.com/groceries/en-GB/shop/health-and-beauty/all?department=Shampoo&viewAll=department&page=,£4.50,£1.13/100ml,,,/groceries/en-GB/products/265292466,https://digitalcontent.api.tesco.com/v2/media/ghs/4c020aec-6a31-4149-b7a1-70af7d849a51/9eda1b4b-d77b-4c34-b96e-f75b025b05f9_555280378.jpeg?h=225&w=225
263838466,John Frieda Luxurious Volume Thick Shampoo 250Ml,https://www.tesco.com/groceries/en-GB/shop/health-and-beauty/all?department=Shampoo&viewAll=department&page=,£6.00,£2.40/100ml,Any 2 for £9 Clubcard Price - Selected John Frieda Haircare Products,,/groceries/en-GB/products/263838466,https://digitalcontent.api.tesco.com/v2/media/ghs/bdec9a17-530a-4201-8411-352dc2350ca1/feb4a6d0-178c-4c9c-b09a-cafe9a1f590d_1501749410.jpeg?h=225&w=225
259076311,John Frieda Frizz Ease Straight Ahead Shampoo 250Ml,https://www.tesco.com/groceries/en-GB/shop/health-and-beauty/all?department=Shampoo&viewAll=department&page=,£7.00,£2.80/100ml,Any 2 for £9 Clubcard Price - Selected John Frieda Haircare Products,,/groceries/en-GB/products/259076311,https://digitalcontent.api.tesco.com/v2/media/ghs/91113f0d-f3b5-42f1-ae68-2e70e7ebf1cb/b07fede5-d577-4950-8b5a-c86da846098f_2114458901.jpeg?h=225&w=225
271447794,John Frieda Frizz Ease Curl Around Shampoo 250Ml,https://www.tesco.com/groceries/en-GB/shop/health-and-beauty/all?department=Shampoo&viewAll=department&page=,£7.00,£2.80/100ml,Any 2 for £9 Clubcard Price - Selected John Frieda Haircare Products,,/groceries/en-GB/products/271447794,https://digitalcontent.api.tesco.com/v2/media/ghs/a2d25ea0-93b1-4b25-945f-6e54dc754357/8b2e8af0-4649-4a5d-8a2e-5c12647ad0e8_377100385.jpeg?h=225&w=225
309758499,Pantene Biology Menopause Shampoo 250Ml,https://www.tesco.com/groceries/en-GB/shop/health-and-beauty/all?department=Shampoo&viewAll=department&page=,£8.00,£3.20/100ml,£4.00 Clubcard Price,,/groceries/en-GB/products/309758499,https://digitalcontent.api.tesco.com/v2/media/ghs/6ecdebbc-9a43-453b-aad2-9e91e8b50693/5a355e1e-f12a-4171-8516-b71e88ef2dbd_1593073048.jpeg?h=225&w=225
310094258,Provoke Touch Of Silver Brightening Shampoo 200Ml,https://www.tesco.com/groceries/en-GB/shop/health-and-beauty/all?department=Shampoo&viewAll=department&page=,£4.00,£2.00/100ml,,,/groceries/en-GB/products/310094258,https://digitalcontent.api.tesco.com/v2/media/ghs/aaa4fb9f-05ea-49b8-9618-fe93250c536a/e287b15f-cfc1-4c2d-874b-8a53c1d49191_701260512.jpeg?h=225&w=225
299226765,Mancave Caffeine Shampoo 200Ml,https://www.tesco.com/groceries/en-GB/shop/health-and-beauty/all?department=Shampoo&viewAll=department&page=,£6.80,£3.40/100ml,£3.25 Clubcard Price,,/groceries/en-GB/products/299226765,https://digitalcontent.api.tesco.com/v2/media/ghs/2f481abe-f306-48ad-9e12-5fcdd768e67f/c545507a-14a7-4daa-80a9-c37adb4cccfc_165572504.jpeg?h=225&w=225
282319618,Provoke Touch Of Silver Care Shampoo 400Ml,https://www.tesco.com/groceries/en-GB/shop/health-and-beauty/all?department=Shampoo&viewAll=department&page=,£4.00,£1.00/100ml,,,/groceries/en-GB/products/282319618,https://digitalcontent.api.tesco.com/v2/media/ghs/c959d752-3ef2-40bd-8a96-a713c9cf68dc/fb78c9db-051f-4ad4-83e3-43ebd58cd32d_201753894.jpeg?h=225&w=225
309777650,Monday Haircare Smooth Shampoo 350Ml,https://www.tesco.com/groceries/en-GB/shop/health-and-beauty/all?department=Shampoo&viewAll=department&page=,£5.00,£1.43/100ml,£3.35 Clubcard Price,,/groceries/en-GB/products/309777650,https://digitalcontent.api.tesco.com/v2/media/ghs/4edc084e-2de1-4d55-9071-dace08e30a2b/d051943d-171b-476a-a78b-92f984b15f56_1737584959.jpeg?h=225&w=225
293437029,Superbright Moisturising Shampoo Moisting Shampoo 250Ml,https://www.tesco.com/groceries/en-GB/shop/health-and-beauty/all?department=Shampoo&viewAll=department&page=,£6.00,£2.40/100ml,£4.00 Clubcard Price,,/groceries/en-GB/products/293437029,https://digitalcontent.api.tesco.com/v2/media/ghs/50724e29-e3e4-4c31-8be7-6a3419419c53/642afb44-c4a0-43df-9b3f-eabcc920a85d_815495513.jpeg?h=225&w=225
309484593,Monday Haircare Volume Shampoo 350Ml,https://www.tesco.com/groceries/en-GB/shop/health-and-beauty/all?department=Shampoo&viewAll=department&page=,£5.00,£1.43/100ml,£3.35 Clubcard Price,,/groceries/en-GB/products/309484593,https://digitalcontent.api.tesco.com/v2/media/ghs/b7309d92-b4f6-45ef-98c6-f9daaa99f796/c799be61-d734-496f-a1d2-455dec62d154_42918881.jpeg?h=225&w=225
287005164,John Frieda Frizz Ease Miracle Recovery Shampoo 250Ml,https://www.tesco.com/groceries/en-GB/shop/health-and-beauty/all?department=Shampoo&viewAll=department&page=,£7.00,£2.80/100ml,Any 2 for £9 Clubcard Price - Selected John Frieda Haircare Products,,/groceries/en-GB/products/287005164,https://digitalcontent.api.tesco.com/v2/media/ghs/f0751059-6cdd-493b-a687-ca729441b1b4/448bf333-e0b3-4b63-86e7-390d25f8b87a_1272853777.jpeg?h=225&w=225
309762955,Monday Haircare Moisture Shampoo 350Ml,https://www.tesco.com/groceries/en-GB/shop/health-and-beauty/all?department=Shampoo&viewAll=department&page=,£5.00,£1.43/100ml,£3.35 Clubcard Price,,/groceries/en-GB/products/309762955,https://digitalcontent.api.tesco.com/v2/media/ghs/a08e1798-b92f-487e-9c93-1fefb91788f4/861a42a3-8d23-4bc5-8c66-0dc10b0fca9f_36607274.jpeg?h=225&w=225
311266780,Aussie Deep Moisture Shampoo 300Ml,https://www.tesco.com/groceries/en-GB/shop/health-and-beauty/all?department=Shampoo&viewAll=department&page=,£4.50,£1.50/100ml,Any 3 for £10 Clubcard Price - Selected Aussie Haircare Products 200ml - 300ml,,/groceries/en-GB/products/311266780,https://digitalcontent.api.tesco.com/v2/media/ghs/6fc01833-beb4-4706-abc6-d18e34168438/454dd329-1df8-4dc0-bb3d-ebcb04d789fa_2118396647.jpeg?h=225&w=225
293534496,Bb Moisturising Shampoo Coloured Protection Shampoo 250Ml,https://www.tesco.com/groceries/en-GB/shop/health-and-beauty/all?department=Shampoo&viewAll=department&page=,£6.00,£2.40/100ml,£4.00 Clubcard Price,,/groceries/en-GB/products/293534496,https://digitalcontent.api.tesco.com/v2/media/ghs/37bbb11d-35cd-4f89-9547-c46d81dd3cab/d69d2c06-096d-4267-aee9-8fc8d1e2ddc9_1048270765.jpeg?h=225&w=225
310683644,Batiste Dry Shampoo Coconut Milk & Hemp Oil 200Ml,https://www.tesco.com/groceries/en-GB/shop/health-and-beauty/all?department=Shampoo&viewAll=department&page=,£4.25,£2.13/100ml,£3.00 Clubcard Price,,/groceries/en-GB/products/310683644,https://digitalcontent.api.tesco.com/v2/media/ghs/8b2adb83-77fb-447c-8808-dca5ea5b8852/a4cde628-1cc3-4b62-bc57-be4e7f7fdab4_301770577.jpeg?h=225&w=225
311420617,Garnier Ultimate Blends Delicate Oat Shampoo Refill 500Ml,https://www.tesco.com/groceries/en-GB/shop/health-and-beauty/all?department=Shampoo&viewAll=department&page=,£4.80,£0.96/100ml,£2.40 Clubcard Price,,/groceries/en-GB/products/311420617,https://digitalcontent.api.tesco.com/v2/media/ghs/db8e882d-ea82-40ed-b681-40ef60ef9c8e/fa423bfc-c7a1-48b5-bd94-5da6432f77d4_887512804.jpeg?h=225&w=225
257120003,Neutrogena T/Gel Therapeutic Shampoo 125Ml,https://www.tesco.com/groceries/en-GB/shop/health-and-beauty/all?department=Shampoo&viewAll=department&page=,£5.00,£4.00/100ml,,,/groceries/en-GB/products/257120003,https://digitalcontent.api.tesco.com/v2/media/ghs/539b7a03-2c01-4ac4-8bfc-74ad66572b1e/bd688bfa-f36f-4b94-8d7b-298f69c44f35_1391767708.jpeg?h=225&w=225
312700150,Pantene Xl Repair & Protect Shampoo 750Ml,https://www.tesco.com/groceries/en-GB/shop/health-and-beauty/all?department=Shampoo&viewAll=department&page=,£4.00,£0.53/100ml,,,/groceries/en-GB/products/312700150,https://digitalcontent.api.tesco.com/v2/media/ghs/3506282f-63b1-4ad9-99bb-dc5228aadb1f/2273205f-09a1-4819-bdfb-da2d0d719dce_641180847.jpeg?h=225&w=225
275969705,Ogx Brazilian Keratin Shampoo 385Ml,https://www.tesco.com/groceries/en-GB/shop/health-and-beauty/all?department=Shampoo&viewAll=department&page=,£7.00,£1.82/100ml,£3.45 Clubcard Price,,/groceries/en-GB/products/275969705,https://digitalcontent.api.tesco.com/v2/media/ghs/2104ad5d-6ff8-47f0-85d1-9bf10d0cc33c/4048f34a-dcb1-4924-a4dd-3a17353f16ca_1636121062.jpeg?h=225&w=225
284626355,L'oreal Paris Oil Shampoo For Dry Hair 400Ml,https://www.tesco.com/groceries/en-GB/shop/health-and-beauty/all?department=Shampoo&viewAll=department&page=,£4.50,£1.13/100ml,,,/groceries/en-GB/products/284626355,https://digitalcontent.api.tesco.com/v2/media/ghs/210af7c0-3de3-49f2-8c18-f50f46c85876/b413301d-cc9f-44a5-bcc6-d678ce7663b4_155104131.jpeg?h=225&w=225
293518101,John Frieda Shampoo Go Blonder Shampoo 250Ml,https://www.tesco.com/groceries/en-GB/shop/health-and-beauty/all?department=Shampoo&viewAll=department&page=,£6.00,£2.40/100ml,£4.00 Clubcard Price,,/groceries/en-GB/products/293518101,https://digitalcontent.api.tesco.com/v2/media/ghs/79d6fb6f-d570-4f73-88c2-3fe6979c4eff/5b19c773-ebfb-4947-a2f4-83c684e328a2_1843197358.jpeg?h=225&w=225
310146667,L'oreal Paris Elvive Hydrating Hyaluronic Shampoo 250Ml,https://www.tesco.com/groceries/en-GB/shop/health-and-beauty/all?department=Shampoo&viewAll=department&page=,£2.75,£1.10/100ml,,,/groceries/en-GB/products/310146667,https://digitalcontent.api.tesco.com/v2/media/ghs/413acea3-7ba1-426b-b721-d4e92a057ce2/6ab37f3f-a459-44a9-9d08-bc96858ef677_1655715320.jpeg?h=225&w=225
291196875,Tresemme 24 Hour Body Shampoo 900Ml,https://www.tesco.com/groceries/en-GB/shop/health-and-beauty/all?department=Shampoo&viewAll=department&page=,£2.99,£0.33/100ml,,,/groceries/en-GB/products/291196875,https://digitalcontent.api.tesco.com/v2/media/ghs/d14f754d-60ac-420f-9c60-c6c9d234ef86/d9c72b87-357d-4fe9-9d6b-3804cb2a4e5c_1863996663.jpeg?h=225&w=225
299038515,Head & Shoulders Supreme Damaged Repair Shampoo 400Ml,https://www.tesco.com/groceries/en-GB/shop/health-and-beauty/all?department=Shampoo&viewAll=department&page=,£5.00,£1.25/100ml,Any 3 for £10 Clubcard Price - Selected Head & Shoulders Haircare Products 275ml - 400ml,,/groceries/en-GB/products/299038515,https://digitalcontent.api.tesco.com/v2/media/ghs/1acd75c9-bd93-4dfc-a3bd-ca5313ad8f81/448df4bc-6b9d-4208-86ad-587fdde718c6_1474655675.jpeg?h=225&w=225
302134915,Schwarzkopf G2b Fresh It Up 200Ml Dry Shampoo,https://www.tesco.com/groceries/en-GB/shop/health-and-beauty/all?department=Shampoo&viewAll=department&page=,£3.00,£1.50/100ml,,,/groceries/en-GB/products/302134915,https://digitalcontent.api.tesco.com/v2/media/ghs/cd08953c-5b8b-44b1-a8d9-9113e66099e9/8091466e-9907-4a7d-8059-4575f54e641d_93039192.jpeg?h=225&w=225
309167485,Head & Shoulders Classic Shampoo Refill Pouch 480Ml,https://www.tesco.com/groceries/en-GB/shop/health-and-beauty/all?department=Shampoo&viewAll=department&page=,£4.30,£0.90/100ml,,,/groceries/en-GB/products/309167485,https://digitalcontent.api.tesco.com/v2/media/ghs/56e69dd6-b160-429d-8279-23ace2a38293/687272f5-6a66-4beb-a5ba-36a355c02d12_2074094606.jpeg?h=225&w=225
306811851,Cbd Alchemist Revive Rfrsh Dry Shampoo Coconut 200M,https://www.tesco.com/groceries/en-GB/shop/health-and-beauty/all?department=Shampoo&viewAll=department&page=,£3.15,£1.58/100ml,£2.25 Clubcard Price,,/groceries/en-GB/products/306811851,https://digitalcontent.api.tesco.com/v2/media/ghs/4955d656-7dc0-4c24-98b2-eb1c954db0d1/93ba81ad-ded1-4236-855a-5562376d0b57_727416815.jpeg?h=225&w=225
299038550,Head & Shoulders Supreme Damaged Repair Conditioner 275Ml,https://www.tesco.com/groceries/en-GB/shop/health-and-beauty/all?department=Shampoo&viewAll=department&page=,£5.00,£1.82/100ml,Any 3 for £10 Clubcard Price - Selected Head & Shoulders Haircare Products 275ml - 400ml,,/groceries/en-GB/products/299038550,https://digitalcontent.api.tesco.com/v2/media/ghs/6bf2e360-f984-425e-b6ca-317ec1386baa/0e69aac4-95fd-4c1d-9c16-1ab57eddbe57_46794905.jpeg?h=225&w=225
297843878,Ogx Miracle Oil Shampoo 385Ml,https://www.tesco.com/groceries/en-GB/shop/health-and-beauty/all?department=Shampoo&viewAll=department&page=,£7.00,£1.82/100ml,£3.45 Clubcard Price,,/groceries/en-GB/products/297843878,https://digitalcontent.api.tesco.com/v2/media/ghs/b6857b95-7e19-43e5-b33c-9bb608a228e4/27d22723-b107-4682-adf6-9ac63d2eae45_2102735503.jpeg?h=225&w=225
308824019,Pantene Pro-V Purple Shampoo Strength 225Ml,https://www.tesco.com/groceries/en-GB/shop/health-and-beauty/all?department=Shampoo&viewAll=department&page=,£5.00,£2.23/100ml,£2.50 Clubcard Price,,/groceries/en-GB/products/308824019,https://digitalcontent.api.tesco.com/v2/media/ghs/4bade2de-ce74-4be9-8a51-75ad05e7a4bd/8be2b3dd-0bcd-4721-92ff-cfb2b709347d_2142771785.jpeg?h=225&w=225
302208092,Leo Bancroft Body & Bounce Dry Shampoo 300Ml,https://www.tesco.com/groceries/en-GB/shop/health-and-beauty/all?department=Shampoo&viewAll=department&page=,£3.15,£1.05/100ml,£2.25 Clubcard Price,,/groceries/en-GB/products/302208092,https://digitalcontent.api.tesco.com/v2/media/ghs/a80a35fb-5b89-4fb3-8321-245d87628df7/f60ae245-3fca-4698-829c-f0f8b8aee847_1621183154.jpeg?h=225&w=225
311442180,Old Spice Night Panther Shower Gel & Shampoo 400Ml,https://www.tesco.com/groceries/en-GB/shop/health-and-beauty/all?department=Shampoo&viewAll=department&page=,£3.50,£0.88/100ml,£2.00 Clubcard Price,,/groceries/en-GB/products/311442180,https://digitalcontent.api.tesco.com/v2/media/ghs/7d9ef048-5064-47e9-8554-65b39d218a2d/d5f70608-0e0a-4350-86cf-b7ddf2afabca_1749176115.jpeg?h=225&w=225
312712579,Clear Grease Control Anti-Dandruff Shampoo 250Ml,https://www.tesco.com/groceries/en-GB/shop/health-and-beauty/all?department=Shampoo&viewAll=department&page=,£2.25,£0.90/100ml,£2.00 Clubcard Price,,/groceries/en-GB/products/312712579,https://digitalcontent.api.tesco.com/v2/media/ghs/6be5922f-5bb3-4cdb-8fd0-741d10d508d3/ba8658e2-1c21-4fdf-959a-b38c71a5a5f0_108934390.jpeg?h=225&w=225
308857816,Herbal Essences Bio Renew Coconut Milk Shampoo 250Ml,https://www.tesco.com/groceries/en-GB/shop/health-and-beauty/all?department=Shampoo&viewAll=department&page=,£3.00,£1.20/100ml,£2.00 Clubcard Price,,/groceries/en-GB/products/308857816,https://digitalcontent.api.tesco.com/v2/media/ghs/5d898223-bf7d-491d-9074-e6d5c71dc8d9/9b409cbd-b8ad-4862-bc8f-f59f629336ab_99919859.jpeg?h=225&w=225
311682427,Pantene Pro-V Shampoo Hydrating Glow Quenching 400Ml,https://www.tesco.com/groceries/en-GB/shop/health-and-beauty/all?department=Shampoo&viewAll=department&page=,£5.00,£1.25/100ml,£2.50 Clubcard Price,,/groceries/en-GB/products/311682427,https://digitalcontent.api.tesco.com/v2/media/ghs/48630288-c41b-439e-a922-10ba7d36697b/c6d64d35-5eee-4830-a85f-36fe291f6e57_1755250182.jpeg?h=225&w=225
308462056,L'oreal Men Expert Body Hair & Beard Wash 400Ml,https://www.tesco.com/groceries/en-GB/shop/health-and-beauty/all?department=Shampoo&viewAll=department&page=,£2.25,£0.56/100ml,,,/groceries/en-GB/products/308462056,https://digitalcontent.api.tesco.com/v2/media/ghs/bd14eeb6-0d6a-4573-b67e-9a43d0c48f2a/972211e4-2b9a-4def-bed3-629f6b9f8382_960434426.jpeg?h=225&w=225
312224241,Garnier Ultimate Blends Argan Almond Cream Shampoo 400Ml,https://www.tesco.com/groceries/en-GB/shop/health-and-beauty/all?department=Shampoo&viewAll=department&page=,£2.40,£0.60/100ml,,,/groceries/en-GB/products/312224241,https://digitalcontent.api.tesco.com/v2/media/ghs/b7ec9389-022d-43ea-a25a-e8d644e5ae44/bbf78b9f-c271-4f4a-9d20-2d6b42e34e1a_1692211215.jpeg?h=225&w=225
295177045,Plantur 39 Shampoo Col/Stress 250Ml,https://www.tesco.com/groceries/en-GB/shop/health-and-beauty/all?department=Shampoo&viewAll=department&page=,£10.00,£4.00/100ml,,,/groceries/en-GB/products/295177045,https://digitalcontent.api.tesco.com/v2/media/ghs/dd1a7abf-cb31-41b2-8ea9-2a428b8ff132/8ef8d3a3-be7d-4f76-b750-3decd650f097_1065986579.jpeg?h=225&w=225
308457593,Just For Men Control Gx Grey Shampoo 118Ml,https://www.tesco.com/groceries/en-GB/shop/health-and-beauty/all?department=Shampoo&viewAll=department&page=,£9.00,£7.63/100ml,£6.75 Clubcard Price,,/groceries/en-GB/products/308457593,https://digitalcontent.api.tesco.com/v2/media/ghs/0ac53259-6efd-4aa4-b37e-4eb5695e1532/ea948330-840d-4eb3-826c-20a426e556da_2140157984.jpeg?h=225&w=225
305429666,Garnier Ultimate Blends Banana & Coconut Shampoo 350Ml,https://www.tesco.com/groceries/en-GB/shop/health-and-beauty/all?department=Shampoo&viewAll=department&page=,£5.00,£1.43/100ml,,,/groceries/en-GB/products/305429666,https://digitalcontent.api.tesco.com/v2/media/ghs/ae576ab2-be7f-4ac2-9f1e-a69cf9b4d7f6/e41a00f0-3ec9-4506-a18b-86a7a02b983d_1905914875.jpeg?h=225&w=225
308479002,Herbal Essences Biological Renew Aloe Plus Hemp Shampoo 380Ml,https://www.tesco.com/groceries/en-GB/shop/health-and-beauty/all?department=Shampoo&viewAll=department&page=,£6.00,£1.58/100ml,,,/groceries/en-GB/products/308479002,https://digitalcontent.api.tesco.com/v2/media/ghs/091af1a7-7304-4450-b4fa-16e945f7b701/b8e25c3b-ff76-4b0f-89a7-b9d61aa327c4_401071158.jpeg?h=225&w=225
302208437,Hask Argan Oil Shampoo 355Ml,https://www.tesco.com/groceries/en-GB/shop/health-and-beauty/all?department=Shampoo&viewAll=department&page=,£7.00,£1.98/100ml,£4.65 Clubcard Price,,/groceries/en-GB/products/302208437,https://digitalcontent.api.tesco.com/v2/media/ghs/6b57b763-a7b1-42ee-b301-6681f76bd33c/e5e01cef-b424-45c0-98cd-16c558e1a79e_1175894598.jpeg?h=225&w=225
295035611,Ogx Coconut Curls Shampoo 385Ml,https://www.tesco.com/groceries/en-GB/shop/health-and-beauty/all?department=Shampoo&viewAll=department&page=,£7.00,£1.82/100ml,£3.45 Clubcard Price,,/groceries/en-GB/products/295035611,https://digitalcontent.api.tesco.com/v2/media/ghs/2f026d20-55cc-4a7d-a6fc-89d367ca3b7a/71c8de0a-cdc2-4491-9bfe-0abe89f2ffe7_1809042500.jpeg?h=225&w=225
309166048,Tresemme Pro Pure Airlight Volume Shampoo 380Ml,https://www.tesco.com/groceries/en-GB/shop/health-and-beauty/all?department=Shampoo&viewAll=department&page=,£5.00,£1.32/100ml,,,/groceries/en-GB/products/309166048,https://digitalcontent.api.tesco.com/v2/media/ghs/eb75530b-d2c4-4747-84a9-c8a1373414c2/aba08506-1aa9-47bc-bf20-73e65be2e22a_229420231.jpeg?h=225&w=225
305252200,Hask Biotin Boost Thickening Shampoo 355Ml,https://www.tesco.com/groceries/en-GB/shop/health-and-beauty/all?department=Shampoo&viewAll=department&page=,£7.00,£1.98/100ml,£4.65 Clubcard Price,,/groceries/en-GB/products/305252200,https://digitalcontent.api.tesco.com/v2/media/ghs/b7523ee3-543a-4fef-bb18-2f66a0cd80d5/64fa2d43-b830-4d5c-b91a-96f6177904e0_1910360912.jpeg?h=225&w=225
265292040,Alpecin Double Effect Shampoo 200Ml,https://www.tesco.com/groceries/en-GB/shop/health-and-beauty/all?department=Shampoo&viewAll=department&page=,£7.50,£3.75/100ml,,,/groceries/en-GB/products/265292040,https://digitalcontent.api.tesco.com/v2/media/ghs/37e595eb-997a-4837-b83a-4d8f25bbb7bb/e0912bdc-2b2c-46db-ba27-cf6350728d82_1500349591.jpeg?h=225&w=225
308457132,Head & Shoulders Deep Cleanse Shampoo 400Ml,https://www.tesco.com/groceries/en-GB/shop/health-and-beauty/all?department=Shampoo&viewAll=department&page=,£6.00,£1.50/100ml,,,/groceries/en-GB/products/308457132,https://digitalcontent.api.tesco.com/v2/media/ghs/28ac5f20-2ceb-44aa-9f96-da4768faa4a5/6bf65f9e-e8e2-462f-bbc1-dc5ba3bedbaa_107525339.jpeg?h=225&w=225
308469636,Aussie Blonde Hydration Purple Shampoo 290Ml,https://www.tesco.com/groceries/en-GB/shop/health-and-beauty/all?department=Shampoo&viewAll=department&page=,£6.00,£2.07/100ml,,,/groceries/en-GB/products/308469636,https://digitalcontent.api.tesco.com/v2/media/ghs/eadce186-666f-47f2-8e4e-1cf7f9f6a48a/9cc6d400-e334-4e93-98c3-4bc1ae3224d5_706082282.jpeg?h=225&w=225
309182649,Lor/P Elvive Colour Protect Shampoo Refill 500Ml,https://www.tesco.com/groceries/en-GB/shop/health-and-beauty/all?department=Shampoo&viewAll=department&page=,£6.35,£1.27/100ml,,,/groceries/en-GB/products/309182649,https://digitalcontent.api.tesco.com/v2/media/ghs/66ee2c71-8493-4179-9e29-1c4b5260a71a/53bebcff-1a46-412e-98e1-e2747b0ee7e9_6906960.jpeg?h=225&w=225
303647007,John Frieda Frizz Ease Weightless Shampoo 250Ml,https://www.tesco.com/groceries/en-GB/shop/health-and-beauty/all?department=Shampoo&viewAll=department&page=,£7.00,£2.80/100ml,Any 2 for £9 Clubcard Price - Selected John Frieda Haircare Products,,/groceries/en-GB/products/303647007,https://digitalcontent.api.tesco.com/v2/media/ghs/76eee692-fe4a-4d1d-a271-4747efd6b80e/5bab7377-ac61-4631-994d-c46daf01495f_1265434657.jpeg?h=225&w=225
309464588,Pantene Biology Full & Vibrant Shampoo 250Ml,https://www.tesco.com/groceries/en-GB/shop/health-and-beauty/all?department=Shampoo&viewAll=department&page=,£8.00,£3.20/100ml,£4.00 Clubcard Price,,/groceries/en-GB/products/309464588,https://digitalcontent.api.tesco.com/v2/media/ghs/e45b471a-682f-4506-a184-92383f9c92cd/ff110558-efec-4a97-b421-56997be93817_1358846481.jpeg?h=225&w=225
308472430,Head & Shoulders Deep Cleanse Anti-Dandruff Shampoo 400Ml,https://www.tesco.com/groceries/en-GB/shop/health-and-beauty/all?department=Shampoo&viewAll=department&page=,£6.00,£1.50/100ml,,,/groceries/en-GB/products/308472430,https://digitalcontent.api.tesco.com/v2/media/ghs/22a23bac-86c8-4b0a-9560-cc2c59bd6ccd/bd1d56c5-9b43-4d2a-8c68-9f1bf5ef8452_250784790.jpeg?h=225&w=225
308840686,Herbal Essences Bio Renew Aloe & Mango Shampoo 380Ml,https://www.tesco.com/groceries/en-GB/shop/health-and-beauty/all?department=Shampoo&viewAll=department&page=,£6.00,£1.58/100ml,,,/groceries/en-GB/products/308840686,https://digitalcontent.api.tesco.com/v2/media/ghs/aa441fa6-0206-4d0b-a37e-46fa22d32209/95972c91-4e24-4324-820a-d09a26b269d3_78754309.jpeg?h=225&w=225
309198199,John Frieda Midnight Brunette Colour Deep Shampoo 250Ml,https://www.tesco.com/groceries/en-GB/shop/health-and-beauty/all?department=Shampoo&viewAll=department&page=,£7.00,£2.80/100ml,£4.65 Clubcard Price,,/groceries/en-GB/products/309198199,https://digitalcontent.api.tesco.com/v2/media/ghs/2e9c32ee-7374-4376-9263-ae91b36b2ea9/5b6259e6-a7ab-4283-83fc-4d1be7971a29_1690867154.jpeg?h=225&w=225
311440867,L'oreal Paris Elvive Dream Lengths Air Volume Dry Shampoo 200Ml,https://www.tesco.com/groceries/en-GB/shop/health-and-beauty/all?department=Shampoo&viewAll=department&page=,£5.00,£2.50/100ml,,,/groceries/en-GB/products/311440867,https://digitalcontent.api.tesco.com/v2/media/ghs/70eea49b-6bfc-4da2-ac8d-f69c3e66d516/snapshotimagehandler_667314166.jpeg?h=225&w=225
310167046,Tresemme Hydrate & Purify Shampoo 440Ml,https://www.tesco.com/groceries/en-GB/shop/health-and-beauty/all?department=Shampoo&viewAll=department&page=,£3.00,£0.68/100ml,,,/groceries/en-GB/products/310167046,https://digitalcontent.api.tesco.com/v2/media/ghs/b3082faf-e7a5-408f-9ce9-79bd4b5bb6d9/a020191a-a7b9-40c4-af0d-0a072730056d_1319345629.jpeg?h=225&w=225
271635715,Aussie Colour Mate Shampoo 500Ml,https://www.tesco.com/groceries/en-GB/shop/health-and-beauty/all?department=Shampoo&viewAll=department&page=,£6.00,£1.20/100ml,£4.50 Clubcard Price,,/groceries/en-GB/products/271635715,https://digitalcontent.api.tesco.com/v2/media/ghs/212c198c-5699-4dfc-b19a-b6b4a1369b71/c66b484a-a025-4138-bf80-eb94d1195d1e_1580327628.jpeg?h=225&w=225
305521965,Head & Shoulders Hair Booster Shampoo Anti-Dandruff 400Ml,https://www.tesco.com/groceries/en-GB/shop/health-and-beauty/all?department=Shampoo&viewAll=department&page=,£5.00,£1.25/100ml,,,/groceries/en-GB/products/305521965,https://digitalcontent.api.tesco.com/v2/media/ghs/b29b7c66-f8d9-4fa2-be42-b1224dd01b0b/a73d7bf9-6e21-4a7e-8c1e-53279b79cf02_351972169.jpeg?h=225&w=225
305960963,Cantu Care For Kids Tear Free Nourishing Shampoo 237Ml,https://www.tesco.com/groceries/en-GB/shop/health-and-beauty/all?department=Shampoo&viewAll=department&page=,£4.80,£2.03/100ml,£3.30 Clubcard Price,,/groceries/en-GB/products/305960963,https://digitalcontent.api.tesco.com/v2/media/ghs/eccdba43-f045-49e4-b325-adefaa1d2ede/d7f91193-322f-4feb-96dc-54df1ebaad03_1797222603.jpeg?h=225&w=225
311421366,Garnier Ultimate Blends H/Trsures Shampoo Refill Pouch 500Ml,https://www.tesco.com/groceries/en-GB/shop/health-and-beauty/all?department=Shampoo&viewAll=department&page=,£4.80,£0.96/100ml,£2.40 Clubcard Price,,/groceries/en-GB/products/311421366,https://digitalcontent.api.tesco.com/v2/media/ghs/423b7c7c-c6a7-4b31-8d4a-5426b49d7bcf/0f76d60f-985b-4b93-8588-4e28cc002467_670868559.jpeg?h=225&w=225
309187645,L'oreal Paris Elvive Full Resist Shampoo 400Ml,https://www.tesco.com/groceries/en-GB/shop/health-and-beauty/all?department=Shampoo&viewAll=department&page=,£4.50,£1.13/100ml,,,/groceries/en-GB/products/309187645,https://digitalcontent.api.tesco.com/v2/media/ghs/36a62f9f-b4b1-42d9-8fd2-c0f7497684c7/78684585-a7d5-4a1c-8127-f69d0a07874d_647378769.jpeg?h=225&w=225
299154020,L’Oreal Men Expert Barberclub Beard & Face Wash 200Ml,https://www.tesco.com/groceries/en-GB/shop/health-and-beauty/all?department=Shampoo&viewAll=department&page=,£7.50,£3.75/100ml,£5.00 Clubcard Price,,/groceries/en-GB/products/299154020,https://digitalcontent.api.tesco.com/v2/media/ghs/53880412-be87-474b-b8ee-54d7d3148621/3d6852f4-a473-488e-9be2-1c45b3a43684_1854175374.jpeg?h=225&w=225
287319328,Organix Kukui Oil Shampoo 385Ml,https://www.tesco.com/groceries/en-GB/shop/health-and-beauty/all?department=Shampoo&viewAll=department&page=,£7.00,£1.82/100ml,£3.45 Clubcard Price,,/groceries/en-GB/products/287319328,https://digitalcontent.api.tesco.com/v2/media/ghs/9977536a-45a1-49c6-ad26-20ebf2a0536f/fc808944-e619-4a50-ad43-038802b5eda2_513862031.jpeg?h=225&w=225
281317530,Organix Keratin Oil Anti-Breakage Shampoo 385Ml,https://www.tesco.com/groceries/en-GB/shop/health-and-beauty/all?department=Shampoo&viewAll=department&page=,£7.00,£1.82/100ml,£3.45 Clubcard Price,,/groceries/en-GB/products/281317530,https://digitalcontent.api.tesco.com/v2/media/ghs/55160d17-f4fa-4d55-8136-88afad6e92c5/snapshotimagehandler_877929693.jpeg?h=225&w=225
309494402,Ogx Apple Cider Vinegar Shampoo 385Ml,https://www.tesco.com/groceries/en-GB/shop/health-and-beauty/all?department=Shampoo&viewAll=department&page=,£7.00,£1.82/100ml,£3.45 Clubcard Price,,/groceries/en-GB/products/309494402,https://digitalcontent.api.tesco.com/v2/media/ghs/03c1390f-8bf5-4c6b-9044-037c6e76f469/46c47a3a-ad10-4f5d-a165-20b5a7ee9e26_2085220726.jpeg?h=225&w=225
297843728,Ogx Orchid Oil Shampoo 385Ml,https://www.tesco.com/groceries/en-GB/shop/health-and-beauty/all?department=Shampoo&viewAll=department&page=,£7.00,£1.82/100ml,£3.45 Clubcard Price,,/groceries/en-GB/products/297843728,https://digitalcontent.api.tesco.com/v2/media/ghs/9eecface-bfbd-4712-a6d7-97ef6ab6cc7e/999a4bc7-9736-4e29-9648-0ed73530e992_1916712039.jpeg?h=225&w=225
309752380,Monday Haircare Gentle Shampoo 350Ml,https://www.tesco.com/groceries/en-GB/shop/health-and-beauty/all?department=Shampoo&viewAll=department&page=,£5.00,£1.43/100ml,£3.35 Clubcard Price,,/groceries/en-GB/products/309752380,https://digitalcontent.api.tesco.com/v2/media/ghs/aa07b30a-08cd-4861-9d2a-b4d6ad56b77f/e4ed676d-de0b-464d-901a-12e4083b054d_1560526777.jpeg?h=225&w=225
311674803,Ogx Frizz Free Plus Keratin Smoothing Oil Shampoo 385Ml,https://www.tesco.com/groceries/en-GB/shop/health-and-beauty/all?department=Shampoo&viewAll=department&page=,£7.00,£1.82/100ml,£3.45 Clubcard Price,,/groceries/en-GB/products/311674803,https://digitalcontent.api.tesco.com/v2/media/ghs/ec221256-7a12-4b53-b904-e2e6d3c53555/bb8fce7d-b323-46a7-bd83-acc088a5e3a0_959522241.jpeg?h=225&w=225
306814266,Cbd Alchemist Revive Rfrsh Dry Shampoo Citrus200m,https://www.tesco.com/groceries/en-GB/shop/health-and-beauty/all?department=Shampoo&viewAll=department&page=,£3.15,£1.58/100ml,£2.25 Clubcard Price,,/groceries/en-GB/products/306814266,https://digitalcontent.api.tesco.com/v2/media/ghs/846a2d38-6f66-4564-b65f-28490ee18d38/7b9f4e8c-6c0d-4637-b035-f16d268857b4_381101494.jpeg?h=225&w=225
306809152,Cbd Alchemist Revive & Refresh Dry Shampoo 200Ml,https://www.tesco.com/groceries/en-GB/shop/health-and-beauty/all?department=Shampoo&viewAll=department&page=,£3.15,£1.58/100ml,£2.25 Clubcard Price,,/groceries/en-GB/products/306809152,https://digitalcontent.api.tesco.com/v2/media/ghs/b73a902f-7225-45dd-a761-603abb2a5e6c/e9289091-2d8c-462e-ba4e-66e9a8b179df_850812127.jpeg?h=225&w=225
310129150,Tresemme Biotin Repair Shampoo 440Ml,https://www.tesco.com/groceries/en-GB/shop/health-and-beauty/all?department=Shampoo&viewAll=department&page=,£3.00,£0.68/100ml,,,/groceries/en-GB/products/310129150,https://digitalcontent.api.tesco.com/v2/media/ghs/8fe7d08b-dc18-4e43-b586-d421e5dc9651/ce1a8204-a285-4ac2-97ed-aa08afe5af74_1215435955.jpeg?h=225&w=225
309204027,Alberto Balsam Coconut & Lychee Shampoo Bar 75G,https://www.tesco.com/groceries/en-GB/shop/health-and-beauty/all?department=Shampoo&viewAll=department&page=,£2.50,£3.34/100g,,,/groceries/en-GB/products/309204027,https://digitalcontent.api.tesco.com/v2/media/ghs/9edfb0c8-edb7-415a-bf52-68eececf7b2c/88ac6aab-8a5b-4d93-8891-2a92691c9d89_1640348487.jpeg?h=225&w=225
309205867,Alberto Balsam Apple Shampoo Bar 75G,https://www.tesco.com/groceries/en-GB/shop/health-and-beauty/all?department=Shampoo&viewAll=department&page=,£2.50,£3.34/100g,,,/groceries/en-GB/products/309205867,https://digitalcontent.api.tesco.com/v2/media/ghs/8d9e9da5-3cf5-48e3-9ec0-1cce9292e4dd/e6c28655-0e6e-4e73-a702-7320f3d9124a_233885032.jpeg?h=225&w=225
295035657,Ogx Hydrating Argan Extra Shampoo 385Ml,https://www.tesco.com/groceries/en-GB/shop/health-and-beauty/all?department=Shampoo&viewAll=department&page=,£7.00,£1.82/100ml,£3.45 Clubcard Price,,/groceries/en-GB/products/295035657,https://digitalcontent.api.tesco.com/v2/media/ghs/953e8d31-5c9b-43b6-afc0-27d04530f80b/2340ce94-61ac-40d1-994d-bd757b5fe4bc_1194308150.jpeg?h=225&w=225
313002652,Clear 24H Fresh Anti Dandruff Shampoo 250Ml,https://www.tesco.com/groceries/en-GB/shop/health-and-beauty/all?department=Shampoo&viewAll=department&page=,£2.25,£0.90/100ml,£2.00 Clubcard Price,,/groceries/en-GB/products/313002652,https://digitalcontent.api.tesco.com/v2/media/ghs/80dccdc9-04a5-42ed-85cc-f1ad76523be8/7627114c-9ef5-4d04-aac2-e5f0fd17b128_963970489.jpeg?h=225&w=225
299250430,Maui Moisture Shea Butter Shampoo 385Ml,https://www.tesco.com/groceries/en-GB/shop/health-and-beauty/all?department=Shampoo&viewAll=department&page=,£8.50,£2.21/100ml,,,/groceries/en-GB/products/299250430,https://digitalcontent.api.tesco.com/v2/media/ghs/10aaf2e7-b354-47a9-8080-2b619e1c14f7/e8effaeb-47f6-48fe-9082-209edf59b7b7_1479218406.jpeg?h=225&w=225
311682471,Shea Moisture 10 In 1 Multi Benefit Shampoo 384Ml,https://www.tesco.com/groceries/en-GB/shop/health-and-beauty/all?department=Shampoo&viewAll=department&page=,£13.00,£3.39/100ml,,,/groceries/en-GB/products/311682471,https://digitalcontent.api.tesco.com/v2/media/ghs/6523af36-eb02-4766-a46c-056e701630cf/70c2e335-8677-4dca-9668-d91322b0fdeb_1811423014.jpeg?h=225&w=225
311254310,Shea Moisture Coconut & Hibiscus Curl & Shine Shampoo 384Ml,https://www.tesco.com/groceries/en-GB/shop/health-and-beauty/all?department=Shampoo&viewAll=department&page=,£11.00,£2.87/100ml,,,/groceries/en-GB/products/311254310,https://digitalcontent.api.tesco.com/v2/media/ghs/f2e1b5ad-08fb-4cb9-b2da-69a038edf3a0/63a17561-06f7-49b5-91b3-3d061a16a86c_585593348.jpeg?h=225&w=225
305250692,John Frieda Violet Crush For Blondes Intensive Purple Shampoo 250Ml,https://www.tesco.com/groceries/en-GB/shop/health-and-beauty/all?department=Shampoo&viewAll=department&page=,£8.00,£3.20/100ml,,,/groceries/en-GB/products/305250692,https://digitalcontent.api.tesco.com/v2/media/ghs/27701a0b-135d-4ada-ac0b-85b2f3733435/c7f33a2c-51f3-4133-8963-3a95420d0861_386994030.jpeg?h=225&w=225
299250499,Maui Moisture Agave Shampoo 385Ml,https://www.tesco.com/groceries/en-GB/shop/health-and-beauty/all?department=Shampoo&viewAll=department&page=,£8.50,£2.21/100ml,,,/groceries/en-GB/products/299250499,https://digitalcontent.api.tesco.com/v2/media/ghs/2071c96d-15b3-4bda-8665-6286b8202e25/ed28a1ef-33b7-47f5-993b-56d49868e998_1362898151.jpeg?h=225&w=225
293533890,John Frieda Sheer Blonde Colour Renew Shampoo 250Ml,https://www.tesco.com/groceries/en-GB/shop/health-and-beauty/all?department=Shampoo&viewAll=department&page=,£7.00,£2.80/100ml,,,/groceries/en-GB/products/293533890,https://digitalcontent.api.tesco.com/v2/media/ghs/b9501ea6-a793-4570-bc1f-820151e143a5/6ec4a32f-e97e-44a6-b4b5-8ef8b8048a23_1364820728.jpeg?h=225&w=225
305252868,Maui Moisture Smooth & Revive Vanilla Bean Shampoo 385Ml,https://www.tesco.com/groceries/en-GB/shop/health-and-beauty/all?department=Shampoo&viewAll=department&page=,£8.50,£2.21/100ml,,,/groceries/en-GB/products/305252868,https://digitalcontent.api.tesco.com/v2/media/ghs/91242b4d-3848-42ef-85eb-158d99257fe0/e2629c83-74d1-4923-a318-f11c21eac1d6_160046186.jpeg?h=225&w=225
311687137,John Frieda Volumising Shampoo Bar Blue Lotus Flower 75G,https://www.tesco.com/groceries/en-GB/shop/health-and-beauty/all?department=Shampoo&viewAll=department&page=,£9.00,£12.00/100g,£4.50 Clubcard Price,,/groceries/en-GB/products/311687137,https://digitalcontent.api.tesco.com/v2/media/ghs/6b77db31-0c3f-4799-96a1-b16808b3ec22/05dc279c-ea1e-4c65-889c-3a62e743e01e_1195335787.jpeg?h=225&w=225
311687120,John Frieda Moisturising Shampoo Bar Coconut Oil 75G,https://www.tesco.com/groceries/en-GB/shop/health-and-beauty/all?department=Shampoo&viewAll=department&page=,£9.00,£12.00/100g,£4.50 Clubcard Price,,/groceries/en-GB/products/311687120,https://digitalcontent.api.tesco.com/v2/media/ghs/0d352c26-b4db-4ccf-bde6-ea6a5d2d6ac4/2ba8a3f3-cbf2-4e52-aab3-b9aeec6add8e_136439278.jpeg?h=225&w=225
310141664,L'oreal Paris Elvive Colour Protect Wonder Water Conditioner 200Ml,https://www.tesco.com/groceries/en-GB/shop/health-and-beauty/all?department=Shampoo&viewAll=department&page=,£10.00,£5.00/100ml,£5.00 Clubcard Price,,/groceries/en-GB/products/310141664,https://digitalcontent.api.tesco.com/v2/media/ghs/ee9c861e-f02e-466f-ad1b-1ff212a859cf/79ebe693-51fa-49db-9e2b-e41a63d7e454_348247656.jpeg?h=225&w=225
302002041,Cantu Cleansing Cream Shampoo 400Ml,https://www.tesco.com/groceries/en-GB/shop/health-and-beauty/all?department=Shampoo&viewAll=department&page=,£7.00,£1.75/100ml,£4.65 Clubcard Price,,/groceries/en-GB/products/302002041,https://digitalcontent.api.tesco.com/v2/media/ghs/7c51b091-e477-429a-a90c-cebb508eccce/0a015b11-d5ee-48a9-891b-2497e133dd31_532183099.jpeg?h=225&w=225
305038472,Garnier Ultimate Blends Rpairing Papaya Coconut S/Poo350ml,https://www.tesco.com/groceries/en-GB/shop/health-and-beauty/all?department=Shampoo&viewAll=department&page=,£5.00,£1.43/100ml,,,/groceries/en-GB/products/305038472,https://digitalcontent.api.tesco.com/v2/media/ghs/b8449362-f7ec-4a71-87a3-22ef6a22b343/f268b78b-db36-4934-ba2f-e38f6d79e996_656439298.jpeg?h=225&w=225
305435369,Garnier Ultimate Blends Coconut & Macadamia Shampoo 350Ml,https://www.tesco.com/groceries/en-GB/shop/health-and-beauty/all?department=Shampoo&viewAll=department&page=,£5.00,£1.43/100ml,,,/groceries/en-GB/products/305435369,https://digitalcontent.api.tesco.com/v2/media/ghs/5ee786b4-52b7-4cdc-9012-32ddeefd112b/95da1b0a-9758-4263-8b1b-129985b95ab0_231999463.jpeg?h=225&w=225
309203126,Tresemme Propure Damage Recovery Shampoo 380Ml,https://www.tesco.com/groceries/en-GB/shop/health-and-beauty/all?department=Shampoo&viewAll=department&page=,£5.00,£1.32/100ml,,,/groceries/en-GB/products/309203126,https://digitalcontent.api.tesco.com/v2/media/ghs/557dfa01-9e04-4277-a235-6306caacf3be/7dea4865-c313-41be-a227-08257c8c3a46_288512675.jpeg?h=225&w=225
311786976,Noughty Wave Curl Defining Shampoo 250Ml,https://www.tesco.com/groceries/en-GB/shop/health-and-beauty/all?department=Shampoo&viewAll=department&page=,£7.00,£2.80/100ml,,,/groceries/en-GB/products/311786976,https://digitalcontent.api.tesco.com/v2/media/ghs/e47287cb-9b4c-4172-bce5-9214212a8f78/snapshotimagehandler_1475556246.jpeg?h=225&w=225
291198280,Neutrogena T/Gel 2 In 1 Dandruff Shampoo 250Ml,https://www.tesco.com/groceries/en-GB/shop/health-and-beauty/all?department=Shampoo&viewAll=department&page=,£7.00,£2.80/100ml,,,/groceries/en-GB/products/291198280,https://digitalcontent.api.tesco.com/v2/media/ghs/83f9d893-132a-4d0a-b9a7-4f8feb09fa47/f0d837e9-30ea-40d2-bcb9-74e9cf20ebb1_1283811609.jpeg?h=225&w=225
309182466,Tresemme Propure Radiant Colour Shampoo 380Ml,https://www.tesco.com/groceries/en-GB/shop/health-and-beauty/all?department=Shampoo&viewAll=department&page=,£5.00,£1.32/100ml,,,/groceries/en-GB/products/309182466,https://digitalcontent.api.tesco.com/v2/media/ghs/f6d59237-7cbb-4f66-95ad-ebefd49e13d9/ca06421f-591c-42d5-9a17-df1f3642dfc3_817263761.jpeg?h=225&w=225
293994682,Bulldog 2 In 1 Beard Shampoo & Conditioner 200Ml,https://www.tesco.com/groceries/en-GB/shop/health-and-beauty/all?department=Shampoo&viewAll=department&page=,£6.00,£3.00/100ml,,,/groceries/en-GB/products/293994682,https://digitalcontent.api.tesco.com/v2/media/ghs/0d0c2dfa-a1f6-4f97-84e6-df3f17f349c4/9b3a376b-23cd-4dc2-97c4-f9036d18a5dc_1656537777.jpeg?h=225&w=225
309207047,John Frieda Frizz Ease Brazilian Immuni Shampoo 250Ml,https://www.tesco.com/groceries/en-GB/shop/health-and-beauty/all?department=Shampoo&viewAll=department&page=,£7.00,£2.80/100ml,Any 2 for £9 Clubcard Price - Selected John Frieda Haircare Products,,/groceries/en-GB/products/309207047,https://digitalcontent.api.tesco.com/v2/media/ghs/0272a896-77c6-4d14-b2ee-42c7d76e7a15/6daf059e-a941-4249-9643-e88ac1a34629_1244697003.jpeg?h=225&w=225
309498398,Bleach London Silver Shampoo 250Ml,https://www.tesco.com/groceries/en-GB/shop/health-and-beauty/all?department=Shampoo&viewAll=department&page=,£6.50,£2.60/100ml,,,/groceries/en-GB/products/309498398,https://digitalcontent.api.tesco.com/v2/media/ghs/894dafb3-a162-4ed2-812c-3c4fe3e4eb05/snapshotimagehandler_1544061162.jpeg?h=225&w=225
309449722,Lor/P Elvive Dream Lengths Shampoo Refill 500Ml,https://www.tesco.com/groceries/en-GB/shop/health-and-beauty/all?department=Shampoo&viewAll=department&page=,£6.35,£1.27/100ml,,,/groceries/en-GB/products/309449722,https://digitalcontent.api.tesco.com/v2/media/ghs/838c9471-e359-46e2-9fc9-d9fcdcd4cdf4/05cafe08-cf18-4650-a312-91758930c92e_775041425.jpeg?h=225&w=225
309176179,Aussie Sos Save My Lengths! Shampoo 290Ml,https://www.tesco.com/groceries/en-GB/shop/health-and-beauty/all?department=Shampoo&viewAll=department&page=,£6.00,£2.07/100ml,,,/groceries/en-GB/products/309176179,https://digitalcontent.api.tesco.com/v2/media/ghs/24f34659-d9f1-4745-9a90-717bff5f320c/e81b3406-d519-4991-95cd-d8612f1b5afa_20961752.jpeg?h=225&w=225
308113499,Just For Men Gx Grey Reducing 2 In 1 Shampoo Conditioner 118Ml,https://www.tesco.com/groceries/en-GB/shop/health-and-beauty/all?department=Shampoo&viewAll=department&page=,£9.00,£7.63/100ml,£6.75 Clubcard Price,,/groceries/en-GB/products/308113499,https://digitalcontent.api.tesco.com/v2/media/ghs/af8b6d84-163c-4524-a1a5-4dcac093f6df/80c6fd36-912e-4823-b881-9556caf905b7_1284443139.jpeg?h=225&w=225
308488008,Aussie Sos Kiss Of Life Repair Shampoo 290Ml,https://www.tesco.com/groceries/en-GB/shop/health-and-beauty/all?department=Shampoo&viewAll=department&page=,£6.00,£2.07/100ml,,,/groceries/en-GB/products/308488008,https://digitalcontent.api.tesco.com/v2/media/ghs/183d18ec-144a-42c6-ae97-136eeba33a50/be70e91f-44da-4ba1-a655-284ef6a209a9_486525607.jpeg?h=225&w=225
309201192,Aussie Miracle Moist Shampoo Refill Pouch 480Ml,https://www.tesco.com/groceries/en-GB/shop/health-and-beauty/all?department=Shampoo&viewAll=department&page=,£6.00,£1.25/100ml,,,/groceries/en-GB/products/309201192,https://digitalcontent.api.tesco.com/v2/media/ghs/2a502ae8-9d1c-46b2-bc95-c40b95ae9df2/98a034cd-b824-4a97-881a-bfdff8b40154_1483941504.jpeg?h=225&w=225
305248747,John Frieda Hydrate & Recharge Shampoo 250Ml,https://www.tesco.com/groceries/en-GB/shop/health-and-beauty/all?department=Shampoo&viewAll=department&page=,£6.00,£2.40/100ml,£4.00 Clubcard Price,,/groceries/en-GB/products/305248747,https://digitalcontent.api.tesco.com/v2/media/ghs/28d7f942-ad38-4387-a8ef-e382e2623127/8e3543e9-7d25-4b1c-9314-5e21eb68d4a8_1819643822.jpeg?h=225&w=225
309169539,Garnier Ultimate Blends Delicate Oat Shampoo Bar 60G,https://www.tesco.com/groceries/en-GB/shop/health-and-beauty/all?department=Shampoo&viewAll=department&page=,£6.00,£10.00/100g,£4.00 Clubcard Price,,/groceries/en-GB/products/309169539,https://digitalcontent.api.tesco.com/v2/media/ghs/5c378629-63b3-472e-a61a-0bcec767cc6b/26a66a51-8b6b-4d16-bfe2-70005f57e7e5_969804776.jpeg?h=225&w=225
311686075,Creme Of Nature Argan Oil Moisture & Shine Shampoo 354Ml,https://www.tesco.com/groceries/en-GB/shop/health-and-beauty/all?department=Shampoo&viewAll=department&page=,£5.50,£1.56/100ml,,,/groceries/en-GB/products/311686075,https://digitalcontent.api.tesco.com/v2/media/ghs/d0c3d6fd-201d-44d0-8b0c-7d23c8b0c9d8/092fd9bc-d853-43a1-b499-0b0666ca7405_876995488.jpeg?h=225&w=225
309494195,Pantene De-Frizz & Illuminate Shampoo 250Ml,https://www.tesco.com/groceries/en-GB/shop/health-and-beauty/all?department=Shampoo&viewAll=department&page=,£8.00,£3.20/100ml,£4.00 Clubcard Price,,/groceries/en-GB/products/309494195,https://digitalcontent.api.tesco.com/v2/media/ghs/d02a9322-c4e4-47fe-afc7-74c4da21c100/ef02e217-e31d-4b17-9261-934908a72a72_612358493.jpeg?h=225&w=225
309198586,Garnier Ultimate Blends Honey Treasures Shampoo Bar 60G,https://www.tesco.com/groceries/en-GB/shop/health-and-beauty/all?department=Shampoo&viewAll=department&page=,£6.00,£10.00/100g,£4.00 Clubcard Price,,/groceries/en-GB/products/309198586,https://digitalcontent.api.tesco.com/v2/media/ghs/5af687d7-065d-4f43-933c-e3520f9b1678/1f046329-e480-46bb-9b08-9abf957eef97_363889186.jpeg?h=225&w=225
309187271,Garnier Ultimate Blends Coconut Aloe Vera Shampoo Bar 60G,https://www.tesco.com/groceries/en-GB/shop/health-and-beauty/all?department=Shampoo&viewAll=department&page=,£6.00,£10.00/100g,£4.00 Clubcard Price,,/groceries/en-GB/products/309187271,https://digitalcontent.api.tesco.com/v2/media/ghs/53c1c5ed-51ed-49d4-bfa7-b674a25dc632/aca2b460-587e-4ff6-9724-b19d01134198_2130239628.jpeg?h=225&w=225
299279720,Jf Radiant Red Red Boosting Shampoo 250Ml,https://www.tesco.com/groceries/en-GB/shop/health-and-beauty/all?department=Shampoo&viewAll=department&page=,£6.00,£2.40/100ml,£4.00 Clubcard Price,,/groceries/en-GB/products/299279720,https://digitalcontent.api.tesco.com/v2/media/ghs/a2886e8a-903c-4abb-a050-5f57bd59e101/9670c8d9-d45f-41e6-ac74-948f83a3b2f2_337619543.jpeg?h=225&w=225
312090000,Good Gracious Smooth Hydrateshea Butter Shampoo 400Ml,https://www.tesco.com/groceries/en-GB/shop/health-and-beauty/all?department=Shampoo&viewAll=department&page=,£5.00,£1.25/100ml,£3.75 Clubcard Price,,/groceries/en-GB/products/312090000,https://digitalcontent.api.tesco.com/v2/media/ghs/efde24a4-68a4-4e1d-9e09-1e6782b416d8/82816406-b4b9-4f7b-a7cc-633ce4d221b7_273310942.jpeg?h=225&w=225
311957348,Good Gracious Intense Repairargan Oil Shampoo 400Ml,https://www.tesco.com/groceries/en-GB/shop/health-and-beauty/all?department=Shampoo&viewAll=department&page=,£5.00,£1.25/100ml,£3.75 Clubcard Price,,/groceries/en-GB/products/311957348,https://digitalcontent.api.tesco.com/v2/media/ghs/14ba58d0-c2ba-48b0-a87e-3e2868ce267e/340a2d2c-ef1c-44dc-8d1c-a71d501c96a9_1609623208.jpeg?h=225&w=225
312228409,Good Gracious Colour Care Shampoo 400Ml,https://www.tesco.com/groceries/en-GB/shop/health-and-beauty/all?department=Shampoo&viewAll=department&page=,£5.00,£1.25/100ml,£3.75 Clubcard Price,,/groceries/en-GB/products/312228409,https://digitalcontent.api.tesco.com/v2/media/ghs/99e96e15-66d3-4b47-bf36-b6edf75c72fb/c1565ebd-23ba-4451-a8be-f5ea4cb859be_1515821133.jpeg?h=225&w=225
310692092,Garnier Ultimate Blends Hair Food Cocoa Butter Shampoo 350Ml,https://www.tesco.com/groceries/en-GB/shop/health-and-beauty/all?department=Shampoo&viewAll=department&page=,£5.00,£1.43/100ml,,,/groceries/en-GB/products/310692092,https://digitalcontent.api.tesco.com/v2/media/ghs/ee354f4a-5d0e-4591-8bc5-63fcc3f02aac/eafeed16-6969-41e0-a926-2e4ae2c61ec2_988170864.jpeg?h=225&w=225
311230880,Palmer's Olive Oil Shine Therapy Shampoo 400Ml,https://www.tesco.com/groceries/en-GB/shop/health-and-beauty/all?department=Shampoo&viewAll=department&page=,£4.00,£1.00/100ml,,,/groceries/en-GB/products/311230880,https://digitalcontent.api.tesco.com/v2/media/ghs/6e21bd4f-6787-4424-aea5-e5ec683531cf/af5ceef2-7c3c-42dc-a5bc-05b33c50ffaf_679268619.jpeg?h=225&w=225
310091814,Palmer's Coconut Oil Moisture Boost Shampoo 400Ml,https://www.tesco.com/groceries/en-GB/shop/health-and-beauty/all?department=Shampoo&viewAll=department&page=,£4.00,£1.00/100ml,,,/groceries/en-GB/products/310091814,https://digitalcontent.api.tesco.com/v2/media/ghs/f123cbcb-2d69-4d8a-8c78-05576bd7a19f/f4322394-35db-4332-acd3-6911777c4131_1941889776.jpeg?h=225&w=225
268745451,Vatika Egg Protein Shampoo200ml,https://www.tesco.com/groceries/en-GB/shop/health-and-beauty/all?department=Shampoo&viewAll=department&page=,£3.00,£1.50/100ml,,,/groceries/en-GB/products/268745451,https://digitalcontent.api.tesco.com/v2/media/ghs/64557bcd-3626-4f14-831f-f80a1413333f/d40e9cd1-62dc-40c0-8af2-cc49a3bf85cd_429097273.jpeg?h=225&w=225
309165936,Pantene Repair & Protect Shampoo Refill Pouch 480Ml,https://www.tesco.com/groceries/en-GB/shop/health-and-beauty/all?department=Shampoo&viewAll=department&page=,£4.20,£0.88/100ml,,,/groceries/en-GB/products/309165936,https://digitalcontent.api.tesco.com/v2/media/ghs/e7ea1bc6-497a-4363-91e2-3eb436bbf936/70184aae-23d8-425d-bfa6-58ba248e8ae6_600318372.jpeg?h=225&w=225
268745422,Vatika Refresh Lemon Antidandruff Shampoo 200Ml,https://www.tesco.com/groceries/en-GB/shop/health-and-beauty/all?department=Shampoo&viewAll=department&page=,£3.00,£1.50/100ml,,,/groceries/en-GB/products/268745422,https://digitalcontent.api.tesco.com/v2/media/ghs/e145f117-e509-4c9e-a05a-5a0cdf31d31e/179535cd-c8ee-40b1-81f5-dd750196de24_1398751039.jpeg?h=225&w=225
309464507,Schwarzkopf Live Silver Shampoo 200Ml,https://www.tesco.com/groceries/en-GB/shop/health-and-beauty/all?department=Shampoo&viewAll=department&page=,£3.00,£1.50/100ml,,,/groceries/en-GB/products/309464507,https://digitalcontent.api.tesco.com/v2/media/ghs/caa52137-2305-4e95-bc4e-e73c5041e83b/20bfd3cb-8e2d-495d-876f-f723266f3567_1034464130.jpeg?h=225&w=225
309196703,Alberto Balsam Raspberry Shampoo Bar 75G,https://www.tesco.com/groceries/en-GB/shop/health-and-beauty/all?department=Shampoo&viewAll=department&page=,£2.50,£3.34/100g,,,/groceries/en-GB/products/309196703,https://digitalcontent.api.tesco.com/v2/media/ghs/f345d4a0-9a8a-4b36-9638-b288a553d6e8/55a5268a-9523-48fa-af0f-18e8c4bca83c_747008811.jpeg?h=225&w=225
299250332,Maui Moisture Coconut Milk Shampoo 385Ml,https://www.tesco.com/groceries/en-GB/shop/health-and-beauty/all?department=Shampoo&viewAll=department&page=,£8.50,£2.21/100ml,,,/groceries/en-GB/products/299250332,https://digitalcontent.api.tesco.com/v2/media/ghs/bfb5eee0-13cb-4ec6-b72b-2f6a60390eaf/9d5a1165-53f1-46f5-a860-02b4480de27c_727788150.jpeg?h=225&w=225
311252116,Shea Moisture Manuk Honey & Mafura Oil Shampoo 34Ml,https://www.tesco.com/groceries/en-GB/shop/health-and-beauty/all?department=Shampoo&viewAll=department&page=,£13.00,£3.39/100ml,,,/groceries/en-GB/products/311252116,https://digitalcontent.api.tesco.com/v2/media/ghs/c3637343-d893-4272-9211-d2b656595697/07e15f41-9186-4cba-9266-bddaf596f7d7_2103813326.jpeg?h=225&w=225
311675497,Shea Moisture Jamaican Black Castor Oil Shampoo 473Ml,https://www.tesco.com/groceries/en-GB/shop/health-and-beauty/all?department=Shampoo&viewAll=department&page=,£13.00,£2.75/100ml,,,/groceries/en-GB/products/311675497,https://digitalcontent.api.tesco.com/v2/media/ghs/448b83ce-0ca5-485a-9778-21f235303ebe/9dac885e-d1bf-4b7c-83ba-b0ae97a00fdb_369285440.jpeg?h=225&w=225
312851258,Wakati Sulfate-Free Shampoo 235Ml,https://www.tesco.com/groceries/en-GB/shop/health-and-beauty/all?department=Shampoo&viewAll=department&page=,£11.00,£4.69/100ml,,,/groceries/en-GB/products/312851258,https://digitalcontent.api.tesco.com/v2/media/ghs/34771def-7db7-4759-8e2a-3ba55b588157/e9c7c423-5245-4e89-9256-0d7fc35fa538_2005405156.jpeg?h=225&w=225
309187858,Aussie Reusable Bottle Miracle Moist Shampoo 430Ml,https://www.tesco.com/groceries/en-GB/shop/health-and-beauty/all?department=Shampoo&viewAll=department&page=,£10.00,£2.33/100ml,,,/groceries/en-GB/products/309187858,https://digitalcontent.api.tesco.com/v2/media/ghs/322cb869-16dd-489c-a36c-e438520e3304/556e20c2-7568-4a00-89a5-7861340c0f28_1889202401.jpeg?h=225&w=225
309199504,Herbal Essences Argan Oil Shampoo Reusable Bottle 430Ml,https://www.tesco.com/groceries/en-GB/shop/health-and-beauty/all?department=Shampoo&viewAll=department&page=,£10.00,£2.33/100ml,,,/groceries/en-GB/products/309199504,https://digitalcontent.api.tesco.com/v2/media/ghs/3150404c-ef1d-485b-bc01-3b2d391ac6b4/cce180b4-e122-4e48-a52b-9583b8ffe8e7_35041778.jpeg?h=225&w=225
309197161,Pantene Reusable Bottle Rep/Pro Shampoo 430Ml,https://www.tesco.com/groceries/en-GB/shop/health-and-beauty/all?department=Shampoo&viewAll=department&page=,£10.00,£2.33/100ml,,,/groceries/en-GB/products/309197161,https://digitalcontent.api.tesco.com/v2/media/ghs/ea4398e2-85c0-4e20-a055-47df3a346401/9ba8d2e6-92d4-4694-a5f8-6683544d9bbc_1220019292.jpeg?h=225&w=225
309166123,Head & Shoulders Classic Reusable Bottle Shampoo 430Ml,https://www.tesco.com/groceries/en-GB/shop/health-and-beauty/all?department=Shampoo&viewAll=department&page=,£9.00,£2.10/100ml,,,/groceries/en-GB/products/309166123,https://digitalcontent.api.tesco.com/v2/media/ghs/97ce6868-a47f-43f4-ad59-9c19eca15f22/56476940-344f-47a9-9dea-c96c8cabf082_1705436086.jpeg?h=225&w=225
309454174,Rhyme & Reason Repair & Restore Shampoo 385Ml,https://www.tesco.com/groceries/en-GB/shop/health-and-beauty/all?department=Shampoo&viewAll=department&page=,£9.00,£2.34/100ml,£6.00 Clubcard Price,,/groceries/en-GB/products/309454174,https://digitalcontent.api.tesco.com/v2/media/ghs/b938ee88-034a-4446-b3fb-4ab41cb5649f/dcfbf739-e829-4245-992b-4b362a55820c_943258512.jpeg?h=225&w=225
309748178,Rhyme & Reason Quench & Curl Shampoo 385Ml,https://www.tesco.com/groceries/en-GB/shop/health-and-beauty/all?department=Shampoo&viewAll=department&page=,£9.00,£2.34/100ml,£6.00 Clubcard Price,,/groceries/en-GB/products/309748178,https://digitalcontent.api.tesco.com/v2/media/ghs/20e50b35-c450-48c2-adfd-8932fc595bbd/9a0e100e-b0f7-4fb0-b3d5-7ac8314d4762_1987475972.jpeg?h=225&w=225
309452441,Maui Moisture Awapuhi Shampoo 385Ml,https://www.tesco.com/groceries/en-GB/shop/health-and-beauty/all?department=Shampoo&viewAll=department&page=,£8.50,£2.21/100ml,,,/groceries/en-GB/products/309452441,https://digitalcontent.api.tesco.com/v2/media/ghs/a93273d1-e8ba-46db-888d-a626c098ca19/862bddc4-82cd-4563-91e0-d0725e12c44d_105663235.jpeg?h=225&w=225
309453365,The Hair Boss The Virgin Hair Shampoo 300Ml,https://www.tesco.com/groceries/en-GB/shop/health-and-beauty/all?department=Shampoo&viewAll=department&page=,£8.00,£2.67/100ml,£6.00 Clubcard Price,,/groceries/en-GB/products/309453365,https://digitalcontent.api.tesco.com/v2/media/ghs/c235aef7-b65a-46ff-a84c-999ded7a2403/447c21e6-a2e1-42c7-badf-86628ec4ec3b_1655898944.jpeg?h=225&w=225
299250205,Maui Moisture Bamboo Shampoo 385Ml,https://www.tesco.com/groceries/en-GB/shop/health-and-beauty/all?department=Shampoo&viewAll=department&page=,£8.50,£2.21/100ml,,,/groceries/en-GB/products/299250205,https://digitalcontent.api.tesco.com/v2/media/ghs/633a3ec1-f886-4cbb-a984-6088af015589/bb547222-ea60-490f-b9a8-6022ccda76af_1666123944.jpeg?h=225&w=225
311273687,John Frieda Vibrant Shine Colour Shine Shampoo 250Ml,https://www.tesco.com/groceries/en-GB/shop/health-and-beauty/all?department=Shampoo&viewAll=department&page=,£7.00,£2.80/100ml,,,/groceries/en-GB/products/311273687,https://digitalcontent.api.tesco.com/v2/media/ghs/81209846-753d-45a6-9cf5-ebc139e57a89/71936250-665e-4d37-be73-26a90161cfa6_1005966979.jpeg?h=225&w=225
309478255,The Hair Boss The Overworked Hair Shampoo 300Ml,https://www.tesco.com/groceries/en-GB/shop/health-and-beauty/all?department=Shampoo&viewAll=department&page=,£8.00,£2.67/100ml,£6.00 Clubcard Price,,/groceries/en-GB/products/309478255,https://digitalcontent.api.tesco.com/v2/media/ghs/dedb319c-a85f-4173-8c05-c37bec2503f7/61b44bf2-1d77-43c6-a061-fd4dccf1b44c_1695872899.jpeg?h=225&w=225
309494391,The Hair Boss The Balayage Shampoo 300Ml,https://www.tesco.com/groceries/en-GB/shop/health-and-beauty/all?department=Shampoo&viewAll=department&page=,£8.00,£2.67/100ml,£6.00 Clubcard Price,,/groceries/en-GB/products/309494391,https://digitalcontent.api.tesco.com/v2/media/ghs/f1a72c09-8c26-4722-8e0b-e9e089360999/41b1d452-f4b6-4184-aae3-4e648f801119_437398937.jpeg?h=225&w=225
311253340,John Frieda Rehab & Revive Shampoo 250Ml,https://www.tesco.com/groceries/en-GB/shop/health-and-beauty/all?department=Shampoo&viewAll=department&page=,£7.00,£2.80/100ml,,,/groceries/en-GB/products/311253340,https://digitalcontent.api.tesco.com/v2/media/ghs/33c3628d-15a3-43f1-9876-858fad56323a/2d6601b6-016c-41cd-a0f5-0686567e2c8a_1256883344.jpeg?h=225&w=225
309186485,Herbal Essences Repair Shampoo Argan Oil Refill Pouch 480Ml,https://www.tesco.com/groceries/en-GB/shop/health-and-beauty/all?department=Shampoo&viewAll=department&page=,£5.65,£1.18/100ml,,,/groceries/en-GB/products/309186485,https://digitalcontent.api.tesco.com/v2/media/ghs/02124644-7dac-4f21-aa2e-9c3a88f54882/8b3e96fa-7b54-42a0-ac96-1b14460ca28f_1389032644.jpeg?h=225&w=225
311806430,Noughty To The Rescue Moisture Boos Shampoo 250Ml,https://www.tesco.com/groceries/en-GB/shop/health-and-beauty/all?department=Shampoo&viewAll=department&page=,£7.00,£2.80/100ml,,,/groceries/en-GB/products/311806430,https://digitalcontent.api.tesco.com/v2/media/ghs/639f68df-fdf4-4d24-ae1c-4654f274b3e6/snapshotimagehandler_743857725.jpeg?h=225&w=225
309764446,Bleach London Pearlescent Shampoo 250Ml,https://www.tesco.com/groceries/en-GB/shop/health-and-beauty/all?department=Shampoo&viewAll=department&page=,£6.50,£2.60/100ml,,,/groceries/en-GB/products/309764446,https://digitalcontent.api.tesco.com/v2/media/ghs/63b8e105-80aa-4aca-84cc-2f24a809eb69/52310872-0322-4bb1-8056-88c8d3f0892c_226615381.jpeg?h=225&w=225
311274919,Tresemme Shampoo Bar Nourishing Coconut 75G,https://www.tesco.com/groceries/en-GB/shop/health-and-beauty/all?department=Shampoo&viewAll=department&page=,£6.00,£8.00/100g,,,/groceries/en-GB/products/311274919,https://digitalcontent.api.tesco.com/v2/media/ghs/788dfe3c-1481-4de1-bc04-831638cf79bf/2998ac05-8b15-4858-9ca7-d043786d4530_1992342335.jpeg?h=225&w=225
312105912,Dove Shampoo Bar 75G,https://www.tesco.com/groceries/en-GB/shop/health-and-beauty/all?department=Shampoo&viewAll=department&page=,£6.00,£8.00/100g,,,/groceries/en-GB/products/312105912,https://digitalcontent.api.tesco.com/v2/media/ghs/8492e0ea-316c-4ad6-93fe-7df8a0cce708/ac1ba48b-910c-43d4-a572-54cdadf4d9f3_1063477213.jpeg?h=225&w=225
278437674,Olive Oil Creamy Aloe Shampoo 370Ml,https://www.tesco.com/groceries/en-GB/shop/health-and-beauty/all?department=Shampoo&viewAll=department&page=,£3.50,£0.95/100ml,,,/groceries/en-GB/products/278437674,https://digitalcontent.api.tesco.com/v2/media/ghs/6b5af4a0-dbdf-411a-bd02-0d68fd3c4017/96f24205-9d1f-46ba-981f-97039d28fb2c_1257500236.jpeg?h=225&w=225
312348716,Clear Classic Action Anti-Dandruff 2 In 1 250Ml,https://www.tesco.com/groceries/en-GB/shop/health-and-beauty/all?department=Shampoo&viewAll=department&page=,£2.25,£0.90/100ml,£2.00 Clubcard Price,,/groceries/en-GB/products/312348716,https://digitalcontent.api.tesco.com/v2/media/ghs-mktg/b0b04216-fa73-466d-a9d7-c9fcfa1ce9b3/no-image.jpeg
282049344,Aussie Miracle Hair Insurance 250Ml,https://www.tesco.com/groceries/en-GB/shop/health-and-beauty/all?department=Conditioner&viewAll=department&page=,£5.00,£2.00/100ml,Any 3 for £10 Clubcard Price - Selected Aussie Haircare Products 200ml - 300ml,,/groceries/en-GB/products/282049344,https://digitalcontent.api.tesco.com/v2/media/ghs/959c519e-e075-419a-8502-c28e1ecb28e3/da278155-fcf7-4100-b83d-3c237369f70e_1714186164.jpeg?h=225&w=225
309205441,Herbal Essences Bio Renew Argan Repair Hair Conditioner 275Ml,https://www.tesco.com/groceries/en-GB/shop/health-and-beauty/all?department=Conditioner&viewAll=department&page=,£4.50,£1.64/100ml,Any 2 for £6 Clubcard Price - Selected Herbal Essences Shampoo Or Conditioner 275ml - 400ml,,/groceries/en-GB/products/309205441,https://digitalcontent.api.tesco.com/v2/media/ghs/609e7be6-1ceb-4c76-9003-8eff778b85c4/6fb4bbe4-068c-4a2a-8fae-f8ac52c58ba9_1213421095.jpeg?h=225&w=225
308459562,Aussie Miracle Moist Conditioner 200Ml,https://www.tesco.com/groceries/en-GB/shop/health-and-beauty/all?department=Conditioner&viewAll=department&page=,£4.50,£2.25/100ml,Any 3 for £10 Clubcard Price - Selected Aussie Haircare Products 200ml - 300ml,,/groceries/en-GB/products/308459562,https://digitalcontent.api.tesco.com/v2/media/ghs/faa12e7d-a130-4ce7-b6af-0136124587d2/b05d2156-31cb-4d72-b8c8-bd34eba0f3c9_537445226.jpeg?h=225&w=225
308465329,Aussie Mega Conditioner 200Ml,https://www.tesco.com/groceries/en-GB/shop/health-and-beauty/all?department=Conditioner&viewAll=department&page=,£4.50,£2.25/100ml,Any 3 for £10 Clubcard Price - Selected Aussie Haircare Products 200ml - 300ml,,/groceries/en-GB/products/308465329,https://digitalcontent.api.tesco.com/v2/media/ghs/6b0e82d1-0d61-4335-96c7-b9ec030196f5/f3dc3ded-cb4d-49a5-b6ce-1bfe96af6de5_1841294978.jpeg?h=225&w=225
303606990,Head & Shoulders Smooth & Silky Conditioner 275Ml,https://www.tesco.com/groceries/en-GB/shop/health-and-beauty/all?department=Conditioner&viewAll=department&page=,£5.00,£1.82/100ml,Any 3 for £10 Clubcard Price - Selected Head & Shoulders Haircare Products 275ml - 400ml,,/groceries/en-GB/products/303606990,https://digitalcontent.api.tesco.com/v2/media/ghs/95b72d45-2d0e-4c7e-a68c-c32d0d43f19f/4b298c0d-1aba-4a5a-a9c8-70dfc5488e7f_1883244667.jpeg?h=225&w=225
275969826,Ogx Moroccan Argan Oil Conditioner 385Ml,https://www.tesco.com/groceries/en-GB/shop/health-and-beauty/all?department=Conditioner&viewAll=department&page=,£7.00,£1.82/100ml,£3.45 Clubcard Price,,/groceries/en-GB/products/275969826,https://digitalcontent.api.tesco.com/v2/media/ghs/24acae27-b148-4a47-a23e-d97eef4664b5/19fb86e4-00b8-412b-803e-b36ffb10b2af_955064592.jpeg?h=225&w=225
266527718,"Badedas Revitalising Shower Gel , Shampoo & Conditioner 200Ml",https://www.tesco.com/groceries/en-GB/shop/health-and-beauty/all?department=Conditioner&viewAll=department&page=,£2.50,£1.25/100ml,,,/groceries/en-GB/products/266527718,https://digitalcontent.api.tesco.com/v2/media/ghs/359cfc0e-0b51-45af-9daa-37f64228252c/5b6da036-45ce-4b9c-b47c-3028d9145c07_799114692.jpeg?h=225&w=225
299038538,Head & Shoulders Supreme Moisture Conditioner 275Ml,https://www.tesco.com/groceries/en-GB/shop/health-and-beauty/all?department=Conditioner&viewAll=department&page=,£5.00,£1.82/100ml,Any 3 for £10 Clubcard Price - Selected Head & Shoulders Haircare Products 275ml - 400ml,,/groceries/en-GB/products/299038538,https://digitalcontent.api.tesco.com/v2/media/ghs/4f112b10-f734-4bf5-9a8d-31a3086b5a3a/856aebcb-1319-4774-a796-ff6cdae9efb6_761462746.jpeg?h=225&w=225
299269253,L'oreal Elvive Dream Lengths Hair Conditioner 300Ml,https://www.tesco.com/groceries/en-GB/shop/health-and-beauty/all?department=Conditioner&viewAll=department&page=,£4.50,£1.50/100ml,,,/groceries/en-GB/products/299269253,https://digitalcontent.api.tesco.com/v2/media/ghs/16e4b0b3-aa5a-4303-b958-2b3655e4e902/ded7da6e-4b97-40c1-b3ea-7f665c72d79d_1435468737.jpeg?h=225&w=225
299269063,L'oreal Elvive Coloured Protection Hair Conditioner 300Ml,https://www.tesco.com/groceries/en-GB/shop/health-and-beauty/all?department=Conditioner&viewAll=department&page=,£4.50,£1.50/100ml,,,/groceries/en-GB/products/299269063,https://digitalcontent.api.tesco.com/v2/media/ghs/e15437ea-29f4-4d79-8d09-1ed329e8e101/4d5d327f-b790-40b7-9a96-bd850097811f_1505744673.jpeg?h=225&w=225
262737276,Tresemme Moisture Rich Luxurious Conditioner 500Ml,https://www.tesco.com/groceries/en-GB/shop/health-and-beauty/all?department=Conditioner&viewAll=department&page=,£2.20,£0.44/100ml,,,/groceries/en-GB/products/262737276,https://digitalcontent.api.tesco.com/v2/media/ghs/73fc24eb-5b38-4c94-9226-14584cbd7fb1/26bdfc8f-f3e3-470d-bf61-e8ac5df17646_657078486.jpeg?h=225&w=225
310178160,Tresemme Nourish Coconut Conditioner 900Ml,https://www.tesco.com/groceries/en-GB/shop/health-and-beauty/all?department=Conditioner&viewAll=department&page=,£2.99,£0.33/100ml,,,/groceries/en-GB/products/310178160,https://digitalcontent.api.tesco.com/v2/media/ghs/9e9a7e81-e95c-476b-bab7-275ababf8ff9/2a9720b0-969b-4c0a-9221-fd333b4ae346_1650914969.jpeg?h=225&w=225
262504619,Tresemme Smooth Salon Silk Conditioner 900Ml,https://www.tesco.com/groceries/en-GB/shop/health-and-beauty/all?department=Conditioner&viewAll=department&page=,£2.99,£0.33/100ml,,,/groceries/en-GB/products/262504619,https://digitalcontent.api.tesco.com/v2/media/ghs/ee28e6ad-5bde-4f24-98a0-a917a1c34ff9/bad93f03-6fbb-4406-8bab-4a5e53814163_2095836438.jpeg?h=225&w=225
262504199,Tresemme Colour Revitalise Conditioner 900Ml,https://www.tesco.com/groceries/en-GB/shop/health-and-beauty/all?department=Conditioner&viewAll=department&page=,£2.99,£0.33/100ml,,,/groceries/en-GB/products/262504199,https://digitalcontent.api.tesco.com/v2/media/ghs/dd775ee9-90c7-4d94-a3b2-95aad5651808/31a83532-bbf5-45ee-871a-e1e2dc47b76e_628884949.jpeg?h=225&w=225
262504562,Tresemme Rich Luxuries Moisture Conditioner900ml,https://www.tesco.com/groceries/en-GB/shop/health-and-beauty/all?department=Conditioner&viewAll=department&page=,£2.99,£0.33/100ml,Aldi Price Match,,/groceries/en-GB/products/262504562,https://digitalcontent.api.tesco.com/v2/media/ghs/2443732a-241b-4f8a-9611-6e219e2cd1b6/e76c9fd1-4d59-4145-bf39-b8eea86f7eb8_974333433.jpeg?h=225&w=225
268420606,Tresemme 2 In 1 Shampoo & Conditioner 900Ml,https://www.tesco.com/groceries/en-GB/shop/health-and-beauty/all?department=Conditioner&viewAll=department&page=,£2.99,£0.33/100ml,,,/groceries/en-GB/products/268420606,https://digitalcontent.api.tesco.com/v2/media/ghs/0344cbec-9c5d-4bfd-a6f3-228ef05e5bc9/dea82942-7093-4812-9a5a-b67e0bf00b50_1794839174.jpeg?h=225&w=225
305048638,Pantene Pro-V Miracles Grow Strong Conditioner 275Ml,https://www.tesco.com/groceries/en-GB/shop/health-and-beauty/all?department=Conditioner&viewAll=department&page=,£5.00,£1.82/100ml,£2.50 Clubcard Price,,/groceries/en-GB/products/305048638,https://digitalcontent.api.tesco.com/v2/media/ghs/26e44b4e-9d8f-4303-9b57-c132fdf96f12/f1ff3f52-8dc2-4812-8db2-0c71ba7fa581_77856066.jpeg?h=225&w=225
259437927,Vosene Kids 3In1 Shampoo & Conditioner 250Ml,https://www.tesco.com/groceries/en-GB/shop/health-and-beauty/all?department=Conditioner&viewAll=department&page=,£2.00,£0.80/100ml,,,/groceries/en-GB/products/259437927,https://digitalcontent.api.tesco.com/v2/media/ghs/66003c07-38db-45d9-a378-482f3c51ff2c/952c93f0-744e-407a-a2c1-a1826245b71b_27213804.jpeg?h=225&w=225
307343717,Pantene Pro-V Miracle Lift 'N' Volume Conditioner 275Ml,https://www.tesco.com/groceries/en-GB/shop/health-and-beauty/all?department=Conditioner&viewAll=department&page=,£5.00,£1.82/100ml,£2.50 Clubcard Price,,/groceries/en-GB/products/307343717,https://digitalcontent.api.tesco.com/v2/media/ghs/723f905a-6041-47d8-9d7a-3170820f9495/9466df91-1451-4f4a-a8f6-4dca72e08119_1408780092.jpeg?h=225&w=225
308825682,Pantene Pro-V Silky & Glowing Conditioner 275Ml,https://www.tesco.com/groceries/en-GB/shop/health-and-beauty/all?department=Conditioner&viewAll=department&page=,£5.00,£1.82/100ml,£2.50 Clubcard Price,,/groceries/en-GB/products/308825682,https://digitalcontent.api.tesco.com/v2/media/ghs/f8a57525-4a32-46d3-906e-1398ecf74136/c755384c-47d8-4c3a-ac91-29ee5a34191f_1361316234.jpeg?h=225&w=225
311215607,L'oreal Paris Elvive Hydrating Hyaluronic Conditioner 300Ml,https://www.tesco.com/groceries/en-GB/shop/health-and-beauty/all?department=Conditioner&viewAll=department&page=,£4.80,£16.00/litre,,,/groceries/en-GB/products/311215607,https://digitalcontent.api.tesco.com/v2/media/ghs/dfe444d5-2056-434f-ae08-63d1a24e5b3f/c441c9fa-dfc4-4fec-ae23-fb560b2642eb_1392911026.jpeg?h=225&w=225
311672696,Pantene Smooth & Sleek Conditioner 250Ml,https://www.tesco.com/groceries/en-GB/shop/health-and-beauty/all?department=Conditioner&viewAll=department&page=,£2.00,£0.80/100ml,,,/groceries/en-GB/products/311672696,https://digitalcontent.api.tesco.com/v2/media/ghs/4e555696-4435-492c-ae42-2363af27622c/3a609eea-087c-490f-b90a-d15c1089a399_328747198.jpeg?h=225&w=225
311430107,Pantene Repair & Protect Conditioner 250Ml,https://www.tesco.com/groceries/en-GB/shop/health-and-beauty/all?department=Conditioner&viewAll=department&page=,£2.00,£0.80/100ml,,,/groceries/en-GB/products/311430107,https://digitalcontent.api.tesco.com/v2/media/ghs/e55fb008-4ac7-4fa8-98cd-c8369ce7c812/13a551e6-edf7-419f-9126-e3cedc14ba52_1373727510.jpeg?h=225&w=225
257204279,L'oreal Kids Berry Strawberry Conditioner 250Ml,https://www.tesco.com/groceries/en-GB/shop/health-and-beauty/all?department=Conditioner&viewAll=department&page=,£2.40,£0.96/100ml,,,/groceries/en-GB/products/257204279,https://digitalcontent.api.tesco.com/v2/media/ghs/091fef0f-afae-4236-9460-66fe72800181/e018ab84-a6ce-4e3d-b677-7c1c1429d368_102592598.jpeg?h=225&w=225
309191651,Herbal Essences Bio Renew Argan Oil Repair Conditioner 180Ml,https://www.tesco.com/groceries/en-GB/shop/health-and-beauty/all?department=Conditioner&viewAll=department&page=,£3.00,£1.67/100ml,£2.00 Clubcard Price,,/groceries/en-GB/products/309191651,https://digitalcontent.api.tesco.com/v2/media/ghs/58c66ff3-c20e-4699-b401-dad346033cf9/06029ea7-58b4-4938-99f3-110ece8129fa_21015622.jpeg?h=225&w=225
257204158,L'oreal Kids Tropical Mango Shampoo 250Ml,https://www.tesco.com/groceries/en-GB/shop/health-and-beauty/all?department=Conditioner&viewAll=department&page=,£2.40,£0.96/100ml,,,/groceries/en-GB/products/257204158,https://digitalcontent.api.tesco.com/v2/media/ghs/919d983b-ffcb-4ae8-b2af-c8b35f17663b/cb7bcc44-ac00-4c09-b17a-11599a806fce_601825155.jpeg?h=225&w=225
311202165,L'oreal Elvive Extraordinary Oil Conditioner 200Ml,https://www.tesco.com/groceries/en-GB/shop/health-and-beauty/all?department=Conditioner&viewAll=department&page=,£2.00,£1.00/100ml,,,/groceries/en-GB/products/311202165,https://digitalcontent.api.tesco.com/v2/media/ghs/5f2f57e0-583a-464e-886f-87db008dd316/1ea74095-bec0-44d1-9c26-3f917222cb2a_1524927670.jpeg?h=225&w=225
311687961,L'oreal Elvive Dream Lengths Conditioner 200Ml,https://www.tesco.com/groceries/en-GB/shop/health-and-beauty/all?department=Conditioner&viewAll=department&page=,£2.00,£1.00/100ml,,,/groceries/en-GB/products/311687961,https://digitalcontent.api.tesco.com/v2/media/ghs/5f5e16b8-43c6-4bd8-bab0-343121b2db89/d0863e18-72c8-4e4c-9e37-2c904be44005_1466136399.jpeg?h=225&w=225
311955857,L'oreal Elvive Fibrology Conditioner 200Ml,https://www.tesco.com/groceries/en-GB/shop/health-and-beauty/all?department=Conditioner&viewAll=department&page=,£2.00,£1.00/100ml,,,/groceries/en-GB/products/311955857,https://digitalcontent.api.tesco.com/v2/media/ghs/914942ad-dae6-4bf0-bc3a-ef984044df1b/07d2af7d-4ebd-4930-950c-b34f2d025ac4_1813983317.jpeg?h=225&w=225
312096414,L'oreal Elvive Colour Protect Conditioner 200Ml,https://www.tesco.com/groceries/en-GB/shop/health-and-beauty/all?department=Conditioner&viewAll=department&page=,£2.00,£0.10/10ml,,,/groceries/en-GB/products/312096414,https://digitalcontent.api.tesco.com/v2/media/ghs/5609c550-37d1-4c9a-9416-4e1e65295e27/d6118ced-a33e-4164-a5d7-78be21e018d8_2062605279.jpeg?h=225&w=225
264309462,Herbal Essences Conditioner Ignite My Colour 400Ml,https://www.tesco.com/groceries/en-GB/shop/health-and-beauty/all?department=Conditioner&viewAll=department&page=,£1.95,£0.49/100ml,,,/groceries/en-GB/products/264309462,https://digitalcontent.api.tesco.com/v2/media/ghs/a8114d90-2ee7-43a8-a5da-e89c43bbe308/a0ebbffb-3b2b-422c-984c-0bda5775f6a2_437725396.jpeg?h=225&w=225
264307493,Herbal Essences Conditioner Dazzling Shine 400Ml,https://www.tesco.com/groceries/en-GB/shop/health-and-beauty/all?department=Conditioner&viewAll=department&page=,£1.95,£0.49/100ml,,,/groceries/en-GB/products/264307493,https://digitalcontent.api.tesco.com/v2/media/ghs/cfe01c00-0b9f-4dea-9c22-6a6f60e931c7/a6a79040-fa30-4430-b6b6-cf33ac84aeb6_1689413172.jpeg?h=225&w=225
284755098,Herbal Essences Clearly Naked Shine Conditioner 400Ml,https://www.tesco.com/groceries/en-GB/shop/health-and-beauty/all?department=Conditioner&viewAll=department&page=,£1.95,£0.49/100ml,,,/groceries/en-GB/products/284755098,https://digitalcontent.api.tesco.com/v2/media/ghs/6d75df73-966c-4685-b06c-0af34ebdc6ec/4303cd7e-4809-4356-b06b-1da7a1be025e_1465086874.jpeg?h=225&w=225
291196057,Alberto Balsam Coconut & Lychee Conditioner 350Ml,https://www.tesco.com/groceries/en-GB/shop/health-and-beauty/all?department=Conditioner&viewAll=department&page=,£0.95,£0.27/100ml,Any 2 for £1.80 Clubcard Price - Selected Alberto Balsam Shampoo Or Conditioner 350ml,,/groceries/en-GB/products/291196057,https://digitalcontent.api.tesco.com/v2/media/ghs/29437ce3-97e0-49d5-8abb-aa44bd1bbf2d/e45132dd-9047-470e-a2cf-3e36247342ca_1506232303.jpeg?h=225&w=225
291195922,Alberto Balsam Green Apple Conditioner 350Ml,https://www.tesco.com/groceries/en-GB/shop/health-and-beauty/all?department=Conditioner&viewAll=department&page=,£0.95,£0.27/100ml,Any 2 for £1.80 Clubcard Price - Selected Alberto Balsam Shampoo Or Conditioner 350ml,,/groceries/en-GB/products/291195922,https://digitalcontent.api.tesco.com/v2/media/ghs/853fab1d-be6c-49a9-bbdb-a5a81bc96452/710defff-0366-472d-9162-e3c5ad7a088d_588615780.jpeg?h=225&w=225
299159965,Dove Daily Moisture Light Conditioner 350Ml,https://www.tesco.com/groceries/en-GB/shop/health-and-beauty/all?department=Conditioner&viewAll=department&page=,£2.00,£0.57/100ml,,,/groceries/en-GB/products/299159965,https://digitalcontent.api.tesco.com/v2/media/ghs/2ab761dd-8f8b-45fe-bf25-baabde208a99/cc106ca0-ee6a-475d-825b-90c3a4b7b571_675330466.jpeg?h=225&w=225
291195997,Alberto Balsam Raspberry Conditioner 350Ml,https://www.tesco.com/groceries/en-GB/shop/health-and-beauty/all?department=Conditioner&viewAll=department&page=,£0.95,£0.27/100ml,Any 2 for £1.80 Clubcard Price - Selected Alberto Balsam Shampoo Or Conditioner 350ml,,/groceries/en-GB/products/291195997,https://digitalcontent.api.tesco.com/v2/media/ghs/e81f99a0-16a7-4d35-907c-e658f491e080/afb0e968-db3f-4972-9312-89b25ce888ec_1997892589.jpeg?h=225&w=225
291195853,Alberto Balsam Tea Tree Tingle Conditioner 350Ml,https://www.tesco.com/groceries/en-GB/shop/health-and-beauty/all?department=Conditioner&viewAll=department&page=,£0.95,£0.27/100ml,Any 2 for £1.80 Clubcard Price - Selected Alberto Balsam Shampoo Or Conditioner 350ml,,/groceries/en-GB/products/291195853,https://digitalcontent.api.tesco.com/v2/media/ghs/0f8fc165-f264-4d59-a0d9-2cb3e71774f0/eef97811-70e8-4fbb-945b-d1eeec8d2305_1621036123.jpeg?h=225&w=225
284683827,Dove Daily Moisture 2 In 1 Shampoo & Conditioner 400Ml,https://www.tesco.com/groceries/en-GB/shop/health-and-beauty/all?department=Conditioner&viewAll=department&page=,£2.00,£0.50/100ml,,,/groceries/en-GB/products/284683827,https://digitalcontent.api.tesco.com/v2/media/ghs/19fceade-7668-47c5-9cc7-569f0c4c47a8/b4fb3797-2dc6-4578-b8f1-7355d7614780_2113364747.jpeg?h=225&w=225
284684072,Dove Intensive Repair Conditioner 350Ml,https://www.tesco.com/groceries/en-GB/shop/health-and-beauty/all?department=Conditioner&viewAll=department&page=,£2.00,£0.57/100ml,,,/groceries/en-GB/products/284684072,https://digitalcontent.api.tesco.com/v2/media/ghs/8ad4f829-9c40-4b47-a3e7-9bcde2c51b9c/a61ff77e-5422-4166-8343-d51833bb0767_1088258211.jpeg?h=225&w=225
276116625,Tesco Kids Apple & Melon 2 In 1 Shampoo 250Ml,https://www.tesco.com/groceries/en-GB/shop/health-and-beauty/all?department=Conditioner&viewAll=department&page=,£1.05,£0.42/100ml,,,/groceries/en-GB/products/276116625,https://digitalcontent.api.tesco.com/v2/media/ghs/d2ac5a03-00cc-4270-87ab-76e3fc3a9ce7/44a4b5a6-2555-4284-a9ed-d3b6ec883466_271999521.jpeg?h=225&w=225
276116723,Tesco Kids Strawberry 2 In 1 Shampoo 250Ml,https://www.tesco.com/groceries/en-GB/shop/health-and-beauty/all?department=Conditioner&viewAll=department&page=,£1.05,£0.42/100ml,,,/groceries/en-GB/products/276116723,https://digitalcontent.api.tesco.com/v2/media/ghs/69abce45-33b1-4e30-8590-7aa6e0b121f5/135c90e0-9edd-45a7-825e-320b4bdc2564_249834157.jpeg?h=225&w=225
301066087,Tesco Anti-Dan Mint & Tea Tree Shampoo & Conditioner 300 Ml,https://www.tesco.com/groceries/en-GB/shop/health-and-beauty/all?department=Conditioner&viewAll=department&page=,£1.10,£0.37/100ml,,,/groceries/en-GB/products/301066087,https://digitalcontent.api.tesco.com/v2/media/ghs/e0b7d15b-e06d-4c29-a7fb-5c695a0ad560/2a14543c-5877-42d1-8e95-7bd4895f3431_268874639.jpeg?h=225&w=225
276036679,Wash & Go 2 In 1 Universal Shampoo Conditioner 200Ml,https://www.tesco.com/groceries/en-GB/shop/health-and-beauty/all?department=Conditioner&viewAll=department&page=,£1.00,£0.50/100ml,,,/groceries/en-GB/products/276036679,https://digitalcontent.api.tesco.com/v2/media/ghs/5abd45ff-f2cd-43e5-8088-bb4af901a855/f63ac705-fbcb-419c-8fa7-d85708ed393d_1284620469.jpeg?h=225&w=225
301281436,Tesco Extracts Coconut Conditioner 500Ml,https://www.tesco.com/groceries/en-GB/shop/health-and-beauty/all?department=Conditioner&viewAll=department&page=,£0.75,£0.15/100ml,,,/groceries/en-GB/products/301281436,https://digitalcontent.api.tesco.com/v2/media/ghs/5e78ab24-b265-4d89-8fb5-2cf775dd6647/d86d3f4d-c493-40ef-8dca-9a9d01299bd4_681866086.jpeg?h=225&w=225
301281350,Tesco Extracts Apple Conditioner 500Ml,https://www.tesco.com/groceries/en-GB/shop/health-and-beauty/all?department=Conditioner&viewAll=department&page=,£0.75,£0.15/100ml,,,/groceries/en-GB/products/301281350,https://digitalcontent.api.tesco.com/v2/media/ghs/2e92fcd7-b7a6-46d5-b160-34023e823294/ba217ac9-4b65-4eea-b18c-9db87a96a8f6_859816067.jpeg?h=225&w=225
301281396,Tesco Extracts Tropical Conditioner 500Ml,https://www.tesco.com/groceries/en-GB/shop/health-and-beauty/all?department=Conditioner&viewAll=department&page=,£0.75,£0.15/100ml,,,/groceries/en-GB/products/301281396,https://digitalcontent.api.tesco.com/v2/media/ghs/78a5c0b9-09fe-4f45-91ef-43f4ec12f137/a5c30ae8-e8ea-49f7-afec-0cfcf8e60d3e_1992709975.jpeg?h=225&w=225
312347562,Aussie Sos Hair Aid Gift Set,https://www.tesco.com/groceries/en-GB/shop/health-and-beauty/all?department=Conditioner&viewAll=department&page=,£28.00,£28.00/each,£14.00 Clubcard Price,,/groceries/en-GB/products/312347562,https://digitalcontent.api.tesco.com/v2/media/ghs/db076b99-2603-4441-917b-0a6924963635/809c649e-0a7e-424e-ba40-c2fa26b92910_1693160752.jpeg?h=225&w=225
259076288,John Frieda Frizz Ease Straight Ahead Conditioner 250Ml,https://www.tesco.com/groceries/en-GB/shop/health-and-beauty/all?department=Conditioner&viewAll=department&page=,£7.00,£2.80/100ml,Any 2 for £9 Clubcard Price - Selected John Frieda Haircare Products,,/groceries/en-GB/products/259076288,https://digitalcontent.api.tesco.com/v2/media/ghs/31165209-c779-4cf1-8337-2ca0b331a7f7/84646ffe-51bf-4d02-af18-bf5dc2aacede_1949440235.jpeg?h=225&w=225
263838476,John Frieda Luxurious Volume Thick Conditioner 250Ml,https://www.tesco.com/groceries/en-GB/shop/health-and-beauty/all?department=Conditioner&viewAll=department&page=,£6.00,£2.40/100ml,Any 2 for £9 Clubcard Price - Selected John Frieda Haircare Products,,/groceries/en-GB/products/263838476,https://digitalcontent.api.tesco.com/v2/media/ghs/41617b75-b81f-45e5-acab-68c5c958c998/2dafc7bb-5327-44b2-8eb9-def1271006a4_1818485894.jpeg?h=225&w=225
271447742,John Frieda Frizz Ease Curl Around Conditioner 250Ml,https://www.tesco.com/groceries/en-GB/shop/health-and-beauty/all?department=Conditioner&viewAll=department&page=,£7.00,£2.80/100ml,Any 2 for £9 Clubcard Price - Selected John Frieda Haircare Products,,/groceries/en-GB/products/271447742,https://digitalcontent.api.tesco.com/v2/media/ghs/eaadd457-9c4d-4a6c-b416-cbefb996eba2/35afe2ab-9d55-4498-a07a-5005b5d13e8b_433916152.jpeg?h=225&w=225
309196611,Aussie Miracle Moist Hair Conditioner Dry Hair 350Ml,https://www.tesco.com/groceries/en-GB/shop/health-and-beauty/all?department=Conditioner&viewAll=department&page=,£6.00,£1.72/100ml,£4.50 Clubcard Price,,/groceries/en-GB/products/309196611,https://digitalcontent.api.tesco.com/v2/media/ghs/eff8d3a4-4a87-48ed-a87c-fbdb9b297b4f/ad9e27bd-30ec-40ba-b035-be0c546df998_76442783.jpeg?h=225&w=225
309172927,Aussie Mega Conditioner 350Ml,https://www.tesco.com/groceries/en-GB/shop/health-and-beauty/all?department=Conditioner&viewAll=department&page=,£6.00,£1.72/100ml,£4.50 Clubcard Price,,/groceries/en-GB/products/309172927,https://digitalcontent.api.tesco.com/v2/media/ghs/07b02f86-d164-4808-8ca9-ec26fd2b1afe/d949ff5e-db9d-4b73-9c81-dcbdf2a89829_500050637.jpeg?h=225&w=225
310673909,Tresemme Keratin Smooth Conditioner 440Ml,https://www.tesco.com/groceries/en-GB/shop/health-and-beauty/all?department=Conditioner&viewAll=department&page=,£3.00,£0.68/100ml,,,/groceries/en-GB/products/310673909,https://digitalcontent.api.tesco.com/v2/media/ghs/af46dcda-616f-4e09-be4d-727f88358285/5b9ba8b7-83f3-4355-b00f-a034af8ff946_286161557.jpeg?h=225&w=225
287005204,John Frieda Frizz Ease Miracle Recovery Conditioner 250Ml,https://www.tesco.com/groceries/en-GB/shop/health-and-beauty/all?department=Conditioner&viewAll=department&page=,£7.00,£2.80/100ml,Any 2 for £9 Clubcard Price - Selected John Frieda Haircare Products,,/groceries/en-GB/products/287005204,https://digitalcontent.api.tesco.com/v2/media/ghs/4acf0d1d-1fd6-437f-880a-b0907b45518c/be116ff2-0f1e-4783-901b-558926c395da_1721873704.jpeg?h=225&w=225
309175072,Aussie Colour Mate Conditioner For Coloured Hair 350Ml,https://www.tesco.com/groceries/en-GB/shop/health-and-beauty/all?department=Conditioner&viewAll=department&page=,£6.00,£1.72/100ml,£4.50 Clubcard Price,,/groceries/en-GB/products/309175072,https://digitalcontent.api.tesco.com/v2/media/ghs/ea74d6f0-5c74-4e39-9ac9-939483620675/fbd3a219-c52c-4bf5-845f-537927e68d8b_236827510.jpeg?h=225&w=225
309160423,Herbal Essences Bio Renew Coconut Hydrate Hair Conditioner 275Ml,https://www.tesco.com/groceries/en-GB/shop/health-and-beauty/all?department=Conditioner&viewAll=department&page=,£4.50,£1.64/100ml,Any 2 for £6 Clubcard Price - Selected Herbal Essences Shampoo Or Conditioner 275ml - 400ml,,/groceries/en-GB/products/309160423,https://digitalcontent.api.tesco.com/v2/media/ghs/e52490a4-ed0b-4479-9abe-3f98aba380e2/a6116994-a676-46f4-90ea-539659befabc_1558973219.jpeg?h=225&w=225
308453171,Aussie Colour Mate Conditioner 200Ml,https://www.tesco.com/groceries/en-GB/shop/health-and-beauty/all?department=Conditioner&viewAll=department&page=,£4.50,£2.25/100ml,Any 3 for £10 Clubcard Price - Selected Aussie Haircare Products 200ml - 300ml,,/groceries/en-GB/products/308453171,https://digitalcontent.api.tesco.com/v2/media/ghs/d3b4b362-1b65-474e-9d1d-c6f1cd9430e3/a33e5707-26a2-4f9e-b58f-ddda8833cae6_1069082813.jpeg?h=225&w=225
311425097,Aussie Deep Moisture Conditioner 200Ml,https://www.tesco.com/groceries/en-GB/shop/health-and-beauty/all?department=Conditioner&viewAll=department&page=,£4.50,£2.25/100ml,Any 3 for £10 Clubcard Price - Selected Aussie Haircare Products 200ml - 300ml,,/groceries/en-GB/products/311425097,https://digitalcontent.api.tesco.com/v2/media/ghs/683fc118-f31d-48c5-892f-e354b59d481d/72df844b-e4fa-4677-a078-a2ac2b9ce6da_2067616946.jpeg?h=225&w=225
308467051,Aussie Aussome Volume Conditioner 200Ml,https://www.tesco.com/groceries/en-GB/shop/health-and-beauty/all?department=Conditioner&viewAll=department&page=,£4.50,£2.25/100ml,Any 3 for £10 Clubcard Price - Selected Aussie Haircare Products 200ml - 300ml,,/groceries/en-GB/products/308467051,https://digitalcontent.api.tesco.com/v2/media/ghs/0412108f-a67a-4b36-9a87-ce989959f884/efea9ad9-53ad-4bfc-be8c-7830d452ff66_720026321.jpeg?h=225&w=225
293534640,Bb Moisturising Conditioner Coloured Protection Moisturiser Conditioner 250Ml,https://www.tesco.com/groceries/en-GB/shop/health-and-beauty/all?department=Conditioner&viewAll=department&page=,£6.00,£2.40/100ml,£4.00 Clubcard Price,,/groceries/en-GB/products/293534640,https://digitalcontent.api.tesco.com/v2/media/ghs/31efbc8a-43f3-404a-9013-7973a31e7b47/b54fba3e-2af1-473e-b481-3c0d9f2767f6_1704842121.jpeg?h=225&w=225
302784341,Pantene 3In1 Classic Clean 700Ml,https://www.tesco.com/groceries/en-GB/shop/health-and-beauty/all?department=Conditioner&viewAll=department&page=,£4.00,£0.57/100ml,,,/groceries/en-GB/products/302784341,https://digitalcontent.api.tesco.com/v2/media/ghs/4bb805e2-4b4e-4ced-a0b4-f3ba9cbce492/7b58147b-a4ff-4065-bae1-f870921631f9_1092550950.jpeg?h=225&w=225
309198373,Herbal Essences Bio Renew Strawberry & Mint Conditioner 275Ml,https://www.tesco.com/groceries/en-GB/shop/health-and-beauty/all?department=Conditioner&viewAll=department&page=,£4.50,£1.64/100ml,Any 2 for £6 Clubcard Price - Selected Herbal Essences Shampoo Or Conditioner 275ml - 400ml,,/groceries/en-GB/products/309198373,https://digitalcontent.api.tesco.com/v2/media/ghs/ba8e6f9e-6b93-4f7d-aa9b-5dcf48b38f5c/0eda7a04-dbc6-4497-992f-c31c2ea2a1a4_2022229901.jpeg?h=225&w=225
275969728,Ogx Brazilian Keratin Conditioner 385Ml,https://www.tesco.com/groceries/en-GB/shop/health-and-beauty/all?department=Conditioner&viewAll=department&page=,£7.00,£1.82/100ml,£3.45 Clubcard Price,,/groceries/en-GB/products/275969728,https://digitalcontent.api.tesco.com/v2/media/ghs/c4e06d88-bcaf-42b2-9bfa-a7d017b66569/fb67fe51-ce1a-490b-8330-0a4facf06499_2074866822.jpeg?h=225&w=225
309193349,Herbal Essences Bio Renew Manuka Honey Deep Repair Conditioner 275M,https://www.tesco.com/groceries/en-GB/shop/health-and-beauty/all?department=Conditioner&viewAll=department&page=,£4.50,£1.64/100ml,Any 2 for £6 Clubcard Price - Selected Herbal Essences Shampoo Or Conditioner 275ml - 400ml,,/groceries/en-GB/products/309193349,https://digitalcontent.api.tesco.com/v2/media/ghs/c498d986-54c6-4136-9b8c-e6355b9bc613/5304db35-a9bc-43cd-9a55-78369ab8b9ea_1094949263.jpeg?h=225&w=225
259454394,Ogx Coconut Milk Conditioner 385Ml,https://www.tesco.com/groceries/en-GB/shop/health-and-beauty/all?department=Conditioner&viewAll=department&page=,£7.00,£1.82/100ml,£3.45 Clubcard Price,,/groceries/en-GB/products/259454394,https://digitalcontent.api.tesco.com/v2/media/ghs/a5d370e5-3467-4a3d-b468-d22a0383119e/9b5f8cdc-5d36-4555-9f76-ab187bdec8c0_804782003.jpeg?h=225&w=225
287318957,Organix Biotin Collagen Conditioner 385Ml,https://www.tesco.com/groceries/en-GB/shop/health-and-beauty/all?department=Conditioner&viewAll=department&page=,£7.00,£1.82/100ml,£3.45 Clubcard Price,,/groceries/en-GB/products/287318957,https://digitalcontent.api.tesco.com/v2/media/ghs/59e8f75b-ad8a-4421-bda2-be0b7e1a3c45/2500d24b-c180-42c5-93f7-f1ab25981d19_896396333.jpeg?h=225&w=225
293518245,John Frieda Conditioner Go Blonde Light Conditioner 250Ml,https://www.tesco.com/groceries/en-GB/shop/health-and-beauty/all?department=Conditioner&viewAll=department&page=,£6.00,£2.40/100ml,£4.00 Clubcard Price,,/groceries/en-GB/products/293518245,https://digitalcontent.api.tesco.com/v2/media/ghs/c9369f17-c084-4387-bf97-aebeaca213dd/15e1d005-822a-4f8c-9ec7-0a13fbcaa5d4_2026843699.jpeg?h=225&w=225
308854595,Head & Shoulders Deep Hydration Coconut Conditioner 275Ml,https://www.tesco.com/groceries/en-GB/shop/health-and-beauty/all?department=Conditioner&viewAll=department&page=,£5.00,£1.82/100ml,Any 3 for £10 Clubcard Price - Selected Head & Shoulders Haircare Products 275ml - 400ml,,/groceries/en-GB/products/308854595,https://digitalcontent.api.tesco.com/v2/media/ghs/6b77e977-b45c-4db2-b9ff-e2e60013cae7/7e70ff66-db53-4cbb-a8af-a1c89f356045_1847647156.jpeg?h=225&w=225
299269921,L'oreal Elvive Extraordinary Oil Dry Hair Conditioner 300Ml,https://www.tesco.com/groceries/en-GB/shop/health-and-beauty/all?department=Conditioner&viewAll=department&page=,£4.50,£1.50/100ml,,,/groceries/en-GB/products/299269921,https://digitalcontent.api.tesco.com/v2/media/ghs/a25801f2-a1dc-4602-a796-8130ea9237b0/30d9a61a-d2d9-4a87-a6f5-d36232f25fc6_651950872.jpeg?h=225&w=225
303816482,Pantene 3In1 Classic Clean 300 Ml,https://www.tesco.com/groceries/en-GB/shop/health-and-beauty/all?department=Conditioner&viewAll=department&page=,£2.50,£0.83/100ml,,,/groceries/en-GB/products/303816482,https://digitalcontent.api.tesco.com/v2/media/ghs/2dcce744-8c38-42e2-b615-a6e0dc01d169/c724553e-70f4-495a-9298-36dcd806dbe3_1881297062.jpeg?h=225&w=225
308851919,Pantene Pro V Intense Hair Mask 160Ml,https://www.tesco.com/groceries/en-GB/shop/health-and-beauty/all?department=Conditioner&viewAll=department&page=,£5.00,£3.13/100ml,£2.50 Clubcard Price,,/groceries/en-GB/products/308851919,https://digitalcontent.api.tesco.com/v2/media/ghs/c1178aaf-fe83-4284-a72c-4fa9d7fcbce4/dd1bd20d-aa02-4c62-ac24-db87491aa146_353599843.jpeg?h=225&w=225
262800977,Tresemme Smooth Salon Silk Conditioner 500Ml,https://www.tesco.com/groceries/en-GB/shop/health-and-beauty/all?department=Conditioner&viewAll=department&page=,£2.20,£0.44/100ml,,,/groceries/en-GB/products/262800977,https://digitalcontent.api.tesco.com/v2/media/ghs/5b891d0e-1aeb-43fb-a889-72252cd97375/9e41ec90-c4e4-4b64-811d-c6d062350344_2104840234.jpeg?h=225&w=225
311781100,Pantene Repair & Protect Conditioner 490Ml,https://www.tesco.com/groceries/en-GB/shop/health-and-beauty/all?department=Conditioner&viewAll=department&page=,£3.50,£0.72/100ml,,,/groceries/en-GB/products/311781100,https://digitalcontent.api.tesco.com/v2/media/ghs/05605ff5-b9d8-4e9b-838d-a92e6ac14e9d/0a02147c-0190-4aba-a059-9118c96ca3c4_310027343.jpeg?h=225&w=225
262504591,Tresemme Remoisturising Conditioner 900Ml,https://www.tesco.com/groceries/en-GB/shop/health-and-beauty/all?department=Conditioner&viewAll=department&page=,£2.99,£0.33/100ml,,,/groceries/en-GB/products/262504591,https://digitalcontent.api.tesco.com/v2/media/ghs/79911e94-ec40-46f1-81ad-e7e65f86b30a/15d8634c-cdaf-4f4c-876d-9eecb37763e9_255579238.jpeg?h=225&w=225
299038515,Head & Shoulders Supreme Damaged Repair Shampoo 400Ml,https://www.tesco.com/groceries/en-GB/shop/health-and-beauty/all?department=Conditioner&viewAll=department&page=,£5.00,£1.25/100ml,Any 3 for £10 Clubcard Price - Selected Head & Shoulders Haircare Products 275ml - 400ml,,/groceries/en-GB/products/299038515,https://digitalcontent.api.tesco.com/v2/media/ghs/1acd75c9-bd93-4dfc-a3bd-ca5313ad8f81/448df4bc-6b9d-4208-86ad-587fdde718c6_1474655675.jpeg?h=225&w=225
297165800,Simple Kind To Hair Gentle Care Conditioner 400Ml,https://www.tesco.com/groceries/en-GB/shop/health-and-beauty/all?department=Conditioner&viewAll=department&page=,£3.00,£0.75/100ml,,,/groceries/en-GB/products/297165800,https://digitalcontent.api.tesco.com/v2/media/ghs/882c94d8-5083-4e85-914a-c7b13ffbb357/6fd7332f-552b-4e7c-9a30-15b83c41348a_1239132003.jpeg?h=225&w=225
302226542,L'oreal Elvive Colour Protect Purple Conditioner 150Ml,https://www.tesco.com/groceries/en-GB/shop/health-and-beauty/all?department=Conditioner&viewAll=department&page=,£6.00,£4.00/100ml,£3.00 Clubcard Price,,/groceries/en-GB/products/302226542,https://digitalcontent.api.tesco.com/v2/media/ghs/f31e66c2-7550-49f7-9f69-dd2730f04d86/39422dec-a9b1-495e-b839-66babb5ba17d_1091992126.jpeg?h=225&w=225
299038550,Head & Shoulders Supreme Damaged Repair Conditioner 275Ml,https://www.tesco.com/groceries/en-GB/shop/health-and-beauty/all?department=Conditioner&viewAll=department&page=,£5.00,£1.82/100ml,Any 3 for £10 Clubcard Price - Selected Head & Shoulders Haircare Products 275ml - 400ml,,/groceries/en-GB/products/299038550,https://digitalcontent.api.tesco.com/v2/media/ghs/6bf2e360-f984-425e-b6ca-317ec1386baa/0e69aac4-95fd-4c1d-9c16-1ab57eddbe57_46794905.jpeg?h=225&w=225
302112059,Head & Shoulders Supreme Colour Conditioner 275Ml,https://www.tesco.com/groceries/en-GB/shop/health-and-beauty/all?department=Conditioner&viewAll=department&page=,£5.00,£1.82/100ml,Any 3 for £10 Clubcard Price - Selected Head & Shoulders Haircare Products 275ml - 400ml,,/groceries/en-GB/products/302112059,https://digitalcontent.api.tesco.com/v2/media/ghs/23f6ac3b-4bc3-46e7-8113-c8a4817171cb/eafab5cd-4efc-4fc6-9633-962fa28048f5_1437607976.jpeg?h=225&w=225
303816551,Pantene 3In1 Smooth & Sleek 300 Ml,https://www.tesco.com/groceries/en-GB/shop/health-and-beauty/all?department=Conditioner&viewAll=department&page=,£2.50,£0.83/100ml,,,/groceries/en-GB/products/303816551,https://digitalcontent.api.tesco.com/v2/media/ghs/d9b66fec-aadf-4202-bb56-ce53720935cd/0bfe857b-0f4f-4edd-8e49-d0ce5c4de226_1821459706.jpeg?h=225&w=225
297843890,Ogx Miracle Oil Conditioner 385Ml,https://www.tesco.com/groceries/en-GB/shop/health-and-beauty/all?department=Conditioner&viewAll=department&page=,£7.00,£1.82/100ml,£3.45 Clubcard Price,,/groceries/en-GB/products/297843890,https://digitalcontent.api.tesco.com/v2/media/ghs/acd709e7-879a-46c0-8566-7a8ab4de8584/d9518bb9-aac1-4b71-b9bc-0f3fcbbbf609_1195562465.jpeg?h=225&w=225
253482997,L'oreal Kids Extra Gently/Gentle 2 In 1 Shampoo 250Ml,https://www.tesco.com/groceries/en-GB/shop/health-and-beauty/all?department=Conditioner&viewAll=department&page=,£2.40,£0.96/100ml,,,/groceries/en-GB/products/253482997,https://digitalcontent.api.tesco.com/v2/media/ghs/2cb2fec7-ba54-4e08-bdf3-345135f79be1/cf33f679-abc7-4021-a780-428912865edc_1304629315.jpeg?h=225&w=225
311689095,Pantene Pro-V Colour Protect Conditioner 250Ml,https://www.tesco.com/groceries/en-GB/shop/health-and-beauty/all?department=Conditioner&viewAll=department&page=,£2.00,£0.80/100ml,,,/groceries/en-GB/products/311689095,https://digitalcontent.api.tesco.com/v2/media/ghs/1a32a15c-c093-4da7-97c0-026b69b75d20/2720de73-3e37-4ff4-bae2-8b4aff12637f_733952394.jpeg?h=225&w=225
311429677,Pantene Classic Clean Conditioner 250Ml,https://www.tesco.com/groceries/en-GB/shop/health-and-beauty/all?department=Conditioner&viewAll=department&page=,£2.00,£0.80/100ml,,,/groceries/en-GB/products/311429677,https://digitalcontent.api.tesco.com/v2/media/ghs/23f6623a-4f4e-428f-a6ed-3537fe04c940/6334f0ad-b2bb-4acb-a609-be154fddc7b1_295153026.jpeg?h=225&w=225
312088390,Garnier Ultimate Blends Coconut Oil & Cocoa Butter Conditioner 400Ml,https://www.tesco.com/groceries/en-GB/shop/health-and-beauty/all?department=Conditioner&viewAll=department&page=,£2.40,£0.60/100ml,,,/groceries/en-GB/products/312088390,https://digitalcontent.api.tesco.com/v2/media/ghs/21c75170-d8a3-4548-a3c1-50920a7d327f/650b03e8-bb69-4948-b29f-a3e6df29611c_1776596668.jpeg?h=225&w=225
309160567,Herbal Essences Bio Renew Coconut Milk Conditioner 180Ml,https://www.tesco.com/groceries/en-GB/shop/health-and-beauty/all?department=Conditioner&viewAll=department&page=,£3.00,£1.67/100ml,£2.00 Clubcard Price,,/groceries/en-GB/products/309160567,https://digitalcontent.api.tesco.com/v2/media/ghs/fddbb8a0-e33b-4456-a103-d6284e7a63e9/1d88641b-5496-4c4c-9d89-bc853bdd857d_163048052.jpeg?h=225&w=225
311688827,Pantene Pro-V Conditioner Hydrating Glow Quenching 275Ml,https://www.tesco.com/groceries/en-GB/shop/health-and-beauty/all?department=Conditioner&viewAll=department&page=,£5.00,£1.82/100ml,£2.50 Clubcard Price,,/groceries/en-GB/products/311688827,https://digitalcontent.api.tesco.com/v2/media/ghs/e915112c-627b-43c9-8293-bc56f1e7caa1/4b63e20e-b9d1-4eec-9866-e0d22cc23598_678498313.jpeg?h=225&w=225
310107927,Tresemme Nourish Coconut Conditioner 500Ml,https://www.tesco.com/groceries/en-GB/shop/health-and-beauty/all?department=Conditioner&viewAll=department&page=,£2.20,£0.44/100ml,,,/groceries/en-GB/products/310107927,https://digitalcontent.api.tesco.com/v2/media/ghs/55d387a0-ab20-49db-863d-3e6e7997631d/28ea8464-d290-4b36-a2ea-caee14dd87af_1248670774.jpeg?h=225&w=225
311961642,L'oreal Elvive Extraordinary Clay Conditioner 200Ml,https://www.tesco.com/groceries/en-GB/shop/health-and-beauty/all?department=Conditioner&viewAll=department&page=,£2.00,£1.00/100ml,,,/groceries/en-GB/products/311961642,https://digitalcontent.api.tesco.com/v2/media/ghs/dae4d431-1e88-473c-a083-9d48a40afb53/3f2bb259-43f4-47d6-a33d-a5e44659b8c1_164179465.jpeg?h=225&w=225
312108961,L'oreal Elvive Nutri Gloss Shine Conditioner 200Ml,https://www.tesco.com/groceries/en-GB/shop/health-and-beauty/all?department=Conditioner&viewAll=department&page=,£2.00,£1.00/100ml,,,/groceries/en-GB/products/312108961,https://digitalcontent.api.tesco.com/v2/media/ghs/b0dbb66d-b4e0-4c5b-bdc1-fbd9e1914ef9/9ff2f590-cec6-4527-aa4e-795daf3d4bd2_662160819.jpeg?h=225&w=225
311691903,Garnier Ultimate Blends Argan Richness Conditioner 400Ml,https://www.tesco.com/groceries/en-GB/shop/health-and-beauty/all?department=Conditioner&viewAll=department&page=,£2.40,£0.60/100ml,,,/groceries/en-GB/products/311691903,https://digitalcontent.api.tesco.com/v2/media/ghs/11227bd8-4980-48e0-a891-b3d66c126aa2/f732aa8a-9478-41cd-9430-3f315c26e13b_1960080846.jpeg?h=225&w=225
311788104,Garnier Ultimate Blends Honey Treasures Conditioner 400Ml,https://www.tesco.com/groceries/en-GB/shop/health-and-beauty/all?department=Conditioner&viewAll=department&page=,£2.40,£0.60/100ml,,,/groceries/en-GB/products/311788104,https://digitalcontent.api.tesco.com/v2/media/ghs/8872e692-2de0-4a50-b9b5-95f17240dd37/e3cc2e89-3044-46db-b1f8-1a148be9e0ef_1056815916.jpeg?h=225&w=225
311788438,Garnier Ultimate Blends Delicate Oat Milk Gently/Gentle Conditioner 400Ml,https://www.tesco.com/groceries/en-GB/shop/health-and-beauty/all?department=Conditioner&viewAll=department&page=,£2.40,£0.60/100ml,,,/groceries/en-GB/products/311788438,https://digitalcontent.api.tesco.com/v2/media/ghs/89a1a92b-1a9c-4d40-9009-c6ad81c35598/1f54d31e-05b8-42b6-8a09-c76075fe0531_1677814248.jpeg?h=225&w=225
293533975,John Frieda Sheer Blonde Colour Renew Conditioner 250Ml,https://www.tesco.com/groceries/en-GB/shop/health-and-beauty/all?department=Conditioner&viewAll=department&page=,£7.00,£2.80/100ml,,,/groceries/en-GB/products/293533975,https://digitalcontent.api.tesco.com/v2/media/ghs/d1cba174-8122-4925-8bf0-fd023b4de740/609befef-1c1b-44ab-9fba-bf73d74c2332_252122240.jpeg?h=225&w=225
302001923,Palmer's Coconut Oil Leave In Conditioner 250Ml,https://www.tesco.com/groceries/en-GB/shop/health-and-beauty/all?department=Conditioner&viewAll=department&page=,£6.30,£2.52/100ml,,,/groceries/en-GB/products/302001923,https://digitalcontent.api.tesco.com/v2/media/ghs/23bdf316-8dfb-40e5-ba9b-9caa1b9e9f8f/06cff8f7-ecd5-4ca3-a355-790f7092ab20_1451319241.jpeg?h=225&w=225
303315936,Garnier Ultimate Blends Hair Food Coconut 3In1 Mask 390Ml,https://www.tesco.com/groceries/en-GB/shop/health-and-beauty/all?department=Conditioner&viewAll=department&page=,£5.50,£1.42/100ml,,,/groceries/en-GB/products/303315936,https://digitalcontent.api.tesco.com/v2/media/ghs/1c2c822e-2657-4c52-a2c9-ee89311a0b62/792afbe5-5e1f-45c1-a19a-a2ba20c68ad9_1773668039.jpeg?h=225&w=225
303315913,Garnier Ultimate Blends Hair Food Banana 3In1 Mask 390Ml,https://www.tesco.com/groceries/en-GB/shop/health-and-beauty/all?department=Conditioner&viewAll=department&page=,£5.50,£1.42/100ml,,,/groceries/en-GB/products/303315913,https://digitalcontent.api.tesco.com/v2/media/ghs/322430aa-2f84-473c-a76c-51e91ac1051e/ae3d7e03-7d5c-4b76-b537-61119ec367ea_37056194.jpeg?h=225&w=225
303315896,Garnier Ultimate Blends Hair Food Papaya 3In1 Mask 390Ml,https://www.tesco.com/groceries/en-GB/shop/health-and-beauty/all?department=Conditioner&viewAll=department&page=,£5.50,£1.42/100ml,,,/groceries/en-GB/products/303315896,https://digitalcontent.api.tesco.com/v2/media/ghs/e134d3f4-d27e-4c68-8570-672c2658803b/0ec3fa04-02d2-4617-88e4-36c84f46bed3_1878208877.jpeg?h=225&w=225
305053643,Garnier Ultimate Blends Hair Food Banana & Coconut Conditioner 350Ml,https://www.tesco.com/groceries/en-GB/shop/health-and-beauty/all?department=Conditioner&viewAll=department&page=,£5.00,£1.43/100ml,,,/groceries/en-GB/products/305053643,https://digitalcontent.api.tesco.com/v2/media/ghs/800a5aff-4ccb-4dec-b7fd-fa579cae13c4/08c36c39-3783-47d1-9624-571f1b06b42e_727297604.jpeg?h=225&w=225
302208459,Hask Argan Oil Conditioner 335Ml,https://www.tesco.com/groceries/en-GB/shop/health-and-beauty/all?department=Conditioner&viewAll=department&page=,£7.00,£1.98/100ml,£4.65 Clubcard Price,,/groceries/en-GB/products/302208459,https://digitalcontent.api.tesco.com/v2/media/ghs/36a6936b-784f-492f-a557-95edfd46f902/e651119e-a191-4d4f-9eb0-45c72cf1f520_815297696.jpeg?h=225&w=225
302208512,Hask Argan Oil 5 In 1 Leave In Conditioner 175Ml,https://www.tesco.com/groceries/en-GB/shop/health-and-beauty/all?department=Conditioner&viewAll=department&page=,£7.00,£4.00/100ml,£4.65 Clubcard Price,,/groceries/en-GB/products/302208512,https://digitalcontent.api.tesco.com/v2/media/ghs/c4bb42cc-3e8f-4c71-bc59-19cefc01ede7/d29a01a8-c276-40a5-b3ca-d5fab0cb0cfd_1481097056.jpeg?h=225&w=225
286168093,Plantur 39 Conditioner Fine & Brittle 150Ml,https://www.tesco.com/groceries/en-GB/shop/health-and-beauty/all?department=Conditioner&viewAll=department&page=,£7.50,£5.00/100ml,,,/groceries/en-GB/products/286168093,https://digitalcontent.api.tesco.com/v2/media/ghs/149a1fa4-6e1c-4aaf-a29d-1758cf5681aa/707f66ee-b66d-4a6c-a8c6-2238dd1f20ca_1551469107.jpeg?h=225&w=225
271736498,John Frieda Frizz Ease Daily Miracle Treatment 200Ml,https://www.tesco.com/groceries/en-GB/shop/health-and-beauty/all?department=Conditioner&viewAll=department&page=,£7.00,£3.50/100ml,Any 2 for £9 Clubcard Price - Selected John Frieda Haircare Products,,/groceries/en-GB/products/271736498,https://digitalcontent.api.tesco.com/v2/media/ghs/d40a416e-2001-41c4-9ee0-587a4bea8fe2/b58b541f-df34-4afb-85bf-ddbe71037d5c_1690595908.jpeg?h=225&w=225
309209206,L'oreal Elvive Dream Lengths Wonder Water Liquid Conditioner 200Ml,https://www.tesco.com/groceries/en-GB/shop/health-and-beauty/all?department=Conditioner&viewAll=department&page=,£10.00,£5.00/100ml,£5.00 Clubcard Price,,/groceries/en-GB/products/309209206,https://digitalcontent.api.tesco.com/v2/media/ghs/c484a1df-994b-4c5e-8b48-cc19c62f3bd7/66bb9a33-cadf-4607-93fb-b04fafede507_703761984.jpeg?h=225&w=225
309164407,Aussie Sos Save My Lengths Hair Conditioner 200Ml,https://www.tesco.com/groceries/en-GB/shop/health-and-beauty/all?department=Conditioner&viewAll=department&page=,£6.00,£3.00/100ml,,,/groceries/en-GB/products/309164407,https://digitalcontent.api.tesco.com/v2/media/ghs/0fca6580-c2be-45e6-86d6-cea07f3f7b30/abf51b91-42ad-4cc9-9cc1-7a8d15085461_1964652571.jpeg?h=225&w=225
303647029,John Frieda Frizz Ease Weightless Conditioner 250Ml,https://www.tesco.com/groceries/en-GB/shop/health-and-beauty/all?department=Conditioner&viewAll=department&page=,£7.00,£2.80/100ml,Any 2 for £9 Clubcard Price - Selected John Frieda Haircare Products,,/groceries/en-GB/products/303647029,https://digitalcontent.api.tesco.com/v2/media/ghs/6a86cdce-4634-4f23-8fee-e06cbf4ab945/28f85ae4-6ac0-486e-8248-4dccc43db37a_2082825240.jpeg?h=225&w=225
297242564,Pantene Repair & Protect Reconstruct Hair Mask 300Ml,https://www.tesco.com/groceries/en-GB/shop/health-and-beauty/all?department=Conditioner&viewAll=department&page=,£5.00,£1.67/100ml,,,/groceries/en-GB/products/297242564,https://digitalcontent.api.tesco.com/v2/media/ghs/aa4c6bef-f71f-490e-a3b6-d6aa44b9a383/86f1c737-140f-4a70-bedd-754bd4ede399_827489120.jpeg?h=225&w=225
308458868,Aussie Sos Kiss Of Life Hair Conditioner 200Ml,https://www.tesco.com/groceries/en-GB/shop/health-and-beauty/all?department=Conditioner&viewAll=department&page=,£6.00,£3.00/100ml,,,/groceries/en-GB/products/308458868,https://digitalcontent.api.tesco.com/v2/media/ghs/70848d66-96e8-4918-a24f-41ffd1d5bf2a/685e6472-8c35-456a-85d8-5213fbdd6241_112408697.jpeg?h=225&w=225
308465243,Aussie Blonde Hydration Conditioner 200Ml,https://www.tesco.com/groceries/en-GB/shop/health-and-beauty/all?department=Conditioner&viewAll=department&page=,£6.00,£3.00/100ml,,,/groceries/en-GB/products/308465243,https://digitalcontent.api.tesco.com/v2/media/ghs/18681e1d-ce29-4edc-9d77-65e992022357/657c9b41-a4a9-4b87-b157-7ca446980a51_1739854604.jpeg?h=225&w=225
309497785,Pantene Biology Full & Vibrant Conditioner 160Ml,https://www.tesco.com/groceries/en-GB/shop/health-and-beauty/all?department=Conditioner&viewAll=department&page=,£8.00,£5.00/100ml,£4.00 Clubcard Price,,/groceries/en-GB/products/309497785,https://digitalcontent.api.tesco.com/v2/media/ghs/644deac6-2ab0-4275-88a0-8077ccf917c7/5624469c-b27b-4a1f-8a94-c497f25df31d_4825654.jpeg?h=225&w=225
308473354,Herbal Essences Biological Renew Aloe Plus Hemp Conditioner 275Ml,https://www.tesco.com/groceries/en-GB/shop/health-and-beauty/all?department=Conditioner&viewAll=department&page=,£6.00,£2.19/100ml,,,/groceries/en-GB/products/308473354,https://digitalcontent.api.tesco.com/v2/media/ghs/c18478d2-d79b-45e8-afd0-6784a940587d/c25bb25d-cddb-4f3b-8b5c-4df8f8ebac41_1883027224.jpeg?h=225&w=225
273026742,L'oreal Paris Elvive Extraordinary Hair Oil 100Ml,https://www.tesco.com/groceries/en-GB/shop/health-and-beauty/all?department=Conditioner&viewAll=department&page=,£10.00,£10.00/100ml,£6.50 Clubcard Price,,/groceries/en-GB/products/273026742,https://digitalcontent.api.tesco.com/v2/media/ghs/cf2a45c9-8c62-4975-b3c2-0a867e2b8359/66b3e8c0-4a31-4f19-af60-75cc0d8e4741_68089811.jpeg?h=225&w=225
309187478,John Frieda Midnight Brunette Colour Deep Conditioner 250Ml,https://www.tesco.com/groceries/en-GB/shop/health-and-beauty/all?department=Conditioner&viewAll=department&page=,£7.00,£2.80/100ml,£4.65 Clubcard Price,,/groceries/en-GB/products/309187478,https://digitalcontent.api.tesco.com/v2/media/ghs/e7be5cd4-5e10-480d-8f14-338cbb99345d/b7abbc1c-1d60-431e-85c8-0475ed3f87dd_845917544.jpeg?h=225&w=225
309754216,Pantene Biology Menopause Conditioner 160Ml,https://www.tesco.com/groceries/en-GB/shop/health-and-beauty/all?department=Conditioner&viewAll=department&page=,£8.00,£5.00/100ml,£4.00 Clubcard Price,,/groceries/en-GB/products/309754216,https://digitalcontent.api.tesco.com/v2/media/ghs/771d4fc5-05ae-40d0-b1b8-18139ec47d3b/7de4bd94-d117-41e4-9e26-c1ed7938edc1_1676234439.jpeg?h=225&w=225
311796889,Creme Of Nature Argan Oil Leave In Conditioner 250Ml,https://www.tesco.com/groceries/en-GB/shop/health-and-beauty/all?department=Conditioner&viewAll=department&page=,£4.50,£1.80/100ml,,,/groceries/en-GB/products/311796889,https://digitalcontent.api.tesco.com/v2/media/ghs/259111e2-52eb-41e9-97e1-9ebd0ea3c859/19160b24-e82d-438a-9b57-860dd9ba0f0e_1118342037.jpeg?h=225&w=225
310171979,Tresemme Hydrate & Purify Conditioner 440Ml,https://www.tesco.com/groceries/en-GB/shop/health-and-beauty/all?department=Conditioner&viewAll=department&page=,£3.00,£0.68/100ml,,,/groceries/en-GB/products/310171979,https://digitalcontent.api.tesco.com/v2/media/ghs/2a95df01-4267-467a-8e67-163b44db92cc/3aea6e05-337d-45f9-862b-3af1c7c42c8a_1981496372.jpeg?h=225&w=225
282319503,Pro:Voke Touch Of Silver Conditioner 400Ml,https://www.tesco.com/groceries/en-GB/shop/health-and-beauty/all?department=Conditioner&viewAll=department&page=,£4.00,£1.00/100ml,,,/groceries/en-GB/products/282319503,https://digitalcontent.api.tesco.com/v2/media/ghs/7106a761-2f44-411c-b5dc-6bdbea1d9c60/ff740097-78c1-43c1-af49-c35df2e8044d_722809968.jpeg?h=225&w=225
309779446,Head & Shoulders Dermax Pro Soothing Conditioner 200Ml,https://www.tesco.com/groceries/en-GB/shop/health-and-beauty/all?department=Conditioner&viewAll=department&page=,£6.00,£3.00/100ml,,,/groceries/en-GB/products/309779446,https://digitalcontent.api.tesco.com/v2/media/ghs/ec5d13cf-b927-4bee-83bb-b9d92a7fb604/391311c8-3976-4cd5-9939-e94ad3ad6b29_1903870717.jpeg?h=225&w=225
309745141,Monday Haircare Volume Conditioner 350Ml,https://www.tesco.com/groceries/en-GB/shop/health-and-beauty/all?department=Conditioner&viewAll=department&page=,£5.00,£1.43/100ml,£3.35 Clubcard Price,,/groceries/en-GB/products/309745141,https://digitalcontent.api.tesco.com/v2/media/ghs/a514fc2f-4bbe-4d25-94aa-6b5898f2d1ba/05cdbc66-ef42-411b-a1f4-3fda4dc5a182_1212159320.jpeg?h=225&w=225
309453152,L'oreal Paris Elvive Full Resist Conditioner 300Ml,https://www.tesco.com/groceries/en-GB/shop/health-and-beauty/all?department=Conditioner&viewAll=department&page=,£4.50,£15.00/litre,,,/groceries/en-GB/products/309453152,https://digitalcontent.api.tesco.com/v2/media/ghs/6340b0bb-8c88-47a1-b689-7170a65ece64/f758f1d7-bf59-4a89-b4ee-296cd53eb7fc_222797430.jpeg?h=225&w=225
311683124,L'oreal Elvive Total Restore Conditioner 300Ml,https://www.tesco.com/groceries/en-GB/shop/health-and-beauty/all?department=Conditioner&viewAll=department&page=,£4.50,£1.50/100ml,,,/groceries/en-GB/products/311683124,https://digitalcontent.api.tesco.com/v2/media/ghs/da1228cc-55c4-449f-b702-f22cee0cc3f3/8b73eb27-2f2b-41a0-9048-40bac925bc88_1389887403.jpeg?h=225&w=225
311666675,John Frieda Frizz Ease Conditioner Miraculous Recovery 250Ml,https://www.tesco.com/groceries/en-GB/shop/health-and-beauty/all?department=Conditioner&viewAll=department&page=,£8.00,£3.20/100ml,Any 2 for £9 Clubcard Price - Selected John Frieda Haircare Products,,/groceries/en-GB/products/311666675,https://digitalcontent.api.tesco.com/v2/media/ghs/3a036868-98da-4deb-a389-a13bd140e34f/4b6654ef-14aa-46cc-a3f2-fea94e1134c4_1113687355.jpeg?h=225&w=225
297843763,Ogx Orchid Oil Conditioner 385Ml,https://www.tesco.com/groceries/en-GB/shop/health-and-beauty/all?department=Conditioner&viewAll=department&page=,£7.00,£1.82/100ml,£3.45 Clubcard Price,,/groceries/en-GB/products/297843763,https://digitalcontent.api.tesco.com/v2/media/ghs/0e624565-5c29-4709-a6fe-0f5f36420638/e07ef561-fba5-4656-ada8-54c24a17303d_951257255.jpeg?h=225&w=225
295035634,Ogx Coconut Curls Conditioner 385Ml,https://www.tesco.com/groceries/en-GB/shop/health-and-beauty/all?department=Conditioner&viewAll=department&page=,£7.00,£1.82/100ml,£3.45 Clubcard Price,,/groceries/en-GB/products/295035634,https://digitalcontent.api.tesco.com/v2/media/ghs/926568ae-78c4-4894-a221-9d7c3c77f89f/98263d1e-3a4f-4de6-850c-8c2754188bed_1906535734.jpeg?h=225&w=225
287319478,Organix Kukui Oil Conditioner 385Ml,https://www.tesco.com/groceries/en-GB/shop/health-and-beauty/all?department=Conditioner&viewAll=department&page=,£7.00,£1.82/100ml,£3.45 Clubcard Price,,/groceries/en-GB/products/287319478,https://digitalcontent.api.tesco.com/v2/media/ghs/e6a79cdd-1452-406d-976f-f403a80ee914/842c3098-1447-4271-b2d9-22b8ee070552_1917051402.jpeg?h=225&w=225
281341990,Ogx Keratin Oil Anti-Breakage Conditioner 385Ml,https://www.tesco.com/groceries/en-GB/shop/health-and-beauty/all?department=Conditioner&viewAll=department&page=,£7.00,£1.82/100ml,£3.45 Clubcard Price,,/groceries/en-GB/products/281341990,https://digitalcontent.api.tesco.com/v2/media/ghs/d2828131-f8f2-4eb6-b5dc-94aa56c1a852/52f9ed4d-0c69-485e-a56b-7f8685b06e34_126243569.jpeg?h=225&w=225
309491077,Monday Haircare Smooth Conditioner 350Ml,https://www.tesco.com/groceries/en-GB/shop/health-and-beauty/all?department=Conditioner&viewAll=department&page=,£5.00,£1.43/100ml,£3.35 Clubcard Price,,/groceries/en-GB/products/309491077,https://digitalcontent.api.tesco.com/v2/media/ghs/c3f2c02b-3112-43f0-aa76-cdb66b07a102/c998ec0e-6bec-4b25-9e8a-f45f615f9482_1026298329.jpeg?h=225&w=225
309753579,Monday Haircare Moisture Conditioner 350Ml,https://www.tesco.com/groceries/en-GB/shop/health-and-beauty/all?department=Conditioner&viewAll=department&page=,£5.00,£1.43/100ml,£3.35 Clubcard Price,,/groceries/en-GB/products/309753579,https://digitalcontent.api.tesco.com/v2/media/ghs/c3dedcde-d6f3-41ed-b16b-60a2c70c57c4/c70c99c9-6771-418e-b0ae-365b409adffc_1122437322.jpeg?h=225&w=225
302134437,L'oreal Elvive Dream Lengths Mask 300Ml,https://www.tesco.com/groceries/en-GB/shop/health-and-beauty/all?department=Conditioner&viewAll=department&page=,£6.00,£2.00/100ml,£3.50 Clubcard Price,,/groceries/en-GB/products/302134437,https://digitalcontent.api.tesco.com/v2/media/ghs/af968fd3-143a-4b4c-af3a-3a4872ad7d4f/7a04aef5-c2ac-42af-8e26-1d003e9b567b_708733844.jpeg?h=225&w=225
299280555,L'oreal Elvive Dream Lengths No Cut Cream 200Ml,https://www.tesco.com/groceries/en-GB/shop/health-and-beauty/all?department=Conditioner&viewAll=department&page=,£6.00,£3.00/100ml,£4.00 Clubcard Price,,/groceries/en-GB/products/299280555,https://digitalcontent.api.tesco.com/v2/media/ghs/be047494-d402-495c-9cbf-9a648ed2f94a/64673d39-17b3-4488-bc41-2a496b555903_217058453.jpeg?h=225&w=225
311670548,Ogx Frizz Free Keratin Smoothing Oil Conditioner 385Ml,https://www.tesco.com/groceries/en-GB/shop/health-and-beauty/all?department=Conditioner&viewAll=department&page=,£7.00,£1.82/100ml,£3.45 Clubcard Price,,/groceries/en-GB/products/311670548,https://digitalcontent.api.tesco.com/v2/media/ghs/50c565b5-67a6-4eb8-b03c-d73bd46bf087/e76bb5ed-c006-4006-bf90-158c4a3e8e03_667822645.jpeg?h=225&w=225
302208472,Hask Argan Oil Conditioner 50Ml,https://www.tesco.com/groceries/en-GB/shop/health-and-beauty/all?department=Conditioner&viewAll=department&page=,£3.00,£6.00/100ml,£2.00 Clubcard Price,,/groceries/en-GB/products/302208472,https://digitalcontent.api.tesco.com/v2/media/ghs/abfcf277-ac48-42f6-9821-68c9121375dc/8bf0329a-ba36-4f1b-a805-2739ca8187de_146136485.jpeg?h=225&w=225
291196915,Tresemme 24 Hour Body Conditioner 900Ml,https://www.tesco.com/groceries/en-GB/shop/health-and-beauty/all?department=Conditioner&viewAll=department&page=,£2.99,£0.33/100ml,,,/groceries/en-GB/products/291196915,https://digitalcontent.api.tesco.com/v2/media/ghs/08bc31a3-8a60-4b26-8d84-60d034ad19fb/ff0b6296-3139-4901-aeef-b6cedca2d585_1728748030.jpeg?h=225&w=225
299269967,L'oreal Elvive Fibrology Fine Hair Conditioner 300Ml,https://www.tesco.com/groceries/en-GB/shop/health-and-beauty/all?department=Conditioner&viewAll=department&page=,£3.50,£1.17/100ml,,,/groceries/en-GB/products/299269967,https://digitalcontent.api.tesco.com/v2/media/ghs/8219af3d-0686-49fe-8435-9ef292d97565/3fafbb88-7533-4c51-8c11-9ed4330ed887_1415552515.jpeg?h=225&w=225
312084820,L'oreal Elvive Moisture Locking Conditioner 200Ml,https://www.tesco.com/groceries/en-GB/shop/health-and-beauty/all?department=Conditioner&viewAll=department&page=,£2.75,£1.38/100ml,,,/groceries/en-GB/products/312084820,https://digitalcontent.api.tesco.com/v2/media/ghs/50963dd7-34d1-4df4-83cc-590f4cc4ff97/96e62868-00da-4e8a-abd8-ecbb4e04ff86_1182274261.jpeg?h=225&w=225
310665643,Tresemme Biotin Repair Conditioner 440Ml,https://www.tesco.com/groceries/en-GB/shop/health-and-beauty/all?department=Conditioner&viewAll=department&page=,£3.00,£0.68/100ml,,,/groceries/en-GB/products/310665643,https://digitalcontent.api.tesco.com/v2/media/ghs/3e5365f5-8f79-44f2-94ba-70c0945a36c1/e02cba82-7edd-40bf-8b5b-bc9424603965_1166175112.jpeg?h=225&w=225
295035670,Ogx Hydrating Argan Extra Conditioner 385Ml,https://www.tesco.com/groceries/en-GB/shop/health-and-beauty/all?department=Conditioner&viewAll=department&page=,£7.00,£1.82/100ml,£3.45 Clubcard Price,,/groceries/en-GB/products/295035670,https://digitalcontent.api.tesco.com/v2/media/ghs/96af9f97-4163-430c-b42b-8fd45180ea12/9d4e0c9b-6766-4d07-b6d9-ee15128205ea_1954284286.jpeg?h=225&w=225
311956885,Pantene Active Pro-V Volume & Body Conditioner 250Ml,https://www.tesco.com/groceries/en-GB/shop/health-and-beauty/all?department=Conditioner&viewAll=department&page=,£2.00,£0.80/100ml,,,/groceries/en-GB/products/311956885,https://digitalcontent.api.tesco.com/v2/media/ghs/61920943-3760-415b-b7d5-464153d574cc/43abc11e-29a6-439b-ab83-c62a26df6e1b_818066587.jpeg?h=225&w=225
299250453,Maui Moisture Shea Butter Conditioner 385Ml,https://www.tesco.com/groceries/en-GB/shop/health-and-beauty/all?department=Conditioner&viewAll=department&page=,£8.50,£2.21/100ml,,,/groceries/en-GB/products/299250453,https://digitalcontent.api.tesco.com/v2/media/ghs/7b3b5d9a-df3b-4168-9fdc-e98bf1e9a666/f5e9de12-60c2-44e7-a524-f980c2ef024b_1228419645.jpeg?h=225&w=225
311438940,Shea Moisture Jamaican Black Castor Oil Leave In Conditioner 431Ml,https://www.tesco.com/groceries/en-GB/shop/health-and-beauty/all?department=Conditioner&viewAll=department&page=,£13.00,£3.02/100ml,,,/groceries/en-GB/products/311438940,https://digitalcontent.api.tesco.com/v2/media/ghs/d012644f-40cf-457b-a8dd-05474d7d5679/be0bc6c9-3268-49e0-8f60-8130a63055df_1324492645.jpeg?h=225&w=225
311271894,Shea Moisture Jamaican Black Castor Oil Conditioner 384Ml,https://www.tesco.com/groceries/en-GB/shop/health-and-beauty/all?department=Conditioner&viewAll=department&page=,£13.00,£3.39/100ml,,,/groceries/en-GB/products/311271894,https://digitalcontent.api.tesco.com/v2/media/ghs/0baee1b9-2114-47c5-a282-1be105d51f78/9fc60cd8-d58a-4302-83a4-31976eb2f332_844074561.jpeg?h=225&w=225
281683538,Pantene Smooth & Sleek Argan Oil 100Ml,https://www.tesco.com/groceries/en-GB/shop/health-and-beauty/all?department=Conditioner&viewAll=department&page=,£8.00,£8.00/100ml,,,/groceries/en-GB/products/281683538,https://digitalcontent.api.tesco.com/v2/media/ghs/3301b860-09b6-4f66-80e0-8f6971ba8a15/c75332b0-2e38-4cd7-8c7b-83d1303d0dfb_1368011245.jpeg?h=225&w=225
311694439,Shea Moisture Coconut & Hibiscus Curl & Shine Conditioner 384Ml,https://www.tesco.com/groceries/en-GB/shop/health-and-beauty/all?department=Conditioner&viewAll=department&page=,£11.00,£2.87/100ml,,,/groceries/en-GB/products/311694439,https://digitalcontent.api.tesco.com/v2/media/ghs/ef1bd4e1-0a20-4383-99de-fd6337aa7595/08521af4-cb83-48b3-bf06-8ebe87f80754_2055098691.jpeg?h=225&w=225
299250378,Maui Moisture Coconut Oil Curl Conditioner 385Ml,https://www.tesco.com/groceries/en-GB/shop/health-and-beauty/all?department=Conditioner&viewAll=department&page=,£8.50,£2.21/100ml,,,/groceries/en-GB/products/299250378,https://digitalcontent.api.tesco.com/v2/media/ghs/6d3d55c9-4b19-44cc-b70a-d2147e4a9082/d16541e2-e627-4cd5-b228-c9133b4031d8_1205663622.jpeg?h=225&w=225
305431461,Maui Moisture Smooth & Revive Vanilla Bean Conditioner 385Ml,https://www.tesco.com/groceries/en-GB/shop/health-and-beauty/all?department=Conditioner&viewAll=department&page=,£8.50,£2.21/100ml,,,/groceries/en-GB/products/305431461,https://digitalcontent.api.tesco.com/v2/media/ghs/189c3d8c-3ef2-4a9d-994d-e817be425ebb/9aed2dcd-cccd-4e51-be89-d4e33d7e2db3_707178360.jpeg?h=225&w=225
295177068,Plantur 39 Conditioner Col/Stress 150Ml,https://www.tesco.com/groceries/en-GB/shop/health-and-beauty/all?department=Conditioner&viewAll=department&page=,£7.50,£5.00/100ml,,,/groceries/en-GB/products/295177068,https://digitalcontent.api.tesco.com/v2/media/ghs/960aa4b2-8bb8-41fd-a46d-36d359913486/f9d0fc67-5e55-4a1a-8f1b-103f51d9ede0_325454601.jpeg?h=225&w=225
309750029,Bleach London Reincarnation Mask 200Ml,https://www.tesco.com/groceries/en-GB/shop/health-and-beauty/all?department=Conditioner&viewAll=department&page=,£7.00,£3.50/100ml,,,/groceries/en-GB/products/309750029,https://digitalcontent.api.tesco.com/v2/media/ghs/aaa1696b-a461-49b1-be8e-9f32f9ccc8a1/fee0445b-f032-4711-976c-3402dce1f374_471322882.jpeg?h=225&w=225
305249965,Garnier Ultimate Blends Papaya & Coconut Conditioner 350Ml,https://www.tesco.com/groceries/en-GB/shop/health-and-beauty/all?department=Conditioner&viewAll=department&page=,£5.00,£1.43/100ml,,,/groceries/en-GB/products/305249965,https://digitalcontent.api.tesco.com/v2/media/ghs/885289b6-ee93-4379-83d8-d113a867074e/34b1c5d6-7e35-4aaf-8a72-008843cbb779_1158820822.jpeg?h=225&w=225
309205660,Tresemme Propure Damage Recovery Conditioner 380Ml,https://www.tesco.com/groceries/en-GB/shop/health-and-beauty/all?department=Conditioner&viewAll=department&page=,£5.00,£1.32/100ml,,,/groceries/en-GB/products/309205660,https://digitalcontent.api.tesco.com/v2/media/ghs/279945d9-de51-4485-90d2-9d1c261821d9/2612e550-9d24-469e-88f3-ce33ea46d111_571937428.jpeg?h=225&w=225
302009736,Cantu Hydrating Cream Conditioner 400Ml,https://www.tesco.com/groceries/en-GB/shop/health-and-beauty/all?department=Conditioner&viewAll=department&page=,£7.00,£1.75/100ml,£4.65 Clubcard Price,,/groceries/en-GB/products/302009736,https://digitalcontent.api.tesco.com/v2/media/ghs/1f52ff06-9fc0-41ff-a459-7076b45cbfa3/69cc7452-65ca-4858-8cb6-f6401dd5f1f9_591101409.jpeg?h=225&w=225
302001981,Cantu Leave In Conditioner Repair Cream 453G,https://www.tesco.com/groceries/en-GB/shop/health-and-beauty/all?department=Conditioner&viewAll=department&page=,£7.00,£1.55/100g,£4.65 Clubcard Price,,/groceries/en-GB/products/302001981,https://digitalcontent.api.tesco.com/v2/media/ghs/fb9407b5-62d5-4ed1-b009-5e2b5ee2e0d0/e6dd1a13-ff59-4e57-9dcf-0a7e403dcff1_1871313256.jpeg?h=225&w=225
305037611,Garnier Ultimate Blends Coconut & Macadamia Conditioner 350Ml,https://www.tesco.com/groceries/en-GB/shop/health-and-beauty/all?department=Conditioner&viewAll=department&page=,£5.00,£1.43/100ml,,,/groceries/en-GB/products/305037611,https://digitalcontent.api.tesco.com/v2/media/ghs/011ae1de-365a-457e-8bfb-651a3c5c6349/e4b6cb2d-2e7a-49ba-9f3c-7257021b6205_1803649697.jpeg?h=225&w=225
309202824,Tresemme Propure Airlight Volume Conditioner 380Ml,https://www.tesco.com/groceries/en-GB/shop/health-and-beauty/all?department=Conditioner&viewAll=department&page=,£5.00,£1.32/100ml,,,/groceries/en-GB/products/309202824,https://digitalcontent.api.tesco.com/v2/media/ghs/dd2def20-b668-42c7-9d72-4a5b31c3c58c/f04c0a71-ccca-4152-a501-8e08f7f99359_384720350.jpeg?h=225&w=225
309196882,Tresemme Pro Pure Radiant Colour Conditioner 380Ml,https://www.tesco.com/groceries/en-GB/shop/health-and-beauty/all?department=Conditioner&viewAll=department&page=,£5.00,£1.32/100ml,,,/groceries/en-GB/products/309196882,https://digitalcontent.api.tesco.com/v2/media/ghs/0320f21b-424a-4942-9b99-ccb38e40fdcf/38996433-ad27-4f8c-a56a-b80c06a6b5e1_1494295522.jpeg?h=225&w=225
311806729,Noughty Wave Curl Defining Conditioner 250Ml,https://www.tesco.com/groceries/en-GB/shop/health-and-beauty/all?department=Conditioner&viewAll=department&page=,£7.00,£2.80/100ml,,,/groceries/en-GB/products/311806729,https://digitalcontent.api.tesco.com/v2/media/ghs/f8f6abb1-6a02-40dd-95c6-254a06b47479/snapshotimagehandler_590129426.jpeg?h=225&w=225
308451985,Herbal Essences Biological Hydrate & Smooth Hair Mask 450Ml,https://www.tesco.com/groceries/en-GB/shop/health-and-beauty/all?department=Conditioner&viewAll=department&page=,£7.50,£1.67/100ml,,,/groceries/en-GB/products/308451985,https://digitalcontent.api.tesco.com/v2/media/ghs/5c10ea4d-4eb7-4c07-81b0-e08f4d5d7bd2/ae942450-b02a-4ff3-9b74-27a6baf9b636_607968081.jpeg?h=225&w=225
309489991,Cantu Avocado Hydrating Cream Conditioner 400Ml,https://www.tesco.com/groceries/en-GB/shop/health-and-beauty/all?department=Conditioner&viewAll=department&page=,£7.00,£1.75/100ml,£5.30 Clubcard Price,,/groceries/en-GB/products/309489991,https://digitalcontent.api.tesco.com/v2/media/ghs/c33f97c6-85b3-4605-b0e4-736bfdfc4025/39772015-8b5a-49dd-8841-6da1f327ce8b_78172029.jpeg?h=225&w=225
293994682,Bulldog 2 In 1 Beard Shampoo & Conditioner 200Ml,https://www.tesco.com/groceries/en-GB/shop/health-and-beauty/all?department=Conditioner&viewAll=department&page=,£6.00,£3.00/100ml,,,/groceries/en-GB/products/293994682,https://digitalcontent.api.tesco.com/v2/media/ghs/0d0c2dfa-a1f6-4f97-84e6-df3f17f349c4/9b3a376b-23cd-4dc2-97c4-f9036d18a5dc_1656537777.jpeg?h=225&w=225
305247881,Hask Biotin Boost Thickening Conditioner 355Ml,https://www.tesco.com/groceries/en-GB/shop/health-and-beauty/all?department=Conditioner&viewAll=department&page=,£7.00,£1.98/100ml,£4.65 Clubcard Price,,/groceries/en-GB/products/305247881,https://digitalcontent.api.tesco.com/v2/media/ghs/88effa6d-ed7b-4d6c-991f-70268412803d/7f4603f8-b8da-450a-8109-5c9c53b46f44_42362126.jpeg?h=225&w=225
310164936,Head & Shoulders Hydrating Anti-Dandruff Conditioner 200Ml,https://www.tesco.com/groceries/en-GB/shop/health-and-beauty/all?department=Conditioner&viewAll=department&page=,£6.00,£3.00/100ml,,,/groceries/en-GB/products/310164936,https://digitalcontent.api.tesco.com/v2/media/ghs/eee9054e-75df-4247-b17c-7742b9d49353/ace8ab1c-9cf5-4fe8-856c-bda49bbea4f6_813203871.jpeg?h=225&w=225
308112926,Aussie Sos 3 Minute Miracle Deep Treatment 225Ml,https://www.tesco.com/groceries/en-GB/shop/health-and-beauty/all?department=Conditioner&viewAll=department&page=,£7.00,£3.12/100ml,,,/groceries/en-GB/products/308112926,https://digitalcontent.api.tesco.com/v2/media/ghs/87f95934-9d27-45c7-b23f-5f3c78b62699/06ad4ef7-7702-4a19-8af8-b4310055c673_300158647.jpeg?h=225&w=225
308828892,Aussie 3 Minute Miracle Blonde Deep Treatment 225Ml,https://www.tesco.com/groceries/en-GB/shop/health-and-beauty/all?department=Conditioner&viewAll=department&page=,£7.00,£3.12/100ml,,,/groceries/en-GB/products/308828892,https://digitalcontent.api.tesco.com/v2/media/ghs/e7d4158a-a9fc-449a-870d-7907fdd63bf9/43c0ffbd-c70b-4cc8-8a8e-2f1d53ab096c_513677401.jpeg?h=225&w=225
309165798,John Frieda Frizz Ease Brazilian Sleek Conditioner 250Ml,https://www.tesco.com/groceries/en-GB/shop/health-and-beauty/all?department=Conditioner&viewAll=department&page=,£7.00,£2.80/100ml,Any 2 for £9 Clubcard Price - Selected John Frieda Haircare Products,,/groceries/en-GB/products/309165798,https://digitalcontent.api.tesco.com/v2/media/ghs/7b3ec114-1f61-4981-be3b-356097c92934/46d3c3cf-393f-4cf3-a5d9-5fea50377744_371931604.jpeg?h=225&w=225
309205222,Aussie Sos 3 Minute Miracle Deep Treatment 225Ml,https://www.tesco.com/groceries/en-GB/shop/health-and-beauty/all?department=Conditioner&viewAll=department&page=,£7.00,£3.12/100ml,,,/groceries/en-GB/products/309205222,https://digitalcontent.api.tesco.com/v2/media/ghs/3b0ff6f3-8537-46cd-9017-9bb4b637b17f/e24be3bd-18d1-45da-85ec-de4c639450af_820530067.jpeg?h=225&w=225
310136285,Provoke Brighten Plus Repair Intensive Purple Conditioner 200Ml,https://www.tesco.com/groceries/en-GB/shop/health-and-beauty/all?department=Conditioner&viewAll=department&page=,£5.00,£2.50/100ml,,,/groceries/en-GB/products/310136285,https://digitalcontent.api.tesco.com/v2/media/ghs/8d58fffc-5b68-4de8-a6ce-03044b69dc89/95523a22-1f44-488b-985b-459ca4bf36e0_565778911.jpeg?h=225&w=225
308868439,Aussie Sos Treatment Conditioner & Lemon Shot 25Ml,https://www.tesco.com/groceries/en-GB/shop/health-and-beauty/all?department=Conditioner&viewAll=department&page=,£4.00,£16.00/100ml,,,/groceries/en-GB/products/308868439,https://digitalcontent.api.tesco.com/v2/media/ghs/4cff7b02-01e8-4299-a1ed-41d228c71318/795ff994-0fb4-4850-ae73-d6f79ff6f726_1575241365.jpeg?h=225&w=225
305248534,John Frieda Hydrate & Recharge Conditioner 250Ml,https://www.tesco.com/groceries/en-GB/shop/health-and-beauty/all?department=Conditioner&viewAll=department&page=,£6.00,£2.40/100ml,£4.00 Clubcard Price,,/groceries/en-GB/products/305248534,https://digitalcontent.api.tesco.com/v2/media/ghs/1bcb71a3-cfbf-4045-a20c-ef724ff0a8cd/48e3c073-496d-4a8c-a83a-c5e5fb326bae_406241685.jpeg?h=225&w=225
308823459,Herbal Essences Biological Renew Aloe & Mango Conditioner 275Ml,https://www.tesco.com/groceries/en-GB/shop/health-and-beauty/all?department=Conditioner&viewAll=department&page=,£6.00,£2.19/100ml,,,/groceries/en-GB/products/308823459,https://digitalcontent.api.tesco.com/v2/media/ghs/ad4c723f-7339-404d-a499-e53ebcbb077f/3832f687-6803-46f5-ac68-6afe05b42fe6_23963162.jpeg?h=225&w=225
309206434,Provoke Touch Of Slvt Hydrating Purple Toning Mask 300Ml,https://www.tesco.com/groceries/en-GB/shop/health-and-beauty/all?department=Conditioner&viewAll=department&page=,£6.00,£2.00/100ml,,,/groceries/en-GB/products/309206434,https://digitalcontent.api.tesco.com/v2/media/ghs/eb599430-6ca2-448e-a92b-a41aa4f36301/1a189f1c-e6d3-4f47-9533-ea61325e72b2_520629254.jpeg?h=225&w=225
309468889,Pantene Defrizz & Illuminate Conditioner 160Ml,https://www.tesco.com/groceries/en-GB/shop/health-and-beauty/all?department=Conditioner&viewAll=department&page=,£8.00,£5.00/100ml,£4.00 Clubcard Price,,/groceries/en-GB/products/309468889,https://digitalcontent.api.tesco.com/v2/media/ghs/25503846-4024-4a32-b2e3-6b519050756c/980c6aad-2120-4dd3-9155-31840df57442_1516906910.jpeg?h=225&w=225
311222233,Pantene Pro-V Miracle Serum Rp Repair & Protect 220Ml,https://www.tesco.com/groceries/en-GB/shop/health-and-beauty/all?department=Conditioner&viewAll=department&page=,£5.00,£2.28/100ml,,,/groceries/en-GB/products/311222233,https://digitalcontent.api.tesco.com/v2/media/ghs/50f11083-429c-4830-9f06-1ceb57125543/0f7aafd3-b524-4ae2-9a5e-baef71783ff4_1204418968.jpeg?h=225&w=225
273026650,L'oreal Paris Elvive Extraordinary Oil Colour 100Ml,https://www.tesco.com/groceries/en-GB/shop/health-and-beauty/all?department=Conditioner&viewAll=department&page=,£10.00,£10.00/100ml,£6.50 Clubcard Price,,/groceries/en-GB/products/273026650,https://digitalcontent.api.tesco.com/v2/media/ghs/110cb341-c7ed-459a-9881-62a84b579c18/cbf66734-5c3d-44b3-b959-b7b60304b49b_2037389283.jpeg?h=225&w=225
312237214,Good Gracious Hydrate Shea Butter Conditioner 250Ml,https://www.tesco.com/groceries/en-GB/shop/health-and-beauty/all?department=Conditioner&viewAll=department&page=,£5.00,£2.00/100ml,£3.75 Clubcard Price,,/groceries/en-GB/products/312237214,https://digitalcontent.api.tesco.com/v2/media/ghs/dbef8c4e-f7fd-422c-beb1-e722c616f0d7/39692ad8-cc11-4097-827e-789c4dbcc148_2091577673.jpeg?h=225&w=225
312228778,Good Gracious Intense Repairargan Oil Conditioner 250Ml,https://www.tesco.com/groceries/en-GB/shop/health-and-beauty/all?department=Conditioner&viewAll=department&page=,£5.00,£2.00/100ml,£3.75 Clubcard Price,,/groceries/en-GB/products/312228778,https://digitalcontent.api.tesco.com/v2/media/ghs/69bcc359-8185-4c7e-97c9-f00d956cd216/59e18d88-b232-4da4-bfb0-dbe029c389ac_372462397.jpeg?h=225&w=225
299279742,John Frieda Radiant Red Boosting Conditioner 250Ml,https://www.tesco.com/groceries/en-GB/shop/health-and-beauty/all?department=Conditioner&viewAll=department&page=,£6.00,£2.40/100ml,£4.00 Clubcard Price,,/groceries/en-GB/products/299279742,https://digitalcontent.api.tesco.com/v2/media/ghs/6a8e7848-c98f-4fcd-afce-b71dea5bbf8e/30dec3a0-8a65-47f1-92f0-6b3a89bc121c_865369315.jpeg?h=225&w=225
310683431,Garnier Ultimate Blends Hair Food Cocoa Butter Conditioner 350Ml,https://www.tesco.com/groceries/en-GB/shop/health-and-beauty/all?department=Conditioner&viewAll=department&page=,£5.00,£1.43/100ml,,,/groceries/en-GB/products/310683431,https://digitalcontent.api.tesco.com/v2/media/ghs/b9318ee7-cb66-4538-be03-78775fd1015d/ba7a2326-6f4e-4fb5-b810-d7e77923dd67_1403783920.jpeg?h=225&w=225
310105950,Provoke Touch Of Silver Intensive Conditioner 200Ml,https://www.tesco.com/groceries/en-GB/shop/health-and-beauty/all?department=Conditioner&viewAll=department&page=,£4.00,£2.00/100ml,,,/groceries/en-GB/products/310105950,https://digitalcontent.api.tesco.com/v2/media/ghs/f994345a-c756-4b8f-98b2-f5f04c5debde/58997c11-af7d-4ac6-b4e7-67fcddfa845b_651091960.jpeg?h=225&w=225
305982044,Cantu Care For Kids Nourishing Conditioner 237Ml,https://www.tesco.com/groceries/en-GB/shop/health-and-beauty/all?department=Conditioner&viewAll=department&page=,£4.80,£2.03/100ml,£3.30 Clubcard Price,,/groceries/en-GB/products/305982044,https://digitalcontent.api.tesco.com/v2/media/ghs/4d645dde-2f6a-482f-95e0-9d47b0f20781/62bdb466-acda-482d-926c-6e3772bdbf60_118269904.jpeg?h=225&w=225
311445355,Good Gracious Colour Care Conditioner 250Ml,https://www.tesco.com/groceries/en-GB/shop/health-and-beauty/all?department=Conditioner&viewAll=department&page=,£5.00,£2.00/100ml,£3.75 Clubcard Price,,/groceries/en-GB/products/311445355,https://digitalcontent.api.tesco.com/v2/media/ghs/2f702522-ef74-44a9-a470-374c76e684b6/eeb0b87a-a651-472d-9861-823d0c55a4de_1501837207.jpeg?h=225&w=225
311209578,Palmer's Olive Oil Shine Therapy Conditioner 400Ml,https://www.tesco.com/groceries/en-GB/shop/health-and-beauty/all?department=Conditioner&viewAll=department&page=,£4.00,£1.00/100ml,,,/groceries/en-GB/products/311209578,https://digitalcontent.api.tesco.com/v2/media/ghs/4f947c48-8068-449e-a961-c6b7ad3ee13b/ee32f754-d171-4a1e-9bde-6e415d7233e2_905874509.jpeg?h=225&w=225
311424288,Pantene Pro V Miracle Serum Smooth & Sleek 220Ml,https://www.tesco.com/groceries/en-GB/shop/health-and-beauty/all?department=Conditioner&viewAll=department&page=,£5.00,£2.28/100ml,,,/groceries/en-GB/products/311424288,https://digitalcontent.api.tesco.com/v2/media/ghs/0d37d6dd-090c-48fc-a803-a396027fbae7/ff93c799-f527-4318-ae5d-17d016e3d7f2_600549740.jpeg?h=225&w=225
309758009,Monday Haircare Gentle Conditioner 350Ml,https://www.tesco.com/groceries/en-GB/shop/health-and-beauty/all?department=Conditioner&viewAll=department&page=,£5.00,£1.43/100ml,£3.35 Clubcard Price,,/groceries/en-GB/products/309758009,https://digitalcontent.api.tesco.com/v2/media/ghs/c077a9ac-647f-4ada-afbb-c562c19a4478/ab7b9da7-9f4b-464c-a881-a8545a1f2a4c_1421446932.jpeg?h=225&w=225
311215714,Palmer's Coconut Oil Moisture Boost Conditioner 400Ml,https://www.tesco.com/groceries/en-GB/shop/health-and-beauty/all?department=Conditioner&viewAll=department&page=,£4.00,£1.00/100ml,,,/groceries/en-GB/products/311215714,https://digitalcontent.api.tesco.com/v2/media/ghs/15b96a24-7b6b-4a9f-ba73-7c78c104d417/d4c34c57-7815-4328-8206-6e1f754a42fd_1796556167.jpeg?h=225&w=225
299250476,Maui Moisture Shea Butter Hair Mask 340G,https://www.tesco.com/groceries/en-GB/shop/health-and-beauty/all?department=Conditioner&viewAll=department&page=,£9.00,£2.65/100g,,,/groceries/en-GB/products/299250476,https://digitalcontent.api.tesco.com/v2/media/ghs/139e2d87-1550-434f-8fab-ef51c4a067e8/fc5c5b21-afc0-43a4-a5f6-eb166c755ad4_531209995.jpeg?h=225&w=225
299250240,Maui Moisture Coconut Milk Conditioner 385Ml,https://www.tesco.com/groceries/en-GB/shop/health-and-beauty/all?department=Conditioner&viewAll=department&page=,£8.50,£2.21/100ml,,,/groceries/en-GB/products/299250240,https://digitalcontent.api.tesco.com/v2/media/ghs/df1fb236-aa6e-412f-aa7b-9253e6ef9766/5caf0507-dd5b-4eb4-aefe-d0847b83e846_1375221473.jpeg?h=225&w=225
311672990,Shea Moisture Manuka Honey & Oil Intensive Conditioner 384Ml,https://www.tesco.com/groceries/en-GB/shop/health-and-beauty/all?department=Conditioner&viewAll=department&page=,£13.00,£3.39/100ml,,,/groceries/en-GB/products/311672990,https://digitalcontent.api.tesco.com/v2/media/ghs/3c2183e9-2f59-4b4e-b372-b54c62476037/9509b514-dcb5-41c8-b881-aab26d7a4043_1291911747.jpeg?h=225&w=225
311684929,Shea Moisture 10 In 1 Multi Benefit Conditioner 384Ml,https://www.tesco.com/groceries/en-GB/shop/health-and-beauty/all?department=Conditioner&viewAll=department&page=,£13.00,£3.39/100ml,,,/groceries/en-GB/products/311684929,https://digitalcontent.api.tesco.com/v2/media/ghs/989e1970-0410-4f20-af2e-b2f71c6d3c36/ef1b2533-10b1-4baf-85f3-9810f005cf8a_1326598853.jpeg?h=225&w=225
309198632,Aussie Sos Super Charged Repair Hair Mask 450Ml,https://www.tesco.com/groceries/en-GB/shop/health-and-beauty/all?department=Conditioner&viewAll=department&page=,£12.00,£2.67/100ml,,,/groceries/en-GB/products/309198632,https://digitalcontent.api.tesco.com/v2/media/ghs/b3933d0a-a1c6-43d9-ad6d-24236b0c2084/3f008dea-3388-420d-8ec3-99185d7acda8_1232034675.jpeg?h=225&w=225
312586134,Wakati Re-Activating Conditioning Mist 195Ml,https://www.tesco.com/groceries/en-GB/shop/health-and-beauty/all?department=Conditioner&viewAll=department&page=,£11.00,£5.65/100ml,,,/groceries/en-GB/products/312586134,https://digitalcontent.api.tesco.com/v2/media/ghs/c43a854d-9995-4ee0-9860-00d145f0a54e/9ac77442-b3b0-46c4-bd45-b0e6df50dcc3_353950723.jpeg?h=225&w=225
312587058,Wakati Water-Activated Advanced Conditioner 235Ml,https://www.tesco.com/groceries/en-GB/shop/health-and-beauty/all?department=Conditioner&viewAll=department&page=,£11.00,£4.69/100ml,,,/groceries/en-GB/products/312587058,https://digitalcontent.api.tesco.com/v2/media/ghs/1c377b0a-eaaf-4e45-99af-bc7cf3b25d33/bda014e2-ace5-4560-9cda-40e4f90ef517_547493017.jpeg?h=225&w=225
308854163,Herbal Essences Biological Repair & Renew Hair Mask 450Ml,https://www.tesco.com/groceries/en-GB/shop/health-and-beauty/all?department=Conditioner&viewAll=department&page=,£7.50,£1.67/100ml,,,/groceries/en-GB/products/308854163,https://digitalcontent.api.tesco.com/v2/media/ghs/62d499d5-1011-4f12-a15b-d28ac7edaefa/826b93a2-d3b1-489b-8006-33c9ba2ac83a_886478281.jpeg?h=225&w=225
299250516,Maui Moisture Agave Conditioner 385Ml,https://www.tesco.com/groceries/en-GB/shop/health-and-beauty/all?department=Conditioner&viewAll=department&page=,£8.50,£2.21/100ml,,,/groceries/en-GB/products/299250516,https://digitalcontent.api.tesco.com/v2/media/ghs/76f7ed6e-27a7-40bb-918a-e5b0ca651d3f/d6aed27c-36f5-475c-a816-493e3b70a78d_1681805382.jpeg?h=225&w=225
309465921,Rhyme & Reason Repair & Restore Conditioner 385Ml,https://www.tesco.com/groceries/en-GB/shop/health-and-beauty/all?department=Conditioner&viewAll=department&page=,£9.00,£2.34/100ml,£6.00 Clubcard Price,,/groceries/en-GB/products/309465921,https://digitalcontent.api.tesco.com/v2/media/ghs/e73beeb9-4e22-4435-a92a-8d3ee31e222a/2b2a1654-01bd-4227-9e8f-c0a6d5169672_597338040.jpeg?h=225&w=225
309461303,The Hair Boss The Conditioning Lotion 250Ml,https://www.tesco.com/groceries/en-GB/shop/health-and-beauty/all?department=Conditioner&viewAll=department&page=,£9.00,£3.60/100ml,£7.00 Clubcard Price,,/groceries/en-GB/products/309461303,https://digitalcontent.api.tesco.com/v2/media/ghs/0684fb91-c833-4ccf-ad63-b9fab4f116db/455e2ed4-9e20-4578-9ff2-145d833ac4c1_719802345.jpeg?h=225&w=225
309465719,Maui Moisture Awapuhi Conditioner 385Ml,https://www.tesco.com/groceries/en-GB/shop/health-and-beauty/all?department=Conditioner&viewAll=department&page=,£8.50,£2.21/100ml,,,/groceries/en-GB/products/309465719,https://digitalcontent.api.tesco.com/v2/media/ghs/e1676578-7b2a-4a97-a859-db927da0d41c/19211d6e-5fcd-422f-b6a5-b150b4b54dc0_1449000328.jpeg?h=225&w=225
311674400,John Frieda Rehab & Revive Deep Conditioner 250Ml,https://www.tesco.com/groceries/en-GB/shop/health-and-beauty/all?department=Conditioner&viewAll=department&page=,£8.00,£3.20/100ml,,,/groceries/en-GB/products/311674400,https://digitalcontent.api.tesco.com/v2/media/ghs/75f3823b-0533-4303-bf10-3fc777284e85/06cc32f6-5e37-4407-afe6-1dcf9745ecef_1015844993.jpeg?h=225&w=225
311420062,John Frieda Vibrant Shine Colour Shine Conditioner 250Ml,https://www.tesco.com/groceries/en-GB/shop/health-and-beauty/all?department=Conditioner&viewAll=department&page=,£7.00,£2.80/100ml,,,/groceries/en-GB/products/311420062,https://digitalcontent.api.tesco.com/v2/media/ghs/52108fe2-a96a-4e71-a737-13f33a9739f0/ebd20513-8395-44ba-b326-383d52cae2a3_1755782546.jpeg?h=225&w=225
311667795,John Frieda Rehab & Revive Conditioner 250Ml,https://www.tesco.com/groceries/en-GB/shop/health-and-beauty/all?department=Conditioner&viewAll=department&page=,£7.00,£2.80/100ml,,,/groceries/en-GB/products/311667795,https://digitalcontent.api.tesco.com/v2/media/ghs/2ca12c54-71a0-4497-be3c-cad68c5ee81b/6fb11271-1aa0-4d1d-bab7-2cd594450df3_890136658.jpeg?h=225&w=225
302284839,Maui Moisture Colour Protection Plus Sea/Min Conditioner 385Ml,https://www.tesco.com/groceries/en-GB/shop/health-and-beauty/all?department=Conditioner&viewAll=department&page=,£8.50,£2.21/100ml,,,/groceries/en-GB/products/302284839,https://digitalcontent.api.tesco.com/v2/media/ghs/0801fe57-93c8-4bad-a8bb-359e378713da/ca3c9054-cf65-4cfa-bd2d-f3a1841e262a_1168611987.jpeg?h=225&w=225
305982849,Knight & Wilson Pureplex Bond Conditioner 200Ml,https://www.tesco.com/groceries/en-GB/shop/health-and-beauty/all?department=Conditioner&viewAll=department&page=,£8.00,£4.00/100ml,,,/groceries/en-GB/products/305982849,https://digitalcontent.api.tesco.com/v2/media/ghs/f616c4c8-ec7e-4621-a57b-ca160a17ab15/86752f17-225f-411e-99d2-5e02c8e0b784_325514277.jpeg?h=225&w=225
299250228,Maui Moisture Bamboo Fibers Conditioner 385Ml,https://www.tesco.com/groceries/en-GB/shop/health-and-beauty/all?department=Conditioner&viewAll=department&page=,£8.50,£2.21/100ml,,,/groceries/en-GB/products/299250228,https://digitalcontent.api.tesco.com/v2/media/ghs/63a70eea-2043-4494-8f73-d47df1b38184/08e013e0-4a16-4bae-babd-0b88fe697b31_24639164.jpeg?h=225&w=225
311275861,Noughty To The Rescue Moisture Boost Conditioner 250Ml,https://www.tesco.com/groceries/en-GB/shop/health-and-beauty/all?department=Conditioner&viewAll=department&page=,£7.00,£2.80/100ml,,,/groceries/en-GB/products/311275861,https://digitalcontent.api.tesco.com/v2/media/ghs/31e00bfa-ff96-4be9-8896-92c04d674f4a/snapshotimagehandler_573543515.jpeg?h=225&w=225
309779826,Bleach London Silver Conditioner 250Ml,https://www.tesco.com/groceries/en-GB/shop/health-and-beauty/all?department=Conditioner&viewAll=department&page=,£6.50,£2.60/100ml,,,/groceries/en-GB/products/309779826,https://digitalcontent.api.tesco.com/v2/media/ghs/d4406586-8600-45cd-8464-f8e19b3df783/4e7d6e0c-de3a-4c1e-a33f-15f7efd0bf91_1350026295.jpeg?h=225&w=225
309765606,Bleach London Pearlescent Conditioner 250Ml,https://www.tesco.com/groceries/en-GB/shop/health-and-beauty/all?department=Conditioner&viewAll=department&page=,£6.50,£2.60/100ml,,,/groceries/en-GB/products/309765606,https://digitalcontent.api.tesco.com/v2/media/ghs/d242cf0f-dcb5-4c1d-9f43-b3b883973c45/fcc87c90-4aff-4fff-85cf-38d8f8eabd43_1636888974.jpeg?h=225&w=225
312102800,Garnier Ultra Doux Colour Conditioner Argan Oil Cranberry 400M,https://www.tesco.com/groceries/en-GB/shop/health-and-beauty/all?department=Conditioner&viewAll=department&page=,£2.40,£0.60/100ml,,,/groceries/en-GB/products/312102800,https://digitalcontent.api.tesco.com/v2/media/ghs/6d95d5ed-de4f-4666-ac3d-564082108888/a339d96d-a1f7-4fea-938c-e7b9aa1fabe3_142273954.jpeg?h=225&w=225
259880355,L'oreal Paris Elnett Normal Strength Hair Spray 400Ml,https://www.tesco.com/groceries/en-GB/shop/health-and-beauty/all?department=Haircare%20%26%20Styling&viewAll=department,£6.95,£1.74/100ml,£5.00 Clubcard Price,,/groceries/en-GB/products/259880355,https://digitalcontent.api.tesco.com/v2/media/ghs/7d8109e2-0033-4d3d-9a8f-b371a70ccf38/b091a494-8a11-4174-9292-eb9a6bbcb1a7_317005695.jpeg?h=225&w=225
282049344,Aussie Miracle Hair Insurance 250Ml,https://www.tesco.com/groceries/en-GB/shop/health-and-beauty/all?department=Haircare%20%26%20Styling&viewAll=department,£5.00,£2.00/100ml,Any 3 for £10 Clubcard Price - Selected Aussie Haircare Products 200ml - 300ml,,/groceries/en-GB/products/282049344,https://digitalcontent.api.tesco.com/v2/media/ghs/959c519e-e075-419a-8502-c28e1ecb28e3/da278155-fcf7-4100-b83d-3c237369f70e_1714186164.jpeg?h=225&w=225
262605713,Silvikrin Maximum Hold Hair Spray 400Ml,https://www.tesco.com/groceries/en-GB/shop/health-and-beauty/all?department=Haircare%20%26%20Styling&viewAll=department,£4.20,£1.05/100ml,,,/groceries/en-GB/products/262605713,https://digitalcontent.api.tesco.com/v2/media/ghs/bff3a2bf-2340-46f5-b3f0-dff859d97adc/354b5538-c187-480a-a154-61efcf769a75_284046907.jpeg?h=225&w=225
262605892,Silvikrin Firm Hold Hair Spray 400Ml,https://www.tesco.com/groceries/en-GB/shop/health-and-beauty/all?department=Haircare%20%26%20Styling&viewAll=department,£4.20,£1.05/100ml,,,/groceries/en-GB/products/262605892,https://digitalcontent.api.tesco.com/v2/media/ghs/29fdf158-d689-409b-b393-6d8cb2977a62/bc059be9-069c-4e60-923a-c8c65cf62af2_1661297649.jpeg?h=225&w=225
262605552,Silvikrin Natural Hair Spray 400Ml,https://www.tesco.com/groceries/en-GB/shop/health-and-beauty/all?department=Haircare%20%26%20Styling&viewAll=department,£4.20,£1.05/100ml,,,/groceries/en-GB/products/262605552,https://digitalcontent.api.tesco.com/v2/media/ghs/d8d03d6c-c4c3-49b7-b2fa-30bebc7591bc/5b3a47a5-84d5-4420-9155-86817634809f_1698438375.jpeg?h=225&w=225
259880240,L'oreal Paris Elnett Supreme Hold Hair Spray 400Ml,https://www.tesco.com/groceries/en-GB/shop/health-and-beauty/all?department=Haircare%20%26%20Styling&viewAll=department,£6.95,£1.74/100ml,£5.00 Clubcard Price,,/groceries/en-GB/products/259880240,https://digitalcontent.api.tesco.com/v2/media/ghs/629b194f-3b8c-47cf-9995-95b49055b79f/709dd0e9-42ee-4758-bb87-a78a9fe2eebe_1751838675.jpeg?h=225&w=225
268401376,Vo5 Ultimate Hold Hair Spray 400Ml,https://www.tesco.com/groceries/en-GB/shop/health-and-beauty/all?department=Haircare%20%26%20Styling&viewAll=department,£4.00,£1.00/100ml,,,/groceries/en-GB/products/268401376,https://digitalcontent.api.tesco.com/v2/media/ghs/107891fd-1c5c-4339-9565-0ed7d512e235/2bfb5cca-cffa-42ac-9bf5-4515bb4a13b6_930820054.jpeg?h=225&w=225
261503023,John Frieda Frizz Ease Curl Reviver Mousse 200Ml,https://www.tesco.com/groceries/en-GB/shop/health-and-beauty/all?department=Haircare%20%26%20Styling&viewAll=department,£7.00,£3.50/100ml,Any 2 for £9 Clubcard Price - Selected John Frieda Haircare Products,,/groceries/en-GB/products/261503023,https://digitalcontent.api.tesco.com/v2/media/ghs/bf6a2da7-51a4-44c5-8184-e89a0ab15ea9/41dfaf6d-86bc-4ab9-9d9b-87333be3c8c4_1846852970.jpeg?h=225&w=225
311445211,Aussie 3 Minute Miracle Deep Hair Treatment 225Ml,https://www.tesco.com/groceries/en-GB/shop/health-and-beauty/all?department=Haircare%20%26%20Styling&viewAll=department,£5.00,£2.23/100ml,Any 3 for £10 Clubcard Price - Selected Aussie Haircare Products 200ml - 300ml,,/groceries/en-GB/products/311445211,https://digitalcontent.api.tesco.com/v2/media/ghs/8ea8280f-fde6-48e6-9e78-6cce217e8f62/330a09d1-0e93-45fe-bf9c-f13ef2fd6787_180789416.jpeg?h=225&w=225
276188389,Tresemme Protect Heat Defence Styling Spray 300Ml,https://www.tesco.com/groceries/en-GB/shop/health-and-beauty/all?department=Haircare%20%26%20Styling&viewAll=department,£4.00,£1.34/100ml,,,/groceries/en-GB/products/276188389,https://digitalcontent.api.tesco.com/v2/media/ghs/b541e3d9-aa6b-4a12-a518-26c60a94f07b/a2281bb8-f5f2-4525-a474-35f00d040d83_255722540.jpeg?h=225&w=225
260566623,Vo5 Mega Hold Gel Spray 200Ml,https://www.tesco.com/groceries/en-GB/shop/health-and-beauty/all?department=Haircare%20%26%20Styling&viewAll=department,£3.50,£1.75/100ml,,,/groceries/en-GB/products/260566623,https://digitalcontent.api.tesco.com/v2/media/ghs/8de047c2-163e-4aa8-b4bc-7311cdbb3048/3213051d-a67d-4925-92af-a48f30252900_237565035.jpeg?h=225&w=225
299538315,Tresemme Freeze Hold Hair Spray 400Ml,https://www.tesco.com/groceries/en-GB/shop/health-and-beauty/all?department=Haircare%20%26%20Styling&viewAll=department,£4.00,£1.00/100ml,,,/groceries/en-GB/products/299538315,https://digitalcontent.api.tesco.com/v2/media/ghs/b51a608b-e9f0-4c53-b59d-d65b5158994d/d654147d-6ce1-4c10-b3b4-bd937c5a4cda_1717643807.jpeg?h=225&w=225
255315433,L'oreal Paris Elnett Normal Strength Hair Spray 200Ml,https://www.tesco.com/groceries/en-GB/shop/health-and-beauty/all?department=Haircare%20%26%20Styling&viewAll=department,£4.00,£2.00/100ml,,,/groceries/en-GB/products/255315433,https://digitalcontent.api.tesco.com/v2/media/ghs/2cdd24f8-5e10-4e11-b154-79e416f87acf/211e8b11-8494-411d-b01c-1326795f42e5_1904156980.jpeg?h=225&w=225
311792922,Aussie 3 Minute Miracle Reconstruc Tor 225Ml,https://www.tesco.com/groceries/en-GB/shop/health-and-beauty/all?department=Haircare%20%26%20Styling&viewAll=department,£5.00,£2.23/100ml,Any 3 for £10 Clubcard Price - Selected Aussie Haircare Products 200ml - 300ml,,/groceries/en-GB/products/311792922,https://digitalcontent.api.tesco.com/v2/media/ghs/a199e253-d1c8-4a6c-83a0-604ef922531e/a88343c8-bce4-4997-8b3f-267be973c588_2078921004.jpeg?h=225&w=225
271159138,Batiste Dry Shampoo Tropical 200Ml,https://www.tesco.com/groceries/en-GB/shop/health-and-beauty/all?department=Haircare%20%26%20Styling&viewAll=department,£3.00,£1.50/100ml,,,/groceries/en-GB/products/271159138,https://digitalcontent.api.tesco.com/v2/media/ghs/cc50fbdd-8135-4e0e-acb7-666c1e8e3f89/0e8f956b-ff2f-4f66-9123-7ec0c142da92_819760268.jpeg?h=225&w=225
271158784,Batiste Dry Shampoo Original 200Ml,https://www.tesco.com/groceries/en-GB/shop/health-and-beauty/all?department=Haircare%20%26%20Styling&viewAll=department,£3.00,£1.50/100ml,,,/groceries/en-GB/products/271158784,https://digitalcontent.api.tesco.com/v2/media/ghs/52b66618-3115-4c51-9fa7-521bb9208f0e/3bde0ba9-1352-47d6-b54b-bd1269bd49df_183127495.jpeg?h=225&w=225
256514138,Shockwaves Volume Mousse Ultra Strong 200Ml,https://www.tesco.com/groceries/en-GB/shop/health-and-beauty/all?department=Haircare%20%26%20Styling&viewAll=department,£2.75,£1.38/100ml,,,/groceries/en-GB/products/256514138,https://digitalcontent.api.tesco.com/v2/media/ghs/31feb215-21d0-4da7-8075-0fe2135d0118/340b5c82-ef8b-4f9f-bf39-67947f3027ea_1925156916.jpeg?h=225&w=225
271159023,Batiste Dry Shampoo Blush 200Ml,https://www.tesco.com/groceries/en-GB/shop/health-and-beauty/all?department=Haircare%20%26%20Styling&viewAll=department,£3.00,£1.50/100ml,,,/groceries/en-GB/products/271159023,https://digitalcontent.api.tesco.com/v2/media/ghs/5094867e-9b6f-4509-bd6e-724ba86fddcf/3f209c72-80b6-40a4-84d5-1ea0cb435420_645773911.jpeg?h=225&w=225
271717826,Pantene Pro-V Defined Curls Mousse 200Ml,https://www.tesco.com/groceries/en-GB/shop/health-and-beauty/all?department=Haircare%20%26%20Styling&viewAll=department,£3.15,£1.58/100ml,,,/groceries/en-GB/products/271717826,https://digitalcontent.api.tesco.com/v2/media/ghs/54337dce-19dd-402b-8da9-22f99ea06616/56963776-c431-4a2e-a766-98e0d87c0859_336248140.jpeg?h=225&w=225
309451275,Schwarzkopf Styling Keratin Hair Spray 400Ml,https://www.tesco.com/groceries/en-GB/shop/health-and-beauty/all?department=Haircare%20%26%20Styling&viewAll=department,£3.00,£0.75/100ml,,,/groceries/en-GB/products/309451275,https://digitalcontent.api.tesco.com/v2/media/ghs/e007491b-ab62-4a8c-b7fb-db32a5373b05/f9a8986b-1851-41e0-91b4-18cec6c9cfb7_2068296828.jpeg?h=225&w=225
271718013,Pantene Pro-V Perfect Volume Mousse 200Ml,https://www.tesco.com/groceries/en-GB/shop/health-and-beauty/all?department=Haircare%20%26%20Styling&viewAll=department,£3.15,£1.58/100ml,,,/groceries/en-GB/products/271718013,https://digitalcontent.api.tesco.com/v2/media/ghs/4bb90cd5-62a7-476d-b129-e6e3b9f557d9/1d20d7cd-d13b-42cf-8edf-4592edbfcf64_1370025025.jpeg?h=225&w=225
302134915,Schwarzkopf G2b Fresh It Up 200Ml Dry Shampoo,https://www.tesco.com/groceries/en-GB/shop/health-and-beauty/all?department=Haircare%20%26%20Styling&viewAll=department,£3.00,£1.50/100ml,,,/groceries/en-GB/products/302134915,https://digitalcontent.api.tesco.com/v2/media/ghs/cd08953c-5b8b-44b1-a8d9-9113e66099e9/8091466e-9907-4a7d-8059-4575f54e641d_93039192.jpeg?h=225&w=225
310166266,John Frieda Frizz Ease All In 1 Extra Strength Serum 50Ml,https://www.tesco.com/groceries/en-GB/shop/health-and-beauty/all?department=Haircare%20%26%20Styling&viewAll=department,£8.00,£16.00/100ml,Any 2 for £9 Clubcard Price - Selected John Frieda Haircare Products,,/groceries/en-GB/products/310166266,https://digitalcontent.api.tesco.com/v2/media/ghs/92868410-305b-40d2-bc73-f375381dfda0/029e7690-569e-433b-9557-39b981665351_1587338389.jpeg?h=225&w=225
262604743,Silvikrin Maximum Hold Hair Spray 250Ml,https://www.tesco.com/groceries/en-GB/shop/health-and-beauty/all?department=Haircare%20%26%20Styling&viewAll=department,£3.20,£1.28/100ml,£2.50 Clubcard Price,,/groceries/en-GB/products/262604743,https://digitalcontent.api.tesco.com/v2/media/ghs/d3ce5756-ab97-4c8e-b81b-e5e7d4338ee9/122b33d7-2c5d-47b0-979d-a4c8b6c6859a_1723035374.jpeg?h=225&w=225
259880355,L'oreal Paris Elnett Normal Strength Hair Spray 400Ml,https://www.tesco.com/groceries/en-GB/shop/health-and-beauty/all?department=Haircare%20%26%20Styling&viewAll=department,£6.95,£1.74/100ml,£5.00 Clubcard Price,,/groceries/en-GB/products/259880355,https://digitalcontent.api.tesco.com/v2/media/ghs/7d8109e2-0033-4d3d-9a8f-b371a70ccf38/b091a494-8a11-4174-9292-eb9a6bbcb1a7_317005695.jpeg?h=225&w=225
282049344,Aussie Miracle Hair Insurance 250Ml,https://www.tesco.com/groceries/en-GB/shop/health-and-beauty/all?department=Haircare%20%26%20Styling&viewAll=department,£5.00,£2.00/100ml,Any 3 for £10 Clubcard Price - Selected Aussie Haircare Products 200ml - 300ml,,/groceries/en-GB/products/282049344,https://digitalcontent.api.tesco.com/v2/media/ghs/959c519e-e075-419a-8502-c28e1ecb28e3/da278155-fcf7-4100-b83d-3c237369f70e_1714186164.jpeg?h=225&w=225
262605713,Silvikrin Maximum Hold Hair Spray 400Ml,https://www.tesco.com/groceries/en-GB/shop/health-and-beauty/all?department=Haircare%20%26%20Styling&viewAll=department,£4.20,£1.05/100ml,,,/groceries/en-GB/products/262605713,https://digitalcontent.api.tesco.com/v2/media/ghs/bff3a2bf-2340-46f5-b3f0-dff859d97adc/354b5538-c187-480a-a154-61efcf769a75_284046907.jpeg?h=225&w=225
262605892,Silvikrin Firm Hold Hair Spray 400Ml,https://www.tesco.com/groceries/en-GB/shop/health-and-beauty/all?department=Haircare%20%26%20Styling&viewAll=department,£4.20,£1.05/100ml,,,/groceries/en-GB/products/262605892,https://digitalcontent.api.tesco.com/v2/media/ghs/29fdf158-d689-409b-b393-6d8cb2977a62/bc059be9-069c-4e60-923a-c8c65cf62af2_1661297649.jpeg?h=225&w=225
262605552,Silvikrin Natural Hair Spray 400Ml,https://www.tesco.com/groceries/en-GB/shop/health-and-beauty/all?department=Haircare%20%26%20Styling&viewAll=department,£4.20,£1.05/100ml,,,/groceries/en-GB/products/262605552,https://digitalcontent.api.tesco.com/v2/media/ghs/d8d03d6c-c4c3-49b7-b2fa-30bebc7591bc/5b3a47a5-84d5-4420-9155-86817634809f_1698438375.jpeg?h=225&w=225
259880240,L'oreal Paris Elnett Supreme Hold Hair Spray 400Ml,https://www.tesco.com/groceries/en-GB/shop/health-and-beauty/all?department=Haircare%20%26%20Styling&viewAll=department,£6.95,£1.74/100ml,£5.00 Clubcard Price,,/groceries/en-GB/products/259880240,https://digitalcontent.api.tesco.com/v2/media/ghs/629b194f-3b8c-47cf-9995-95b49055b79f/709dd0e9-42ee-4758-bb87-a78a9fe2eebe_1751838675.jpeg?h=225&w=225
268401376,Vo5 Ultimate Hold Hair Spray 400Ml,https://www.tesco.com/groceries/en-GB/shop/health-and-beauty/all?department=Haircare%20%26%20Styling&viewAll=department,£4.00,£1.00/100ml,,,/groceries/en-GB/products/268401376,https://digitalcontent.api.tesco.com/v2/media/ghs/107891fd-1c5c-4339-9565-0ed7d512e235/2bfb5cca-cffa-42ac-9bf5-4515bb4a13b6_930820054.jpeg?h=225&w=225
261503023,John Frieda Frizz Ease Curl Reviver Mousse 200Ml,https://www.tesco.com/groceries/en-GB/shop/health-and-beauty/all?department=Haircare%20%26%20Styling&viewAll=department,£7.00,£3.50/100ml,Any 2 for £9 Clubcard Price - Selected John Frieda Haircare Products,,/groceries/en-GB/products/261503023,https://digitalcontent.api.tesco.com/v2/media/ghs/bf6a2da7-51a4-44c5-8184-e89a0ab15ea9/41dfaf6d-86bc-4ab9-9d9b-87333be3c8c4_1846852970.jpeg?h=225&w=225
311445211,Aussie 3 Minute Miracle Deep Hair Treatment 225Ml,https://www.tesco.com/groceries/en-GB/shop/health-and-beauty/all?department=Haircare%20%26%20Styling&viewAll=department,£5.00,£2.23/100ml,Any 3 for £10 Clubcard Price - Selected Aussie Haircare Products 200ml - 300ml,,/groceries/en-GB/products/311445211,https://digitalcontent.api.tesco.com/v2/media/ghs/8ea8280f-fde6-48e6-9e78-6cce217e8f62/330a09d1-0e93-45fe-bf9c-f13ef2fd6787_180789416.jpeg?h=225&w=225
276188389,Tresemme Protect Heat Defence Styling Spray 300Ml,https://www.tesco.com/groceries/en-GB/shop/health-and-beauty/all?department=Haircare%20%26%20Styling&viewAll=department,£4.00,£1.34/100ml,,,/groceries/en-GB/products/276188389,https://digitalcontent.api.tesco.com/v2/media/ghs/b541e3d9-aa6b-4a12-a518-26c60a94f07b/a2281bb8-f5f2-4525-a474-35f00d040d83_255722540.jpeg?h=225&w=225
260566623,Vo5 Mega Hold Gel Spray 200Ml,https://www.tesco.com/groceries/en-GB/shop/health-and-beauty/all?department=Haircare%20%26%20Styling&viewAll=department,£3.50,£1.75/100ml,,,/groceries/en-GB/products/260566623,https://digitalcontent.api.tesco.com/v2/media/ghs/8de047c2-163e-4aa8-b4bc-7311cdbb3048/3213051d-a67d-4925-92af-a48f30252900_237565035.jpeg?h=225&w=225
299538315,Tresemme Freeze Hold Hair Spray 400Ml,https://www.tesco.com/groceries/en-GB/shop/health-and-beauty/all?department=Haircare%20%26%20Styling&viewAll=department,£4.00,£1.00/100ml,,,/groceries/en-GB/products/299538315,https://digitalcontent.api.tesco.com/v2/media/ghs/b51a608b-e9f0-4c53-b59d-d65b5158994d/d654147d-6ce1-4c10-b3b4-bd937c5a4cda_1717643807.jpeg?h=225&w=225
255315433,L'oreal Paris Elnett Normal Strength Hair Spray 200Ml,https://www.tesco.com/groceries/en-GB/shop/health-and-beauty/all?department=Haircare%20%26%20Styling&viewAll=department,£4.00,£2.00/100ml,,,/groceries/en-GB/products/255315433,https://digitalcontent.api.tesco.com/v2/media/ghs/2cdd24f8-5e10-4e11-b154-79e416f87acf/211e8b11-8494-411d-b01c-1326795f42e5_1904156980.jpeg?h=225&w=225
311792922,Aussie 3 Minute Miracle Reconstruc Tor 225Ml,https://www.tesco.com/groceries/en-GB/shop/health-and-beauty/all?department=Haircare%20%26%20Styling&viewAll=department,£5.00,£2.23/100ml,Any 3 for £10 Clubcard Price - Selected Aussie Haircare Products 200ml - 300ml,,/groceries/en-GB/products/311792922,https://digitalcontent.api.tesco.com/v2/media/ghs/a199e253-d1c8-4a6c-83a0-604ef922531e/a88343c8-bce4-4997-8b3f-267be973c588_2078921004.jpeg?h=225&w=225
271159138,Batiste Dry Shampoo Tropical 200Ml,https://www.tesco.com/groceries/en-GB/shop/health-and-beauty/all?department=Haircare%20%26%20Styling&viewAll=department,£3.00,£1.50/100ml,,,/groceries/en-GB/products/271159138,https://digitalcontent.api.tesco.com/v2/media/ghs/cc50fbdd-8135-4e0e-acb7-666c1e8e3f89/0e8f956b-ff2f-4f66-9123-7ec0c142da92_819760268.jpeg?h=225&w=225
271158784,Batiste Dry Shampoo Original 200Ml,https://www.tesco.com/groceries/en-GB/shop/health-and-beauty/all?department=Haircare%20%26%20Styling&viewAll=department,£3.00,£1.50/100ml,,,/groceries/en-GB/products/271158784,https://digitalcontent.api.tesco.com/v2/media/ghs/52b66618-3115-4c51-9fa7-521bb9208f0e/3bde0ba9-1352-47d6-b54b-bd1269bd49df_183127495.jpeg?h=225&w=225
256514138,Shockwaves Volume Mousse Ultra Strong 200Ml,https://www.tesco.com/groceries/en-GB/shop/health-and-beauty/all?department=Haircare%20%26%20Styling&viewAll=department,£2.75,£1.38/100ml,,,/groceries/en-GB/products/256514138,https://digitalcontent.api.tesco.com/v2/media/ghs/31feb215-21d0-4da7-8075-0fe2135d0118/340b5c82-ef8b-4f9f-bf39-67947f3027ea_1925156916.jpeg?h=225&w=225
271159023,Batiste Dry Shampoo Blush 200Ml,https://www.tesco.com/groceries/en-GB/shop/health-and-beauty/all?department=Haircare%20%26%20Styling&viewAll=department,£3.00,£1.50/100ml,,,/groceries/en-GB/products/271159023,https://digitalcontent.api.tesco.com/v2/media/ghs/5094867e-9b6f-4509-bd6e-724ba86fddcf/3f209c72-80b6-40a4-84d5-1ea0cb435420_645773911.jpeg?h=225&w=225
271717826,Pantene Pro-V Defined Curls Mousse 200Ml,https://www.tesco.com/groceries/en-GB/shop/health-and-beauty/all?department=Haircare%20%26%20Styling&viewAll=department,£3.15,£1.58/100ml,,,/groceries/en-GB/products/271717826,https://digitalcontent.api.tesco.com/v2/media/ghs/54337dce-19dd-402b-8da9-22f99ea06616/56963776-c431-4a2e-a766-98e0d87c0859_336248140.jpeg?h=225&w=225
309451275,Schwarzkopf Styling Keratin Hair Spray 400Ml,https://www.tesco.com/groceries/en-GB/shop/health-and-beauty/all?department=Haircare%20%26%20Styling&viewAll=department,£3.00,£0.75/100ml,,,/groceries/en-GB/products/309451275,https://digitalcontent.api.tesco.com/v2/media/ghs/e007491b-ab62-4a8c-b7fb-db32a5373b05/f9a8986b-1851-41e0-91b4-18cec6c9cfb7_2068296828.jpeg?h=225&w=225
271718013,Pantene Pro-V Perfect Volume Mousse 200Ml,https://www.tesco.com/groceries/en-GB/shop/health-and-beauty/all?department=Haircare%20%26%20Styling&viewAll=department,£3.15,£1.58/100ml,,,/groceries/en-GB/products/271718013,https://digitalcontent.api.tesco.com/v2/media/ghs/4bb90cd5-62a7-476d-b129-e6e3b9f557d9/1d20d7cd-d13b-42cf-8edf-4592edbfcf64_1370025025.jpeg?h=225&w=225
302134915,Schwarzkopf G2b Fresh It Up 200Ml Dry Shampoo,https://www.tesco.com/groceries/en-GB/shop/health-and-beauty/all?department=Haircare%20%26%20Styling&viewAll=department,£3.00,£1.50/100ml,,,/groceries/en-GB/products/302134915,https://digitalcontent.api.tesco.com/v2/media/ghs/cd08953c-5b8b-44b1-a8d9-9113e66099e9/8091466e-9907-4a7d-8059-4575f54e641d_93039192.jpeg?h=225&w=225
310166266,John Frieda Frizz Ease All In 1 Extra Strength Serum 50Ml,https://www.tesco.com/groceries/en-GB/shop/health-and-beauty/all?department=Haircare%20%26%20Styling&viewAll=department,£8.00,£16.00/100ml,Any 2 for £9 Clubcard Price - Selected John Frieda Haircare Products,,/groceries/en-GB/products/310166266,https://digitalcontent.api.tesco.com/v2/media/ghs/92868410-305b-40d2-bc73-f375381dfda0/029e7690-569e-433b-9557-39b981665351_1587338389.jpeg?h=225&w=225
262604743,Silvikrin Maximum Hold Hair Spray 250Ml,https://www.tesco.com/groceries/en-GB/shop/health-and-beauty/all?department=Haircare%20%26%20Styling&viewAll=department,£3.20,£1.28/100ml,£2.50 Clubcard Price,,/groceries/en-GB/products/262604743,https://digitalcontent.api.tesco.com/v2/media/ghs/d3ce5756-ab97-4c8e-b81b-e5e7d4338ee9/122b33d7-2c5d-47b0-979d-a4c8b6c6859a_1723035374.jpeg?h=225&w=225
259880355,L'oreal Paris Elnett Normal Strength Hair Spray 400Ml,https://www.tesco.com/groceries/en-GB/shop/health-and-beauty/all?department=Haircare%20%26%20Styling&viewAll=department,£6.95,£1.74/100ml,£5.00 Clubcard Price,,/groceries/en-GB/products/259880355,https://digitalcontent.api.tesco.com/v2/media/ghs/7d8109e2-0033-4d3d-9a8f-b371a70ccf38/b091a494-8a11-4174-9292-eb9a6bbcb1a7_317005695.jpeg?h=225&w=225
282049344,Aussie Miracle Hair Insurance 250Ml,https://www.tesco.com/groceries/en-GB/shop/health-and-beauty/all?department=Haircare%20%26%20Styling&viewAll=department,£5.00,£2.00/100ml,Any 3 for £10 Clubcard Price - Selected Aussie Haircare Products 200ml - 300ml,,/groceries/en-GB/products/282049344,https://digitalcontent.api.tesco.com/v2/media/ghs/959c519e-e075-419a-8502-c28e1ecb28e3/da278155-fcf7-4100-b83d-3c237369f70e_1714186164.jpeg?h=225&w=225
262605713,Silvikrin Maximum Hold Hair Spray 400Ml,https://www.tesco.com/groceries/en-GB/shop/health-and-beauty/all?department=Haircare%20%26%20Styling&viewAll=department,£4.20,£1.05/100ml,,,/groceries/en-GB/products/262605713,https://digitalcontent.api.tesco.com/v2/media/ghs/bff3a2bf-2340-46f5-b3f0-dff859d97adc/354b5538-c187-480a-a154-61efcf769a75_284046907.jpeg?h=225&w=225
262605892,Silvikrin Firm Hold Hair Spray 400Ml,https://www.tesco.com/groceries/en-GB/shop/health-and-beauty/all?department=Haircare%20%26%20Styling&viewAll=department,£4.20,£1.05/100ml,,,/groceries/en-GB/products/262605892,https://digitalcontent.api.tesco.com/v2/media/ghs/29fdf158-d689-409b-b393-6d8cb2977a62/bc059be9-069c-4e60-923a-c8c65cf62af2_1661297649.jpeg?h=225&w=225
262605552,Silvikrin Natural Hair Spray 400Ml,https://www.tesco.com/groceries/en-GB/shop/health-and-beauty/all?department=Haircare%20%26%20Styling&viewAll=department,£4.20,£1.05/100ml,,,/groceries/en-GB/products/262605552,https://digitalcontent.api.tesco.com/v2/media/ghs/d8d03d6c-c4c3-49b7-b2fa-30bebc7591bc/5b3a47a5-84d5-4420-9155-86817634809f_1698438375.jpeg?h=225&w=225
259880240,L'oreal Paris Elnett Supreme Hold Hair Spray 400Ml,https://www.tesco.com/groceries/en-GB/shop/health-and-beauty/all?department=Haircare%20%26%20Styling&viewAll=department,£6.95,£1.74/100ml,£5.00 Clubcard Price,,/groceries/en-GB/products/259880240,https://digitalcontent.api.tesco.com/v2/media/ghs/629b194f-3b8c-47cf-9995-95b49055b79f/709dd0e9-42ee-4758-bb87-a78a9fe2eebe_1751838675.jpeg?h=225&w=225
268401376,Vo5 Ultimate Hold Hair Spray 400Ml,https://www.tesco.com/groceries/en-GB/shop/health-and-beauty/all?department=Haircare%20%26%20Styling&viewAll=department,£4.00,£1.00/100ml,,,/groceries/en-GB/products/268401376,https://digitalcontent.api.tesco.com/v2/media/ghs/107891fd-1c5c-4339-9565-0ed7d512e235/2bfb5cca-cffa-42ac-9bf5-4515bb4a13b6_930820054.jpeg?h=225&w=225
261503023,John Frieda Frizz Ease Curl Reviver Mousse 200Ml,https://www.tesco.com/groceries/en-GB/shop/health-and-beauty/all?department=Haircare%20%26%20Styling&viewAll=department,£7.00,£3.50/100ml,Any 2 for £9 Clubcard Price - Selected John Frieda Haircare Products,,/groceries/en-GB/products/261503023,https://digitalcontent.api.tesco.com/v2/media/ghs/bf6a2da7-51a4-44c5-8184-e89a0ab15ea9/41dfaf6d-86bc-4ab9-9d9b-87333be3c8c4_1846852970.jpeg?h=225&w=225
311445211,Aussie 3 Minute Miracle Deep Hair Treatment 225Ml,https://www.tesco.com/groceries/en-GB/shop/health-and-beauty/all?department=Haircare%20%26%20Styling&viewAll=department,£5.00,£2.23/100ml,Any 3 for £10 Clubcard Price - Selected Aussie Haircare Products 200ml - 300ml,,/groceries/en-GB/products/311445211,https://digitalcontent.api.tesco.com/v2/media/ghs/8ea8280f-fde6-48e6-9e78-6cce217e8f62/330a09d1-0e93-45fe-bf9c-f13ef2fd6787_180789416.jpeg?h=225&w=225
276188389,Tresemme Protect Heat Defence Styling Spray 300Ml,https://www.tesco.com/groceries/en-GB/shop/health-and-beauty/all?department=Haircare%20%26%20Styling&viewAll=department,£4.00,£1.34/100ml,,,/groceries/en-GB/products/276188389,https://digitalcontent.api.tesco.com/v2/media/ghs/b541e3d9-aa6b-4a12-a518-26c60a94f07b/a2281bb8-f5f2-4525-a474-35f00d040d83_255722540.jpeg?h=225&w=225
260566623,Vo5 Mega Hold Gel Spray 200Ml,https://www.tesco.com/groceries/en-GB/shop/health-and-beauty/all?department=Haircare%20%26%20Styling&viewAll=department,£3.50,£1.75/100ml,,,/groceries/en-GB/products/260566623,https://digitalcontent.api.tesco.com/v2/media/ghs/8de047c2-163e-4aa8-b4bc-7311cdbb3048/3213051d-a67d-4925-92af-a48f30252900_237565035.jpeg?h=225&w=225
299538315,Tresemme Freeze Hold Hair Spray 400Ml,https://www.tesco.com/groceries/en-GB/shop/health-and-beauty/all?department=Haircare%20%26%20Styling&viewAll=department,£4.00,£1.00/100ml,,,/groceries/en-GB/products/299538315,https://digitalcontent.api.tesco.com/v2/media/ghs/b51a608b-e9f0-4c53-b59d-d65b5158994d/d654147d-6ce1-4c10-b3b4-bd937c5a4cda_1717643807.jpeg?h=225&w=225
255315433,L'oreal Paris Elnett Normal Strength Hair Spray 200Ml,https://www.tesco.com/groceries/en-GB/shop/health-and-beauty/all?department=Haircare%20%26%20Styling&viewAll=department,£4.00,£2.00/100ml,,,/groceries/en-GB/products/255315433,https://digitalcontent.api.tesco.com/v2/media/ghs/2cdd24f8-5e10-4e11-b154-79e416f87acf/211e8b11-8494-411d-b01c-1326795f42e5_1904156980.jpeg?h=225&w=225
311792922,Aussie 3 Minute Miracle Reconstruc Tor 225Ml,https://www.tesco.com/groceries/en-GB/shop/health-and-beauty/all?department=Haircare%20%26%20Styling&viewAll=department,£5.00,£2.23/100ml,Any 3 for £10 Clubcard Price - Selected Aussie Haircare Products 200ml - 300ml,,/groceries/en-GB/products/311792922,https://digitalcontent.api.tesco.com/v2/media/ghs/a199e253-d1c8-4a6c-83a0-604ef922531e/a88343c8-bce4-4997-8b3f-267be973c588_2078921004.jpeg?h=225&w=225
271159138,Batiste Dry Shampoo Tropical 200Ml,https://www.tesco.com/groceries/en-GB/shop/health-and-beauty/all?department=Haircare%20%26%20Styling&viewAll=department,£3.00,£1.50/100ml,,,/groceries/en-GB/products/271159138,https://digitalcontent.api.tesco.com/v2/media/ghs/cc50fbdd-8135-4e0e-acb7-666c1e8e3f89/0e8f956b-ff2f-4f66-9123-7ec0c142da92_819760268.jpeg?h=225&w=225
271158784,Batiste Dry Shampoo Original 200Ml,https://www.tesco.com/groceries/en-GB/shop/health-and-beauty/all?department=Haircare%20%26%20Styling&viewAll=department,£3.00,£1.50/100ml,,,/groceries/en-GB/products/271158784,https://digitalcontent.api.tesco.com/v2/media/ghs/52b66618-3115-4c51-9fa7-521bb9208f0e/3bde0ba9-1352-47d6-b54b-bd1269bd49df_183127495.jpeg?h=225&w=225
256514138,Shockwaves Volume Mousse Ultra Strong 200Ml,https://www.tesco.com/groceries/en-GB/shop/health-and-beauty/all?department=Haircare%20%26%20Styling&viewAll=department,£2.75,£1.38/100ml,,,/groceries/en-GB/products/256514138,https://digitalcontent.api.tesco.com/v2/media/ghs/31feb215-21d0-4da7-8075-0fe2135d0118/340b5c82-ef8b-4f9f-bf39-67947f3027ea_1925156916.jpeg?h=225&w=225
271159023,Batiste Dry Shampoo Blush 200Ml,https://www.tesco.com/groceries/en-GB/shop/health-and-beauty/all?department=Haircare%20%26%20Styling&viewAll=department,£3.00,£1.50/100ml,,,/groceries/en-GB/products/271159023,https://digitalcontent.api.tesco.com/v2/media/ghs/5094867e-9b6f-4509-bd6e-724ba86fddcf/3f209c72-80b6-40a4-84d5-1ea0cb435420_645773911.jpeg?h=225&w=225
271717826,Pantene Pro-V Defined Curls Mousse 200Ml,https://www.tesco.com/groceries/en-GB/shop/health-and-beauty/all?department=Haircare%20%26%20Styling&viewAll=department,£3.15,£1.58/100ml,,,/groceries/en-GB/products/271717826,https://digitalcontent.api.tesco.com/v2/media/ghs/54337dce-19dd-402b-8da9-22f99ea06616/56963776-c431-4a2e-a766-98e0d87c0859_336248140.jpeg?h=225&w=225
309451275,Schwarzkopf Styling Keratin Hair Spray 400Ml,https://www.tesco.com/groceries/en-GB/shop/health-and-beauty/all?department=Haircare%20%26%20Styling&viewAll=department,£3.00,£0.75/100ml,,,/groceries/en-GB/products/309451275,https://digitalcontent.api.tesco.com/v2/media/ghs/e007491b-ab62-4a8c-b7fb-db32a5373b05/f9a8986b-1851-41e0-91b4-18cec6c9cfb7_2068296828.jpeg?h=225&w=225
271718013,Pantene Pro-V Perfect Volume Mousse 200Ml,https://www.tesco.com/groceries/en-GB/shop/health-and-beauty/all?department=Haircare%20%26%20Styling&viewAll=department,£3.15,£1.58/100ml,,,/groceries/en-GB/products/271718013,https://digitalcontent.api.tesco.com/v2/media/ghs/4bb90cd5-62a7-476d-b129-e6e3b9f557d9/1d20d7cd-d13b-42cf-8edf-4592edbfcf64_1370025025.jpeg?h=225&w=225
302134915,Schwarzkopf G2b Fresh It Up 200Ml Dry Shampoo,https://www.tesco.com/groceries/en-GB/shop/health-and-beauty/all?department=Haircare%20%26%20Styling&viewAll=department,£3.00,£1.50/100ml,,,/groceries/en-GB/products/302134915,https://digitalcontent.api.tesco.com/v2/media/ghs/cd08953c-5b8b-44b1-a8d9-9113e66099e9/8091466e-9907-4a7d-8059-4575f54e641d_93039192.jpeg?h=225&w=225
310166266,John Frieda Frizz Ease All In 1 Extra Strength Serum 50Ml,https://www.tesco.com/groceries/en-GB/shop/health-and-beauty/all?department=Haircare%20%26%20Styling&viewAll=department,£8.00,£16.00/100ml,Any 2 for £9 Clubcard Price - Selected John Frieda Haircare Products,,/groceries/en-GB/products/310166266,https://digitalcontent.api.tesco.com/v2/media/ghs/92868410-305b-40d2-bc73-f375381dfda0/029e7690-569e-433b-9557-39b981665351_1587338389.jpeg?h=225&w=225
262604743,Silvikrin Maximum Hold Hair Spray 250Ml,https://www.tesco.com/groceries/en-GB/shop/health-and-beauty/all?department=Haircare%20%26%20Styling&viewAll=department,£3.20,£1.28/100ml,£2.50 Clubcard Price,,/groceries/en-GB/products/262604743,https://digitalcontent.api.tesco.com/v2/media/ghs/d3ce5756-ab97-4c8e-b81b-e5e7d4338ee9/122b33d7-2c5d-47b0-979d-a4c8b6c6859a_1723035374.jpeg?h=225&w=225
259880355,L'oreal Paris Elnett Normal Strength Hair Spray 400Ml,https://www.tesco.com/groceries/en-GB/shop/health-and-beauty/all?department=Haircare%20%26%20Styling&viewAll=department,£6.95,£1.74/100ml,£5.00 Clubcard Price,,/groceries/en-GB/products/259880355,https://digitalcontent.api.tesco.com/v2/media/ghs/7d8109e2-0033-4d3d-9a8f-b371a70ccf38/b091a494-8a11-4174-9292-eb9a6bbcb1a7_317005695.jpeg?h=225&w=225
282049344,Aussie Miracle Hair Insurance 250Ml,https://www.tesco.com/groceries/en-GB/shop/health-and-beauty/all?department=Haircare%20%26%20Styling&viewAll=department,£5.00,£2.00/100ml,Any 3 for £10 Clubcard Price - Selected Aussie Haircare Products 200ml - 300ml,,/groceries/en-GB/products/282049344,https://digitalcontent.api.tesco.com/v2/media/ghs/959c519e-e075-419a-8502-c28e1ecb28e3/da278155-fcf7-4100-b83d-3c237369f70e_1714186164.jpeg?h=225&w=225
262605713,Silvikrin Maximum Hold Hair Spray 400Ml,https://www.tesco.com/groceries/en-GB/shop/health-and-beauty/all?department=Haircare%20%26%20Styling&viewAll=department,£4.20,£1.05/100ml,,,/groceries/en-GB/products/262605713,https://digitalcontent.api.tesco.com/v2/media/ghs/bff3a2bf-2340-46f5-b3f0-dff859d97adc/354b5538-c187-480a-a154-61efcf769a75_284046907.jpeg?h=225&w=225
262605892,Silvikrin Firm Hold Hair Spray 400Ml,https://www.tesco.com/groceries/en-GB/shop/health-and-beauty/all?department=Haircare%20%26%20Styling&viewAll=department,£4.20,£1.05/100ml,,,/groceries/en-GB/products/262605892,https://digitalcontent.api.tesco.com/v2/media/ghs/29fdf158-d689-409b-b393-6d8cb2977a62/bc059be9-069c-4e60-923a-c8c65cf62af2_1661297649.jpeg?h=225&w=225
262605552,Silvikrin Natural Hair Spray 400Ml,https://www.tesco.com/groceries/en-GB/shop/health-and-beauty/all?department=Haircare%20%26%20Styling&viewAll=department,£4.20,£1.05/100ml,,,/groceries/en-GB/products/262605552,https://digitalcontent.api.tesco.com/v2/media/ghs/d8d03d6c-c4c3-49b7-b2fa-30bebc7591bc/5b3a47a5-84d5-4420-9155-86817634809f_1698438375.jpeg?h=225&w=225
259880240,L'oreal Paris Elnett Supreme Hold Hair Spray 400Ml,https://www.tesco.com/groceries/en-GB/shop/health-and-beauty/all?department=Haircare%20%26%20Styling&viewAll=department,£6.95,£1.74/100ml,£5.00 Clubcard Price,,/groceries/en-GB/products/259880240,https://digitalcontent.api.tesco.com/v2/media/ghs/629b194f-3b8c-47cf-9995-95b49055b79f/709dd0e9-42ee-4758-bb87-a78a9fe2eebe_1751838675.jpeg?h=225&w=225
268401376,Vo5 Ultimate Hold Hair Spray 400Ml,https://www.tesco.com/groceries/en-GB/shop/health-and-beauty/all?department=Haircare%20%26%20Styling&viewAll=department,£4.00,£1.00/100ml,,,/groceries/en-GB/products/268401376,https://digitalcontent.api.tesco.com/v2/media/ghs/107891fd-1c5c-4339-9565-0ed7d512e235/2bfb5cca-cffa-42ac-9bf5-4515bb4a13b6_930820054.jpeg?h=225&w=225
261503023,John Frieda Frizz Ease Curl Reviver Mousse 200Ml,https://www.tesco.com/groceries/en-GB/shop/health-and-beauty/all?department=Haircare%20%26%20Styling&viewAll=department,£7.00,£3.50/100ml,Any 2 for £9 Clubcard Price - Selected John Frieda Haircare Products,,/groceries/en-GB/products/261503023,https://digitalcontent.api.tesco.com/v2/media/ghs/bf6a2da7-51a4-44c5-8184-e89a0ab15ea9/41dfaf6d-86bc-4ab9-9d9b-87333be3c8c4_1846852970.jpeg?h=225&w=225
311445211,Aussie 3 Minute Miracle Deep Hair Treatment 225Ml,https://www.tesco.com/groceries/en-GB/shop/health-and-beauty/all?department=Haircare%20%26%20Styling&viewAll=department,£5.00,£2.23/100ml,Any 3 for £10 Clubcard Price - Selected Aussie Haircare Products 200ml - 300ml,,/groceries/en-GB/products/311445211,https://digitalcontent.api.tesco.com/v2/media/ghs/8ea8280f-fde6-48e6-9e78-6cce217e8f62/330a09d1-0e93-45fe-bf9c-f13ef2fd6787_180789416.jpeg?h=225&w=225
276188389,Tresemme Protect Heat Defence Styling Spray 300Ml,https://www.tesco.com/groceries/en-GB/shop/health-and-beauty/all?department=Haircare%20%26%20Styling&viewAll=department,£4.00,£1.34/100ml,,,/groceries/en-GB/products/276188389,https://digitalcontent.api.tesco.com/v2/media/ghs/b541e3d9-aa6b-4a12-a518-26c60a94f07b/a2281bb8-f5f2-4525-a474-35f00d040d83_255722540.jpeg?h=225&w=225
260566623,Vo5 Mega Hold Gel Spray 200Ml,https://www.tesco.com/groceries/en-GB/shop/health-and-beauty/all?department=Haircare%20%26%20Styling&viewAll=department,£3.50,£1.75/100ml,,,/groceries/en-GB/products/260566623,https://digitalcontent.api.tesco.com/v2/media/ghs/8de047c2-163e-4aa8-b4bc-7311cdbb3048/3213051d-a67d-4925-92af-a48f30252900_237565035.jpeg?h=225&w=225
299538315,Tresemme Freeze Hold Hair Spray 400Ml,https://www.tesco.com/groceries/en-GB/shop/health-and-beauty/all?department=Haircare%20%26%20Styling&viewAll=department,£4.00,£1.00/100ml,,,/groceries/en-GB/products/299538315,https://digitalcontent.api.tesco.com/v2/media/ghs/b51a608b-e9f0-4c53-b59d-d65b5158994d/d654147d-6ce1-4c10-b3b4-bd937c5a4cda_1717643807.jpeg?h=225&w=225
255315433,L'oreal Paris Elnett Normal Strength Hair Spray 200Ml,https://www.tesco.com/groceries/en-GB/shop/health-and-beauty/all?department=Haircare%20%26%20Styling&viewAll=department,£4.00,£2.00/100ml,,,/groceries/en-GB/products/255315433,https://digitalcontent.api.tesco.com/v2/media/ghs/2cdd24f8-5e10-4e11-b154-79e416f87acf/211e8b11-8494-411d-b01c-1326795f42e5_1904156980.jpeg?h=225&w=225
311792922,Aussie 3 Minute Miracle Reconstruc Tor 225Ml,https://www.tesco.com/groceries/en-GB/shop/health-and-beauty/all?department=Haircare%20%26%20Styling&viewAll=department,£5.00,£2.23/100ml,Any 3 for £10 Clubcard Price - Selected Aussie Haircare Products 200ml - 300ml,,/groceries/en-GB/products/311792922,https://digitalcontent.api.tesco.com/v2/media/ghs/a199e253-d1c8-4a6c-83a0-604ef922531e/a88343c8-bce4-4997-8b3f-267be973c588_2078921004.jpeg?h=225&w=225
271159138,Batiste Dry Shampoo Tropical 200Ml,https://www.tesco.com/groceries/en-GB/shop/health-and-beauty/all?department=Haircare%20%26%20Styling&viewAll=department,£3.00,£1.50/100ml,,,/groceries/en-GB/products/271159138,https://digitalcontent.api.tesco.com/v2/media/ghs/cc50fbdd-8135-4e0e-acb7-666c1e8e3f89/0e8f956b-ff2f-4f66-9123-7ec0c142da92_819760268.jpeg?h=225&w=225
271158784,Batiste Dry Shampoo Original 200Ml,https://www.tesco.com/groceries/en-GB/shop/health-and-beauty/all?department=Haircare%20%26%20Styling&viewAll=department,£3.00,£1.50/100ml,,,/groceries/en-GB/products/271158784,https://digitalcontent.api.tesco.com/v2/media/ghs/52b66618-3115-4c51-9fa7-521bb9208f0e/3bde0ba9-1352-47d6-b54b-bd1269bd49df_183127495.jpeg?h=225&w=225
256514138,Shockwaves Volume Mousse Ultra Strong 200Ml,https://www.tesco.com/groceries/en-GB/shop/health-and-beauty/all?department=Haircare%20%26%20Styling&viewAll=department,£2.75,£1.38/100ml,,,/groceries/en-GB/products/256514138,https://digitalcontent.api.tesco.com/v2/media/ghs/31feb215-21d0-4da7-8075-0fe2135d0118/340b5c82-ef8b-4f9f-bf39-67947f3027ea_1925156916.jpeg?h=225&w=225
271159023,Batiste Dry Shampoo Blush 200Ml,https://www.tesco.com/groceries/en-GB/shop/health-and-beauty/all?department=Haircare%20%26%20Styling&viewAll=department,£3.00,£1.50/100ml,,,/groceries/en-GB/products/271159023,https://digitalcontent.api.tesco.com/v2/media/ghs/5094867e-9b6f-4509-bd6e-724ba86fddcf/3f209c72-80b6-40a4-84d5-1ea0cb435420_645773911.jpeg?h=225&w=225
271717826,Pantene Pro-V Defined Curls Mousse 200Ml,https://www.tesco.com/groceries/en-GB/shop/health-and-beauty/all?department=Haircare%20%26%20Styling&viewAll=department,£3.15,£1.58/100ml,,,/groceries/en-GB/products/271717826,https://digitalcontent.api.tesco.com/v2/media/ghs/54337dce-19dd-402b-8da9-22f99ea06616/56963776-c431-4a2e-a766-98e0d87c0859_336248140.jpeg?h=225&w=225
309451275,Schwarzkopf Styling Keratin Hair Spray 400Ml,https://www.tesco.com/groceries/en-GB/shop/health-and-beauty/all?department=Haircare%20%26%20Styling&viewAll=department,£3.00,£0.75/100ml,,,/groceries/en-GB/products/309451275,https://digitalcontent.api.tesco.com/v2/media/ghs/e007491b-ab62-4a8c-b7fb-db32a5373b05/f9a8986b-1851-41e0-91b4-18cec6c9cfb7_2068296828.jpeg?h=225&w=225
271718013,Pantene Pro-V Perfect Volume Mousse 200Ml,https://www.tesco.com/groceries/en-GB/shop/health-and-beauty/all?department=Haircare%20%26%20Styling&viewAll=department,£3.15,£1.58/100ml,,,/groceries/en-GB/products/271718013,https://digitalcontent.api.tesco.com/v2/media/ghs/4bb90cd5-62a7-476d-b129-e6e3b9f557d9/1d20d7cd-d13b-42cf-8edf-4592edbfcf64_1370025025.jpeg?h=225&w=225
302134915,Schwarzkopf G2b Fresh It Up 200Ml Dry Shampoo,https://www.tesco.com/groceries/en-GB/shop/health-and-beauty/all?department=Haircare%20%26%20Styling&viewAll=department,£3.00,£1.50/100ml,,,/groceries/en-GB/products/302134915,https://digitalcontent.api.tesco.com/v2/media/ghs/cd08953c-5b8b-44b1-a8d9-9113e66099e9/8091466e-9907-4a7d-8059-4575f54e641d_93039192.jpeg?h=225&w=225
310166266,John Frieda Frizz Ease All In 1 Extra Strength Serum 50Ml,https://www.tesco.com/groceries/en-GB/shop/health-and-beauty/all?department=Haircare%20%26%20Styling&viewAll=department,£8.00,£16.00/100ml,Any 2 for £9 Clubcard Price - Selected John Frieda Haircare Products,,/groceries/en-GB/products/310166266,https://digitalcontent.api.tesco.com/v2/media/ghs/92868410-305b-40d2-bc73-f375381dfda0/029e7690-569e-433b-9557-39b981665351_1587338389.jpeg?h=225&w=225
262604743,Silvikrin Maximum Hold Hair Spray 250Ml,https://www.tesco.com/groceries/en-GB/shop/health-and-beauty/all?department=Haircare%20%26%20Styling&viewAll=department,£3.20,£1.28/100ml,£2.50 Clubcard Price,,/groceries/en-GB/products/262604743,https://digitalcontent.api.tesco.com/v2/media/ghs/d3ce5756-ab97-4c8e-b81b-e5e7d4338ee9/122b33d7-2c5d-47b0-979d-a4c8b6c6859a_1723035374.jpeg?h=225&w=225
259880355,L'oreal Paris Elnett Normal Strength Hair Spray 400Ml,https://www.tesco.com/groceries/en-GB/shop/health-and-beauty/all?department=Haircare%20%26%20Styling&viewAll=department,£6.95,£1.74/100ml,£5.00 Clubcard Price,,/groceries/en-GB/products/259880355,https://digitalcontent.api.tesco.com/v2/media/ghs/7d8109e2-0033-4d3d-9a8f-b371a70ccf38/b091a494-8a11-4174-9292-eb9a6bbcb1a7_317005695.jpeg?h=225&w=225
282049344,Aussie Miracle Hair Insurance 250Ml,https://www.tesco.com/groceries/en-GB/shop/health-and-beauty/all?department=Haircare%20%26%20Styling&viewAll=department,£5.00,£2.00/100ml,Any 3 for £10 Clubcard Price - Selected Aussie Haircare Products 200ml - 300ml,,/groceries/en-GB/products/282049344,https://digitalcontent.api.tesco.com/v2/media/ghs/959c519e-e075-419a-8502-c28e1ecb28e3/da278155-fcf7-4100-b83d-3c237369f70e_1714186164.jpeg?h=225&w=225
262605713,Silvikrin Maximum Hold Hair Spray 400Ml,https://www.tesco.com/groceries/en-GB/shop/health-and-beauty/all?department=Haircare%20%26%20Styling&viewAll=department,£4.20,£1.05/100ml,,,/groceries/en-GB/products/262605713,https://digitalcontent.api.tesco.com/v2/media/ghs/bff3a2bf-2340-46f5-b3f0-dff859d97adc/354b5538-c187-480a-a154-61efcf769a75_284046907.jpeg?h=225&w=225
262605892,Silvikrin Firm Hold Hair Spray 400Ml,https://www.tesco.com/groceries/en-GB/shop/health-and-beauty/all?department=Haircare%20%26%20Styling&viewAll=department,£4.20,£1.05/100ml,,,/groceries/en-GB/products/262605892,https://digitalcontent.api.tesco.com/v2/media/ghs/29fdf158-d689-409b-b393-6d8cb2977a62/bc059be9-069c-4e60-923a-c8c65cf62af2_1661297649.jpeg?h=225&w=225
262605552,Silvikrin Natural Hair Spray 400Ml,https://www.tesco.com/groceries/en-GB/shop/health-and-beauty/all?department=Haircare%20%26%20Styling&viewAll=department,£4.20,£1.05/100ml,,,/groceries/en-GB/products/262605552,https://digitalcontent.api.tesco.com/v2/media/ghs/d8d03d6c-c4c3-49b7-b2fa-30bebc7591bc/5b3a47a5-84d5-4420-9155-86817634809f_1698438375.jpeg?h=225&w=225
259880240,L'oreal Paris Elnett Supreme Hold Hair Spray 400Ml,https://www.tesco.com/groceries/en-GB/shop/health-and-beauty/all?department=Haircare%20%26%20Styling&viewAll=department,£6.95,£1.74/100ml,£5.00 Clubcard Price,,/groceries/en-GB/products/259880240,https://digitalcontent.api.tesco.com/v2/media/ghs/629b194f-3b8c-47cf-9995-95b49055b79f/709dd0e9-42ee-4758-bb87-a78a9fe2eebe_1751838675.jpeg?h=225&w=225
268401376,Vo5 Ultimate Hold Hair Spray 400Ml,https://www.tesco.com/groceries/en-GB/shop/health-and-beauty/all?department=Haircare%20%26%20Styling&viewAll=department,£4.00,£1.00/100ml,,,/groceries/en-GB/products/268401376,https://digitalcontent.api.tesco.com/v2/media/ghs/107891fd-1c5c-4339-9565-0ed7d512e235/2bfb5cca-cffa-42ac-9bf5-4515bb4a13b6_930820054.jpeg?h=225&w=225
261503023,John Frieda Frizz Ease Curl Reviver Mousse 200Ml,https://www.tesco.com/groceries/en-GB/shop/health-and-beauty/all?department=Haircare%20%26%20Styling&viewAll=department,£7.00,£3.50/100ml,Any 2 for £9 Clubcard Price - Selected John Frieda Haircare Products,,/groceries/en-GB/products/261503023,https://digitalcontent.api.tesco.com/v2/media/ghs/bf6a2da7-51a4-44c5-8184-e89a0ab15ea9/41dfaf6d-86bc-4ab9-9d9b-87333be3c8c4_1846852970.jpeg?h=225&w=225
311445211,Aussie 3 Minute Miracle Deep Hair Treatment 225Ml,https://www.tesco.com/groceries/en-GB/shop/health-and-beauty/all?department=Haircare%20%26%20Styling&viewAll=department,£5.00,£2.23/100ml,Any 3 for £10 Clubcard Price - Selected Aussie Haircare Products 200ml - 300ml,,/groceries/en-GB/products/311445211,https://digitalcontent.api.tesco.com/v2/media/ghs/8ea8280f-fde6-48e6-9e78-6cce217e8f62/330a09d1-0e93-45fe-bf9c-f13ef2fd6787_180789416.jpeg?h=225&w=225
276188389,Tresemme Protect Heat Defence Styling Spray 300Ml,https://www.tesco.com/groceries/en-GB/shop/health-and-beauty/all?department=Haircare%20%26%20Styling&viewAll=department,£4.00,£1.34/100ml,,,/groceries/en-GB/products/276188389,https://digitalcontent.api.tesco.com/v2/media/ghs/b541e3d9-aa6b-4a12-a518-26c60a94f07b/a2281bb8-f5f2-4525-a474-35f00d040d83_255722540.jpeg?h=225&w=225
260566623,Vo5 Mega Hold Gel Spray 200Ml,https://www.tesco.com/groceries/en-GB/shop/health-and-beauty/all?department=Haircare%20%26%20Styling&viewAll=department,£3.50,£1.75/100ml,,,/groceries/en-GB/products/260566623,https://digitalcontent.api.tesco.com/v2/media/ghs/8de047c2-163e-4aa8-b4bc-7311cdbb3048/3213051d-a67d-4925-92af-a48f30252900_237565035.jpeg?h=225&w=225
299538315,Tresemme Freeze Hold Hair Spray 400Ml,https://www.tesco.com/groceries/en-GB/shop/health-and-beauty/all?department=Haircare%20%26%20Styling&viewAll=department,£4.00,£1.00/100ml,,,/groceries/en-GB/products/299538315,https://digitalcontent.api.tesco.com/v2/media/ghs/b51a608b-e9f0-4c53-b59d-d65b5158994d/d654147d-6ce1-4c10-b3b4-bd937c5a4cda_1717643807.jpeg?h=225&w=225
255315433,L'oreal Paris Elnett Normal Strength Hair Spray 200Ml,https://www.tesco.com/groceries/en-GB/shop/health-and-beauty/all?department=Haircare%20%26%20Styling&viewAll=department,£4.00,£2.00/100ml,,,/groceries/en-GB/products/255315433,https://digitalcontent.api.tesco.com/v2/media/ghs/2cdd24f8-5e10-4e11-b154-79e416f87acf/211e8b11-8494-411d-b01c-1326795f42e5_1904156980.jpeg?h=225&w=225
311792922,Aussie 3 Minute Miracle Reconstruc Tor 225Ml,https://www.tesco.com/groceries/en-GB/shop/health-and-beauty/all?department=Haircare%20%26%20Styling&viewAll=department,£5.00,£2.23/100ml,Any 3 for £10 Clubcard Price - Selected Aussie Haircare Products 200ml - 300ml,,/groceries/en-GB/products/311792922,https://digitalcontent.api.tesco.com/v2/media/ghs/a199e253-d1c8-4a6c-83a0-604ef922531e/a88343c8-bce4-4997-8b3f-267be973c588_2078921004.jpeg?h=225&w=225
271159138,Batiste Dry Shampoo Tropical 200Ml,https://www.tesco.com/groceries/en-GB/shop/health-and-beauty/all?department=Haircare%20%26%20Styling&viewAll=department,£3.00,£1.50/100ml,,,/groceries/en-GB/products/271159138,https://digitalcontent.api.tesco.com/v2/media/ghs/cc50fbdd-8135-4e0e-acb7-666c1e8e3f89/0e8f956b-ff2f-4f66-9123-7ec0c142da92_819760268.jpeg?h=225&w=225
271158784,Batiste Dry Shampoo Original 200Ml,https://www.tesco.com/groceries/en-GB/shop/health-and-beauty/all?department=Haircare%20%26%20Styling&viewAll=department,£3.00,£1.50/100ml,,,/groceries/en-GB/products/271158784,https://digitalcontent.api.tesco.com/v2/media/ghs/52b66618-3115-4c51-9fa7-521bb9208f0e/3bde0ba9-1352-47d6-b54b-bd1269bd49df_183127495.jpeg?h=225&w=225
256514138,Shockwaves Volume Mousse Ultra Strong 200Ml,https://www.tesco.com/groceries/en-GB/shop/health-and-beauty/all?department=Haircare%20%26%20Styling&viewAll=department,£2.75,£1.38/100ml,,,/groceries/en-GB/products/256514138,https://digitalcontent.api.tesco.com/v2/media/ghs/31feb215-21d0-4da7-8075-0fe2135d0118/340b5c82-ef8b-4f9f-bf39-67947f3027ea_1925156916.jpeg?h=225&w=225
271159023,Batiste Dry Shampoo Blush 200Ml,https://www.tesco.com/groceries/en-GB/shop/health-and-beauty/all?department=Haircare%20%26%20Styling&viewAll=department,£3.00,£1.50/100ml,,,/groceries/en-GB/products/271159023,https://digitalcontent.api.tesco.com/v2/media/ghs/5094867e-9b6f-4509-bd6e-724ba86fddcf/3f209c72-80b6-40a4-84d5-1ea0cb435420_645773911.jpeg?h=225&w=225
271717826,Pantene Pro-V Defined Curls Mousse 200Ml,https://www.tesco.com/groceries/en-GB/shop/health-and-beauty/all?department=Haircare%20%26%20Styling&viewAll=department,£3.15,£1.58/100ml,,,/groceries/en-GB/products/271717826,https://digitalcontent.api.tesco.com/v2/media/ghs/54337dce-19dd-402b-8da9-22f99ea06616/56963776-c431-4a2e-a766-98e0d87c0859_336248140.jpeg?h=225&w=225
309451275,Schwarzkopf Styling Keratin Hair Spray 400Ml,https://www.tesco.com/groceries/en-GB/shop/health-and-beauty/all?department=Haircare%20%26%20Styling&viewAll=department,£3.00,£0.75/100ml,,,/groceries/en-GB/products/309451275,https://digitalcontent.api.tesco.com/v2/media/ghs/e007491b-ab62-4a8c-b7fb-db32a5373b05/f9a8986b-1851-41e0-91b4-18cec6c9cfb7_2068296828.jpeg?h=225&w=225
271718013,Pantene Pro-V Perfect Volume Mousse 200Ml,https://www.tesco.com/groceries/en-GB/shop/health-and-beauty/all?department=Haircare%20%26%20Styling&viewAll=department,£3.15,£1.58/100ml,,,/groceries/en-GB/products/271718013,https://digitalcontent.api.tesco.com/v2/media/ghs/4bb90cd5-62a7-476d-b129-e6e3b9f557d9/1d20d7cd-d13b-42cf-8edf-4592edbfcf64_1370025025.jpeg?h=225&w=225
302134915,Schwarzkopf G2b Fresh It Up 200Ml Dry Shampoo,https://www.tesco.com/groceries/en-GB/shop/health-and-beauty/all?department=Haircare%20%26%20Styling&viewAll=department,£3.00,£1.50/100ml,,,/groceries/en-GB/products/302134915,https://digitalcontent.api.tesco.com/v2/media/ghs/cd08953c-5b8b-44b1-a8d9-9113e66099e9/8091466e-9907-4a7d-8059-4575f54e641d_93039192.jpeg?h=225&w=225
310166266,John Frieda Frizz Ease All In 1 Extra Strength Serum 50Ml,https://www.tesco.com/groceries/en-GB/shop/health-and-beauty/all?department=Haircare%20%26%20Styling&viewAll=department,£8.00,£16.00/100ml,Any 2 for £9 Clubcard Price - Selected John Frieda Haircare Products,,/groceries/en-GB/products/310166266,https://digitalcontent.api.tesco.com/v2/media/ghs/92868410-305b-40d2-bc73-f375381dfda0/029e7690-569e-433b-9557-39b981665351_1587338389.jpeg?h=225&w=225
262604743,Silvikrin Maximum Hold Hair Spray 250Ml,https://www.tesco.com/groceries/en-GB/shop/health-and-beauty/all?department=Haircare%20%26%20Styling&viewAll=department,£3.20,£1.28/100ml,£2.50 Clubcard Price,,/groceries/en-GB/products/262604743,https://digitalcontent.api.tesco.com/v2/media/ghs/d3ce5756-ab97-4c8e-b81b-e5e7d4338ee9/122b33d7-2c5d-47b0-979d-a4c8b6c6859a_1723035374.jpeg?h=225&w=225
259880355,L'oreal Paris Elnett Normal Strength Hair Spray 400Ml,https://www.tesco.com/groceries/en-GB/shop/health-and-beauty/all?department=Haircare%20%26%20Styling&viewAll=department,£6.95,£1.74/100ml,£5.00 Clubcard Price,,/groceries/en-GB/products/259880355,https://digitalcontent.api.tesco.com/v2/media/ghs/7d8109e2-0033-4d3d-9a8f-b371a70ccf38/b091a494-8a11-4174-9292-eb9a6bbcb1a7_317005695.jpeg?h=225&w=225
282049344,Aussie Miracle Hair Insurance 250Ml,https://www.tesco.com/groceries/en-GB/shop/health-and-beauty/all?department=Haircare%20%26%20Styling&viewAll=department,£5.00,£2.00/100ml,Any 3 for £10 Clubcard Price - Selected Aussie Haircare Products 200ml - 300ml,,/groceries/en-GB/products/282049344,https://digitalcontent.api.tesco.com/v2/media/ghs/959c519e-e075-419a-8502-c28e1ecb28e3/da278155-fcf7-4100-b83d-3c237369f70e_1714186164.jpeg?h=225&w=225
262605713,Silvikrin Maximum Hold Hair Spray 400Ml,https://www.tesco.com/groceries/en-GB/shop/health-and-beauty/all?department=Haircare%20%26%20Styling&viewAll=department,£4.20,£1.05/100ml,,,/groceries/en-GB/products/262605713,https://digitalcontent.api.tesco.com/v2/media/ghs/bff3a2bf-2340-46f5-b3f0-dff859d97adc/354b5538-c187-480a-a154-61efcf769a75_284046907.jpeg?h=225&w=225
262605892,Silvikrin Firm Hold Hair Spray 400Ml,https://www.tesco.com/groceries/en-GB/shop/health-and-beauty/all?department=Haircare%20%26%20Styling&viewAll=department,£4.20,£1.05/100ml,,,/groceries/en-GB/products/262605892,https://digitalcontent.api.tesco.com/v2/media/ghs/29fdf158-d689-409b-b393-6d8cb2977a62/bc059be9-069c-4e60-923a-c8c65cf62af2_1661297649.jpeg?h=225&w=225
262605552,Silvikrin Natural Hair Spray 400Ml,https://www.tesco.com/groceries/en-GB/shop/health-and-beauty/all?department=Haircare%20%26%20Styling&viewAll=department,£4.20,£1.05/100ml,,,/groceries/en-GB/products/262605552,https://digitalcontent.api.tesco.com/v2/media/ghs/d8d03d6c-c4c3-49b7-b2fa-30bebc7591bc/5b3a47a5-84d5-4420-9155-86817634809f_1698438375.jpeg?h=225&w=225
259880240,L'oreal Paris Elnett Supreme Hold Hair Spray 400Ml,https://www.tesco.com/groceries/en-GB/shop/health-and-beauty/all?department=Haircare%20%26%20Styling&viewAll=department,£6.95,£1.74/100ml,£5.00 Clubcard Price,,/groceries/en-GB/products/259880240,https://digitalcontent.api.tesco.com/v2/media/ghs/629b194f-3b8c-47cf-9995-95b49055b79f/709dd0e9-42ee-4758-bb87-a78a9fe2eebe_1751838675.jpeg?h=225&w=225
268401376,Vo5 Ultimate Hold Hair Spray 400Ml,https://www.tesco.com/groceries/en-GB/shop/health-and-beauty/all?department=Haircare%20%26%20Styling&viewAll=department,£4.00,£1.00/100ml,,,/groceries/en-GB/products/268401376,https://digitalcontent.api.tesco.com/v2/media/ghs/107891fd-1c5c-4339-9565-0ed7d512e235/2bfb5cca-cffa-42ac-9bf5-4515bb4a13b6_930820054.jpeg?h=225&w=225
261503023,John Frieda Frizz Ease Curl Reviver Mousse 200Ml,https://www.tesco.com/groceries/en-GB/shop/health-and-beauty/all?department=Haircare%20%26%20Styling&viewAll=department,£7.00,£3.50/100ml,Any 2 for £9 Clubcard Price - Selected John Frieda Haircare Products,,/groceries/en-GB/products/261503023,https://digitalcontent.api.tesco.com/v2/media/ghs/bf6a2da7-51a4-44c5-8184-e89a0ab15ea9/41dfaf6d-86bc-4ab9-9d9b-87333be3c8c4_1846852970.jpeg?h=225&w=225
311445211,Aussie 3 Minute Miracle Deep Hair Treatment 225Ml,https://www.tesco.com/groceries/en-GB/shop/health-and-beauty/all?department=Haircare%20%26%20Styling&viewAll=department,£5.00,£2.23/100ml,Any 3 for £10 Clubcard Price - Selected Aussie Haircare Products 200ml - 300ml,,/groceries/en-GB/products/311445211,https://digitalcontent.api.tesco.com/v2/media/ghs/8ea8280f-fde6-48e6-9e78-6cce217e8f62/330a09d1-0e93-45fe-bf9c-f13ef2fd6787_180789416.jpeg?h=225&w=225
276188389,Tresemme Protect Heat Defence Styling Spray 300Ml,https://www.tesco.com/groceries/en-GB/shop/health-and-beauty/all?department=Haircare%20%26%20Styling&viewAll=department,£4.00,£1.34/100ml,,,/groceries/en-GB/products/276188389,https://digitalcontent.api.tesco.com/v2/media/ghs/b541e3d9-aa6b-4a12-a518-26c60a94f07b/a2281bb8-f5f2-4525-a474-35f00d040d83_255722540.jpeg?h=225&w=225
260566623,Vo5 Mega Hold Gel Spray 200Ml,https://www.tesco.com/groceries/en-GB/shop/health-and-beauty/all?department=Haircare%20%26%20Styling&viewAll=department,£3.50,£1.75/100ml,,,/groceries/en-GB/products/260566623,https://digitalcontent.api.tesco.com/v2/media/ghs/8de047c2-163e-4aa8-b4bc-7311cdbb3048/3213051d-a67d-4925-92af-a48f30252900_237565035.jpeg?h=225&w=225
299538315,Tresemme Freeze Hold Hair Spray 400Ml,https://www.tesco.com/groceries/en-GB/shop/health-and-beauty/all?department=Haircare%20%26%20Styling&viewAll=department,£4.00,£1.00/100ml,,,/groceries/en-GB/products/299538315,https://digitalcontent.api.tesco.com/v2/media/ghs/b51a608b-e9f0-4c53-b59d-d65b5158994d/d654147d-6ce1-4c10-b3b4-bd937c5a4cda_1717643807.jpeg?h=225&w=225
255315433,L'oreal Paris Elnett Normal Strength Hair Spray 200Ml,https://www.tesco.com/groceries/en-GB/shop/health-and-beauty/all?department=Haircare%20%26%20Styling&viewAll=department,£4.00,£2.00/100ml,,,/groceries/en-GB/products/255315433,https://digitalcontent.api.tesco.com/v2/media/ghs/2cdd24f8-5e10-4e11-b154-79e416f87acf/211e8b11-8494-411d-b01c-1326795f42e5_1904156980.jpeg?h=225&w=225
311792922,Aussie 3 Minute Miracle Reconstruc Tor 225Ml,https://www.tesco.com/groceries/en-GB/shop/health-and-beauty/all?department=Haircare%20%26%20Styling&viewAll=department,£5.00,£2.23/100ml,Any 3 for £10 Clubcard Price - Selected Aussie Haircare Products 200ml - 300ml,,/groceries/en-GB/products/311792922,https://digitalcontent.api.tesco.com/v2/media/ghs/a199e253-d1c8-4a6c-83a0-604ef922531e/a88343c8-bce4-4997-8b3f-267be973c588_2078921004.jpeg?h=225&w=225
271159138,Batiste Dry Shampoo Tropical 200Ml,https://www.tesco.com/groceries/en-GB/shop/health-and-beauty/all?department=Haircare%20%26%20Styling&viewAll=department,£3.00,£1.50/100ml,,,/groceries/en-GB/products/271159138,https://digitalcontent.api.tesco.com/v2/media/ghs/cc50fbdd-8135-4e0e-acb7-666c1e8e3f89/0e8f956b-ff2f-4f66-9123-7ec0c142da92_819760268.jpeg?h=225&w=225
271158784,Batiste Dry Shampoo Original 200Ml,https://www.tesco.com/groceries/en-GB/shop/health-and-beauty/all?department=Haircare%20%26%20Styling&viewAll=department,£3.00,£1.50/100ml,,,/groceries/en-GB/products/271158784,https://digitalcontent.api.tesco.com/v2/media/ghs/52b66618-3115-4c51-9fa7-521bb9208f0e/3bde0ba9-1352-47d6-b54b-bd1269bd49df_183127495.jpeg?h=225&w=225
256514138,Shockwaves Volume Mousse Ultra Strong 200Ml,https://www.tesco.com/groceries/en-GB/shop/health-and-beauty/all?department=Haircare%20%26%20Styling&viewAll=department,£2.75,£1.38/100ml,,,/groceries/en-GB/products/256514138,https://digitalcontent.api.tesco.com/v2/media/ghs/31feb215-21d0-4da7-8075-0fe2135d0118/340b5c82-ef8b-4f9f-bf39-67947f3027ea_1925156916.jpeg?h=225&w=225
271159023,Batiste Dry Shampoo Blush 200Ml,https://www.tesco.com/groceries/en-GB/shop/health-and-beauty/all?department=Haircare%20%26%20Styling&viewAll=department,£3.00,£1.50/100ml,,,/groceries/en-GB/products/271159023,https://digitalcontent.api.tesco.com/v2/media/ghs/5094867e-9b6f-4509-bd6e-724ba86fddcf/3f209c72-80b6-40a4-84d5-1ea0cb435420_645773911.jpeg?h=225&w=225
271717826,Pantene Pro-V Defined Curls Mousse 200Ml,https://www.tesco.com/groceries/en-GB/shop/health-and-beauty/all?department=Haircare%20%26%20Styling&viewAll=department,£3.15,£1.58/100ml,,,/groceries/en-GB/products/271717826,https://digitalcontent.api.tesco.com/v2/media/ghs/54337dce-19dd-402b-8da9-22f99ea06616/56963776-c431-4a2e-a766-98e0d87c0859_336248140.jpeg?h=225&w=225
309451275,Schwarzkopf Styling Keratin Hair Spray 400Ml,https://www.tesco.com/groceries/en-GB/shop/health-and-beauty/all?department=Haircare%20%26%20Styling&viewAll=department,£3.00,£0.75/100ml,,,/groceries/en-GB/products/309451275,https://digitalcontent.api.tesco.com/v2/media/ghs/e007491b-ab62-4a8c-b7fb-db32a5373b05/f9a8986b-1851-41e0-91b4-18cec6c9cfb7_2068296828.jpeg?h=225&w=225
271718013,Pantene Pro-V Perfect Volume Mousse 200Ml,https://www.tesco.com/groceries/en-GB/shop/health-and-beauty/all?department=Haircare%20%26%20Styling&viewAll=department,£3.15,£1.58/100ml,,,/groceries/en-GB/products/271718013,https://digitalcontent.api.tesco.com/v2/media/ghs/4bb90cd5-62a7-476d-b129-e6e3b9f557d9/1d20d7cd-d13b-42cf-8edf-4592edbfcf64_1370025025.jpeg?h=225&w=225
302134915,Schwarzkopf G2b Fresh It Up 200Ml Dry Shampoo,https://www.tesco.com/groceries/en-GB/shop/health-and-beauty/all?department=Haircare%20%26%20Styling&viewAll=department,£3.00,£1.50/100ml,,,/groceries/en-GB/products/302134915,https://digitalcontent.api.tesco.com/v2/media/ghs/cd08953c-5b8b-44b1-a8d9-9113e66099e9/8091466e-9907-4a7d-8059-4575f54e641d_93039192.jpeg?h=225&w=225
310166266,John Frieda Frizz Ease All In 1 Extra Strength Serum 50Ml,https://www.tesco.com/groceries/en-GB/shop/health-and-beauty/all?department=Haircare%20%26%20Styling&viewAll=department,£8.00,£16.00/100ml,Any 2 for £9 Clubcard Price - Selected John Frieda Haircare Products,,/groceries/en-GB/products/310166266,https://digitalcontent.api.tesco.com/v2/media/ghs/92868410-305b-40d2-bc73-f375381dfda0/029e7690-569e-433b-9557-39b981665351_1587338389.jpeg?h=225&w=225
262604743,Silvikrin Maximum Hold Hair Spray 250Ml,https://www.tesco.com/groceries/en-GB/shop/health-and-beauty/all?department=Haircare%20%26%20Styling&viewAll=department,£3.20,£1.28/100ml,£2.50 Clubcard Price,,/groceries/en-GB/products/262604743,https://digitalcontent.api.tesco.com/v2/media/ghs/d3ce5756-ab97-4c8e-b81b-e5e7d4338ee9/122b33d7-2c5d-47b0-979d-a4c8b6c6859a_1723035374.jpeg?h=225&w=225
259880355,L'oreal Paris Elnett Normal Strength Hair Spray 400Ml,https://www.tesco.com/groceries/en-GB/shop/health-and-beauty/all?department=Haircare%20%26%20Styling&viewAll=department,£6.95,£1.74/100ml,£5.00 Clubcard Price,,/groceries/en-GB/products/259880355,https://digitalcontent.api.tesco.com/v2/media/ghs/7d8109e2-0033-4d3d-9a8f-b371a70ccf38/b091a494-8a11-4174-9292-eb9a6bbcb1a7_317005695.jpeg?h=225&w=225
282049344,Aussie Miracle Hair Insurance 250Ml,https://www.tesco.com/groceries/en-GB/shop/health-and-beauty/all?department=Haircare%20%26%20Styling&viewAll=department,£5.00,£2.00/100ml,Any 3 for £10 Clubcard Price - Selected Aussie Haircare Products 200ml - 300ml,,/groceries/en-GB/products/282049344,https://digitalcontent.api.tesco.com/v2/media/ghs/959c519e-e075-419a-8502-c28e1ecb28e3/da278155-fcf7-4100-b83d-3c237369f70e_1714186164.jpeg?h=225&w=225
262605713,Silvikrin Maximum Hold Hair Spray 400Ml,https://www.tesco.com/groceries/en-GB/shop/health-and-beauty/all?department=Haircare%20%26%20Styling&viewAll=department,£4.20,£1.05/100ml,,,/groceries/en-GB/products/262605713,https://digitalcontent.api.tesco.com/v2/media/ghs/bff3a2bf-2340-46f5-b3f0-dff859d97adc/354b5538-c187-480a-a154-61efcf769a75_284046907.jpeg?h=225&w=225
262605892,Silvikrin Firm Hold Hair Spray 400Ml,https://www.tesco.com/groceries/en-GB/shop/health-and-beauty/all?department=Haircare%20%26%20Styling&viewAll=department,£4.20,£1.05/100ml,,,/groceries/en-GB/products/262605892,https://digitalcontent.api.tesco.com/v2/media/ghs/29fdf158-d689-409b-b393-6d8cb2977a62/bc059be9-069c-4e60-923a-c8c65cf62af2_1661297649.jpeg?h=225&w=225
262605552,Silvikrin Natural Hair Spray 400Ml,https://www.tesco.com/groceries/en-GB/shop/health-and-beauty/all?department=Haircare%20%26%20Styling&viewAll=department,£4.20,£1.05/100ml,,,/groceries/en-GB/products/262605552,https://digitalcontent.api.tesco.com/v2/media/ghs/d8d03d6c-c4c3-49b7-b2fa-30bebc7591bc/5b3a47a5-84d5-4420-9155-86817634809f_1698438375.jpeg?h=225&w=225
259880240,L'oreal Paris Elnett Supreme Hold Hair Spray 400Ml,https://www.tesco.com/groceries/en-GB/shop/health-and-beauty/all?department=Haircare%20%26%20Styling&viewAll=department,£6.95,£1.74/100ml,£5.00 Clubcard Price,,/groceries/en-GB/products/259880240,https://digitalcontent.api.tesco.com/v2/media/ghs/629b194f-3b8c-47cf-9995-95b49055b79f/709dd0e9-42ee-4758-bb87-a78a9fe2eebe_1751838675.jpeg?h=225&w=225
268401376,Vo5 Ultimate Hold Hair Spray 400Ml,https://www.tesco.com/groceries/en-GB/shop/health-and-beauty/all?department=Haircare%20%26%20Styling&viewAll=department,£4.00,£1.00/100ml,,,/groceries/en-GB/products/268401376,https://digitalcontent.api.tesco.com/v2/media/ghs/107891fd-1c5c-4339-9565-0ed7d512e235/2bfb5cca-cffa-42ac-9bf5-4515bb4a13b6_930820054.jpeg?h=225&w=225
261503023,John Frieda Frizz Ease Curl Reviver Mousse 200Ml,https://www.tesco.com/groceries/en-GB/shop/health-and-beauty/all?department=Haircare%20%26%20Styling&viewAll=department,£7.00,£3.50/100ml,Any 2 for £9 Clubcard Price - Selected John Frieda Haircare Products,,/groceries/en-GB/products/261503023,https://digitalcontent.api.tesco.com/v2/media/ghs/bf6a2da7-51a4-44c5-8184-e89a0ab15ea9/41dfaf6d-86bc-4ab9-9d9b-87333be3c8c4_1846852970.jpeg?h=225&w=225
311445211,Aussie 3 Minute Miracle Deep Hair Treatment 225Ml,https://www.tesco.com/groceries/en-GB/shop/health-and-beauty/all?department=Haircare%20%26%20Styling&viewAll=department,£5.00,£2.23/100ml,Any 3 for £10 Clubcard Price - Selected Aussie Haircare Products 200ml - 300ml,,/groceries/en-GB/products/311445211,https://digitalcontent.api.tesco.com/v2/media/ghs/8ea8280f-fde6-48e6-9e78-6cce217e8f62/330a09d1-0e93-45fe-bf9c-f13ef2fd6787_180789416.jpeg?h=225&w=225
276188389,Tresemme Protect Heat Defence Styling Spray 300Ml,https://www.tesco.com/groceries/en-GB/shop/health-and-beauty/all?department=Haircare%20%26%20Styling&viewAll=department,£4.00,£1.34/100ml,,,/groceries/en-GB/products/276188389,https://digitalcontent.api.tesco.com/v2/media/ghs/b541e3d9-aa6b-4a12-a518-26c60a94f07b/a2281bb8-f5f2-4525-a474-35f00d040d83_255722540.jpeg?h=225&w=225
260566623,Vo5 Mega Hold Gel Spray 200Ml,https://www.tesco.com/groceries/en-GB/shop/health-and-beauty/all?department=Haircare%20%26%20Styling&viewAll=department,£3.50,£1.75/100ml,,,/groceries/en-GB/products/260566623,https://digitalcontent.api.tesco.com/v2/media/ghs/8de047c2-163e-4aa8-b4bc-7311cdbb3048/3213051d-a67d-4925-92af-a48f30252900_237565035.jpeg?h=225&w=225
299538315,Tresemme Freeze Hold Hair Spray 400Ml,https://www.tesco.com/groceries/en-GB/shop/health-and-beauty/all?department=Haircare%20%26%20Styling&viewAll=department,£4.00,£1.00/100ml,,,/groceries/en-GB/products/299538315,https://digitalcontent.api.tesco.com/v2/media/ghs/b51a608b-e9f0-4c53-b59d-d65b5158994d/d654147d-6ce1-4c10-b3b4-bd937c5a4cda_1717643807.jpeg?h=225&w=225
255315433,L'oreal Paris Elnett Normal Strength Hair Spray 200Ml,https://www.tesco.com/groceries/en-GB/shop/health-and-beauty/all?department=Haircare%20%26%20Styling&viewAll=department,£4.00,£2.00/100ml,,,/groceries/en-GB/products/255315433,https://digitalcontent.api.tesco.com/v2/media/ghs/2cdd24f8-5e10-4e11-b154-79e416f87acf/211e8b11-8494-411d-b01c-1326795f42e5_1904156980.jpeg?h=225&w=225
311792922,Aussie 3 Minute Miracle Reconstruc Tor 225Ml,https://www.tesco.com/groceries/en-GB/shop/health-and-beauty/all?department=Haircare%20%26%20Styling&viewAll=department,£5.00,£2.23/100ml,Any 3 for £10 Clubcard Price - Selected Aussie Haircare Products 200ml - 300ml,,/groceries/en-GB/products/311792922,https://digitalcontent.api.tesco.com/v2/media/ghs/a199e253-d1c8-4a6c-83a0-604ef922531e/a88343c8-bce4-4997-8b3f-267be973c588_2078921004.jpeg?h=225&w=225
271159138,Batiste Dry Shampoo Tropical 200Ml,https://www.tesco.com/groceries/en-GB/shop/health-and-beauty/all?department=Haircare%20%26%20Styling&viewAll=department,£3.00,£1.50/100ml,,,/groceries/en-GB/products/271159138,https://digitalcontent.api.tesco.com/v2/media/ghs/cc50fbdd-8135-4e0e-acb7-666c1e8e3f89/0e8f956b-ff2f-4f66-9123-7ec0c142da92_819760268.jpeg?h=225&w=225
271158784,Batiste Dry Shampoo Original 200Ml,https://www.tesco.com/groceries/en-GB/shop/health-and-beauty/all?department=Haircare%20%26%20Styling&viewAll=department,£3.00,£1.50/100ml,,,/groceries/en-GB/products/271158784,https://digitalcontent.api.tesco.com/v2/media/ghs/52b66618-3115-4c51-9fa7-521bb9208f0e/3bde0ba9-1352-47d6-b54b-bd1269bd49df_183127495.jpeg?h=225&w=225
256514138,Shockwaves Volume Mousse Ultra Strong 200Ml,https://www.tesco.com/groceries/en-GB/shop/health-and-beauty/all?department=Haircare%20%26%20Styling&viewAll=department,£2.75,£1.38/100ml,,,/groceries/en-GB/products/256514138,https://digitalcontent.api.tesco.com/v2/media/ghs/31feb215-21d0-4da7-8075-0fe2135d0118/340b5c82-ef8b-4f9f-bf39-67947f3027ea_1925156916.jpeg?h=225&w=225
271159023,Batiste Dry Shampoo Blush 200Ml,https://www.tesco.com/groceries/en-GB/shop/health-and-beauty/all?department=Haircare%20%26%20Styling&viewAll=department,£3.00,£1.50/100ml,,,/groceries/en-GB/products/271159023,https://digitalcontent.api.tesco.com/v2/media/ghs/5094867e-9b6f-4509-bd6e-724ba86fddcf/3f209c72-80b6-40a4-84d5-1ea0cb435420_645773911.jpeg?h=225&w=225
271717826,Pantene Pro-V Defined Curls Mousse 200Ml,https://www.tesco.com/groceries/en-GB/shop/health-and-beauty/all?department=Haircare%20%26%20Styling&viewAll=department,£3.15,£1.58/100ml,,,/groceries/en-GB/products/271717826,https://digitalcontent.api.tesco.com/v2/media/ghs/54337dce-19dd-402b-8da9-22f99ea06616/56963776-c431-4a2e-a766-98e0d87c0859_336248140.jpeg?h=225&w=225
309451275,Schwarzkopf Styling Keratin Hair Spray 400Ml,https://www.tesco.com/groceries/en-GB/shop/health-and-beauty/all?department=Haircare%20%26%20Styling&viewAll=department,£3.00,£0.75/100ml,,,/groceries/en-GB/products/309451275,https://digitalcontent.api.tesco.com/v2/media/ghs/e007491b-ab62-4a8c-b7fb-db32a5373b05/f9a8986b-1851-41e0-91b4-18cec6c9cfb7_2068296828.jpeg?h=225&w=225
271718013,Pantene Pro-V Perfect Volume Mousse 200Ml,https://www.tesco.com/groceries/en-GB/shop/health-and-beauty/all?department=Haircare%20%26%20Styling&viewAll=department,£3.15,£1.58/100ml,,,/groceries/en-GB/products/271718013,https://digitalcontent.api.tesco.com/v2/media/ghs/4bb90cd5-62a7-476d-b129-e6e3b9f557d9/1d20d7cd-d13b-42cf-8edf-4592edbfcf64_1370025025.jpeg?h=225&w=225
302134915,Schwarzkopf G2b Fresh It Up 200Ml Dry Shampoo,https://www.tesco.com/groceries/en-GB/shop/health-and-beauty/all?department=Haircare%20%26%20Styling&viewAll=department,£3.00,£1.50/100ml,,,/groceries/en-GB/products/302134915,https://digitalcontent.api.tesco.com/v2/media/ghs/cd08953c-5b8b-44b1-a8d9-9113e66099e9/8091466e-9907-4a7d-8059-4575f54e641d_93039192.jpeg?h=225&w=225
310166266,John Frieda Frizz Ease All In 1 Extra Strength Serum 50Ml,https://www.tesco.com/groceries/en-GB/shop/health-and-beauty/all?department=Haircare%20%26%20Styling&viewAll=department,£8.00,£16.00/100ml,Any 2 for £9 Clubcard Price - Selected John Frieda Haircare Products,,/groceries/en-GB/products/310166266,https://digitalcontent.api.tesco.com/v2/media/ghs/92868410-305b-40d2-bc73-f375381dfda0/029e7690-569e-433b-9557-39b981665351_1587338389.jpeg?h=225&w=225
262604743,Silvikrin Maximum Hold Hair Spray 250Ml,https://www.tesco.com/groceries/en-GB/shop/health-and-beauty/all?department=Haircare%20%26%20Styling&viewAll=department,£3.20,£1.28/100ml,£2.50 Clubcard Price,,/groceries/en-GB/products/262604743,https://digitalcontent.api.tesco.com/v2/media/ghs/d3ce5756-ab97-4c8e-b81b-e5e7d4338ee9/122b33d7-2c5d-47b0-979d-a4c8b6c6859a_1723035374.jpeg?h=225&w=225
259880355,L'oreal Paris Elnett Normal Strength Hair Spray 400Ml,https://www.tesco.com/groceries/en-GB/shop/health-and-beauty/all?department=Haircare%20%26%20Styling&viewAll=department,£6.95,£1.74/100ml,£5.00 Clubcard Price,,/groceries/en-GB/products/259880355,https://digitalcontent.api.tesco.com/v2/media/ghs/7d8109e2-0033-4d3d-9a8f-b371a70ccf38/b091a494-8a11-4174-9292-eb9a6bbcb1a7_317005695.jpeg?h=225&w=225
282049344,Aussie Miracle Hair Insurance 250Ml,https://www.tesco.com/groceries/en-GB/shop/health-and-beauty/all?department=Haircare%20%26%20Styling&viewAll=department,£5.00,£2.00/100ml,Any 3 for £10 Clubcard Price - Selected Aussie Haircare Products 200ml - 300ml,,/groceries/en-GB/products/282049344,https://digitalcontent.api.tesco.com/v2/media/ghs/959c519e-e075-419a-8502-c28e1ecb28e3/da278155-fcf7-4100-b83d-3c237369f70e_1714186164.jpeg?h=225&w=225
262605713,Silvikrin Maximum Hold Hair Spray 400Ml,https://www.tesco.com/groceries/en-GB/shop/health-and-beauty/all?department=Haircare%20%26%20Styling&viewAll=department,£4.20,£1.05/100ml,,,/groceries/en-GB/products/262605713,https://digitalcontent.api.tesco.com/v2/media/ghs/bff3a2bf-2340-46f5-b3f0-dff859d97adc/354b5538-c187-480a-a154-61efcf769a75_284046907.jpeg?h=225&w=225
262605892,Silvikrin Firm Hold Hair Spray 400Ml,https://www.tesco.com/groceries/en-GB/shop/health-and-beauty/all?department=Haircare%20%26%20Styling&viewAll=department,£4.20,£1.05/100ml,,,/groceries/en-GB/products/262605892,https://digitalcontent.api.tesco.com/v2/media/ghs/29fdf158-d689-409b-b393-6d8cb2977a62/bc059be9-069c-4e60-923a-c8c65cf62af2_1661297649.jpeg?h=225&w=225
262605552,Silvikrin Natural Hair Spray 400Ml,https://www.tesco.com/groceries/en-GB/shop/health-and-beauty/all?department=Haircare%20%26%20Styling&viewAll=department,£4.20,£1.05/100ml,,,/groceries/en-GB/products/262605552,https://digitalcontent.api.tesco.com/v2/media/ghs/d8d03d6c-c4c3-49b7-b2fa-30bebc7591bc/5b3a47a5-84d5-4420-9155-86817634809f_1698438375.jpeg?h=225&w=225
259880240,L'oreal Paris Elnett Supreme Hold Hair Spray 400Ml,https://www.tesco.com/groceries/en-GB/shop/health-and-beauty/all?department=Haircare%20%26%20Styling&viewAll=department,£6.95,£1.74/100ml,£5.00 Clubcard Price,,/groceries/en-GB/products/259880240,https://digitalcontent.api.tesco.com/v2/media/ghs/629b194f-3b8c-47cf-9995-95b49055b79f/709dd0e9-42ee-4758-bb87-a78a9fe2eebe_1751838675.jpeg?h=225&w=225
268401376,Vo5 Ultimate Hold Hair Spray 400Ml,https://www.tesco.com/groceries/en-GB/shop/health-and-beauty/all?department=Haircare%20%26%20Styling&viewAll=department,£4.00,£1.00/100ml,,,/groceries/en-GB/products/268401376,https://digitalcontent.api.tesco.com/v2/media/ghs/107891fd-1c5c-4339-9565-0ed7d512e235/2bfb5cca-cffa-42ac-9bf5-4515bb4a13b6_930820054.jpeg?h=225&w=225
261503023,John Frieda Frizz Ease Curl Reviver Mousse 200Ml,https://www.tesco.com/groceries/en-GB/shop/health-and-beauty/all?department=Haircare%20%26%20Styling&viewAll=department,£7.00,£3.50/100ml,Any 2 for £9 Clubcard Price - Selected John Frieda Haircare Products,,/groceries/en-GB/products/261503023,https://digitalcontent.api.tesco.com/v2/media/ghs/bf6a2da7-51a4-44c5-8184-e89a0ab15ea9/41dfaf6d-86bc-4ab9-9d9b-87333be3c8c4_1846852970.jpeg?h=225&w=225
311445211,Aussie 3 Minute Miracle Deep Hair Treatment 225Ml,https://www.tesco.com/groceries/en-GB/shop/health-and-beauty/all?department=Haircare%20%26%20Styling&viewAll=department,£5.00,£2.23/100ml,Any 3 for £10 Clubcard Price - Selected Aussie Haircare Products 200ml - 300ml,,/groceries/en-GB/products/311445211,https://digitalcontent.api.tesco.com/v2/media/ghs/8ea8280f-fde6-48e6-9e78-6cce217e8f62/330a09d1-0e93-45fe-bf9c-f13ef2fd6787_180789416.jpeg?h=225&w=225
276188389,Tresemme Protect Heat Defence Styling Spray 300Ml,https://www.tesco.com/groceries/en-GB/shop/health-and-beauty/all?department=Haircare%20%26%20Styling&viewAll=department,£4.00,£1.34/100ml,,,/groceries/en-GB/products/276188389,https://digitalcontent.api.tesco.com/v2/media/ghs/b541e3d9-aa6b-4a12-a518-26c60a94f07b/a2281bb8-f5f2-4525-a474-35f00d040d83_255722540.jpeg?h=225&w=225
260566623,Vo5 Mega Hold Gel Spray 200Ml,https://www.tesco.com/groceries/en-GB/shop/health-and-beauty/all?department=Haircare%20%26%20Styling&viewAll=department,£3.50,£1.75/100ml,,,/groceries/en-GB/products/260566623,https://digitalcontent.api.tesco.com/v2/media/ghs/8de047c2-163e-4aa8-b4bc-7311cdbb3048/3213051d-a67d-4925-92af-a48f30252900_237565035.jpeg?h=225&w=225
299538315,Tresemme Freeze Hold Hair Spray 400Ml,https://www.tesco.com/groceries/en-GB/shop/health-and-beauty/all?department=Haircare%20%26%20Styling&viewAll=department,£4.00,£1.00/100ml,,,/groceries/en-GB/products/299538315,https://digitalcontent.api.tesco.com/v2/media/ghs/b51a608b-e9f0-4c53-b59d-d65b5158994d/d654147d-6ce1-4c10-b3b4-bd937c5a4cda_1717643807.jpeg?h=225&w=225
255315433,L'oreal Paris Elnett Normal Strength Hair Spray 200Ml,https://www.tesco.com/groceries/en-GB/shop/health-and-beauty/all?department=Haircare%20%26%20Styling&viewAll=department,£4.00,£2.00/100ml,,,/groceries/en-GB/products/255315433,https://digitalcontent.api.tesco.com/v2/media/ghs/2cdd24f8-5e10-4e11-b154-79e416f87acf/211e8b11-8494-411d-b01c-1326795f42e5_1904156980.jpeg?h=225&w=225
311792922,Aussie 3 Minute Miracle Reconstruc Tor 225Ml,https://www.tesco.com/groceries/en-GB/shop/health-and-beauty/all?department=Haircare%20%26%20Styling&viewAll=department,£5.00,£2.23/100ml,Any 3 for £10 Clubcard Price - Selected Aussie Haircare Products 200ml - 300ml,,/groceries/en-GB/products/311792922,https://digitalcontent.api.tesco.com/v2/media/ghs/a199e253-d1c8-4a6c-83a0-604ef922531e/a88343c8-bce4-4997-8b3f-267be973c588_2078921004.jpeg?h=225&w=225
271159138,Batiste Dry Shampoo Tropical 200Ml,https://www.tesco.com/groceries/en-GB/shop/health-and-beauty/all?department=Haircare%20%26%20Styling&viewAll=department,£3.00,£1.50/100ml,,,/groceries/en-GB/products/271159138,https://digitalcontent.api.tesco.com/v2/media/ghs/cc50fbdd-8135-4e0e-acb7-666c1e8e3f89/0e8f956b-ff2f-4f66-9123-7ec0c142da92_819760268.jpeg?h=225&w=225
271158784,Batiste Dry Shampoo Original 200Ml,https://www.tesco.com/groceries/en-GB/shop/health-and-beauty/all?department=Haircare%20%26%20Styling&viewAll=department,£3.00,£1.50/100ml,,,/groceries/en-GB/products/271158784,https://digitalcontent.api.tesco.com/v2/media/ghs/52b66618-3115-4c51-9fa7-521bb9208f0e/3bde0ba9-1352-47d6-b54b-bd1269bd49df_183127495.jpeg?h=225&w=225
256514138,Shockwaves Volume Mousse Ultra Strong 200Ml,https://www.tesco.com/groceries/en-GB/shop/health-and-beauty/all?department=Haircare%20%26%20Styling&viewAll=department,£2.75,£1.38/100ml,,,/groceries/en-GB/products/256514138,https://digitalcontent.api.tesco.com/v2/media/ghs/31feb215-21d0-4da7-8075-0fe2135d0118/340b5c82-ef8b-4f9f-bf39-67947f3027ea_1925156916.jpeg?h=225&w=225
271159023,Batiste Dry Shampoo Blush 200Ml,https://www.tesco.com/groceries/en-GB/shop/health-and-beauty/all?department=Haircare%20%26%20Styling&viewAll=department,£3.00,£1.50/100ml,,,/groceries/en-GB/products/271159023,https://digitalcontent.api.tesco.com/v2/media/ghs/5094867e-9b6f-4509-bd6e-724ba86fddcf/3f209c72-80b6-40a4-84d5-1ea0cb435420_645773911.jpeg?h=225&w=225
271717826,Pantene Pro-V Defined Curls Mousse 200Ml,https://www.tesco.com/groceries/en-GB/shop/health-and-beauty/all?department=Haircare%20%26%20Styling&viewAll=department,£3.15,£1.58/100ml,,,/groceries/en-GB/products/271717826,https://digitalcontent.api.tesco.com/v2/media/ghs/54337dce-19dd-402b-8da9-22f99ea06616/56963776-c431-4a2e-a766-98e0d87c0859_336248140.jpeg?h=225&w=225
309451275,Schwarzkopf Styling Keratin Hair Spray 400Ml,https://www.tesco.com/groceries/en-GB/shop/health-and-beauty/all?department=Haircare%20%26%20Styling&viewAll=department,£3.00,£0.75/100ml,,,/groceries/en-GB/products/309451275,https://digitalcontent.api.tesco.com/v2/media/ghs/e007491b-ab62-4a8c-b7fb-db32a5373b05/f9a8986b-1851-41e0-91b4-18cec6c9cfb7_2068296828.jpeg?h=225&w=225
271718013,Pantene Pro-V Perfect Volume Mousse 200Ml,https://www.tesco.com/groceries/en-GB/shop/health-and-beauty/all?department=Haircare%20%26%20Styling&viewAll=department,£3.15,£1.58/100ml,,,/groceries/en-GB/products/271718013,https://digitalcontent.api.tesco.com/v2/media/ghs/4bb90cd5-62a7-476d-b129-e6e3b9f557d9/1d20d7cd-d13b-42cf-8edf-4592edbfcf64_1370025025.jpeg?h=225&w=225
302134915,Schwarzkopf G2b Fresh It Up 200Ml Dry Shampoo,https://www.tesco.com/groceries/en-GB/shop/health-and-beauty/all?department=Haircare%20%26%20Styling&viewAll=department,£3.00,£1.50/100ml,,,/groceries/en-GB/products/302134915,https://digitalcontent.api.tesco.com/v2/media/ghs/cd08953c-5b8b-44b1-a8d9-9113e66099e9/8091466e-9907-4a7d-8059-4575f54e641d_93039192.jpeg?h=225&w=225
310166266,John Frieda Frizz Ease All In 1 Extra Strength Serum 50Ml,https://www.tesco.com/groceries/en-GB/shop/health-and-beauty/all?department=Haircare%20%26%20Styling&viewAll=department,£8.00,£16.00/100ml,Any 2 for £9 Clubcard Price - Selected John Frieda Haircare Products,,/groceries/en-GB/products/310166266,https://digitalcontent.api.tesco.com/v2/media/ghs/92868410-305b-40d2-bc73-f375381dfda0/029e7690-569e-433b-9557-39b981665351_1587338389.jpeg?h=225&w=225
262604743,Silvikrin Maximum Hold Hair Spray 250Ml,https://www.tesco.com/groceries/en-GB/shop/health-and-beauty/all?department=Haircare%20%26%20Styling&viewAll=department,£3.20,£1.28/100ml,£2.50 Clubcard Price,,/groceries/en-GB/products/262604743,https://digitalcontent.api.tesco.com/v2/media/ghs/d3ce5756-ab97-4c8e-b81b-e5e7d4338ee9/122b33d7-2c5d-47b0-979d-a4c8b6c6859a_1723035374.jpeg?h=225&w=225
259880355,L'oreal Paris Elnett Normal Strength Hair Spray 400Ml,https://www.tesco.com/groceries/en-GB/shop/health-and-beauty/all?department=Haircare%20%26%20Styling&viewAll=department,£6.95,£1.74/100ml,£5.00 Clubcard Price,,/groceries/en-GB/products/259880355,https://digitalcontent.api.tesco.com/v2/media/ghs/7d8109e2-0033-4d3d-9a8f-b371a70ccf38/b091a494-8a11-4174-9292-eb9a6bbcb1a7_317005695.jpeg?h=225&w=225
282049344,Aussie Miracle Hair Insurance 250Ml,https://www.tesco.com/groceries/en-GB/shop/health-and-beauty/all?department=Haircare%20%26%20Styling&viewAll=department,£5.00,£2.00/100ml,Any 3 for £10 Clubcard Price - Selected Aussie Haircare Products 200ml - 300ml,,/groceries/en-GB/products/282049344,https://digitalcontent.api.tesco.com/v2/media/ghs/959c519e-e075-419a-8502-c28e1ecb28e3/da278155-fcf7-4100-b83d-3c237369f70e_1714186164.jpeg?h=225&w=225
262605713,Silvikrin Maximum Hold Hair Spray 400Ml,https://www.tesco.com/groceries/en-GB/shop/health-and-beauty/all?department=Haircare%20%26%20Styling&viewAll=department,£4.20,£1.05/100ml,,,/groceries/en-GB/products/262605713,https://digitalcontent.api.tesco.com/v2/media/ghs/bff3a2bf-2340-46f5-b3f0-dff859d97adc/354b5538-c187-480a-a154-61efcf769a75_284046907.jpeg?h=225&w=225
262605892,Silvikrin Firm Hold Hair Spray 400Ml,https://www.tesco.com/groceries/en-GB/shop/health-and-beauty/all?department=Haircare%20%26%20Styling&viewAll=department,£4.20,£1.05/100ml,,,/groceries/en-GB/products/262605892,https://digitalcontent.api.tesco.com/v2/media/ghs/29fdf158-d689-409b-b393-6d8cb2977a62/bc059be9-069c-4e60-923a-c8c65cf62af2_1661297649.jpeg?h=225&w=225
262605552,Silvikrin Natural Hair Spray 400Ml,https://www.tesco.com/groceries/en-GB/shop/health-and-beauty/all?department=Haircare%20%26%20Styling&viewAll=department,£4.20,£1.05/100ml,,,/groceries/en-GB/products/262605552,https://digitalcontent.api.tesco.com/v2/media/ghs/d8d03d6c-c4c3-49b7-b2fa-30bebc7591bc/5b3a47a5-84d5-4420-9155-86817634809f_1698438375.jpeg?h=225&w=225
259880240,L'oreal Paris Elnett Supreme Hold Hair Spray 400Ml,https://www.tesco.com/groceries/en-GB/shop/health-and-beauty/all?department=Haircare%20%26%20Styling&viewAll=department,£6.95,£1.74/100ml,£5.00 Clubcard Price,,/groceries/en-GB/products/259880240,https://digitalcontent.api.tesco.com/v2/media/ghs/629b194f-3b8c-47cf-9995-95b49055b79f/709dd0e9-42ee-4758-bb87-a78a9fe2eebe_1751838675.jpeg?h=225&w=225
268401376,Vo5 Ultimate Hold Hair Spray 400Ml,https://www.tesco.com/groceries/en-GB/shop/health-and-beauty/all?department=Haircare%20%26%20Styling&viewAll=department,£4.00,£1.00/100ml,,,/groceries/en-GB/products/268401376,https://digitalcontent.api.tesco.com/v2/media/ghs/107891fd-1c5c-4339-9565-0ed7d512e235/2bfb5cca-cffa-42ac-9bf5-4515bb4a13b6_930820054.jpeg?h=225&w=225
261503023,John Frieda Frizz Ease Curl Reviver Mousse 200Ml,https://www.tesco.com/groceries/en-GB/shop/health-and-beauty/all?department=Haircare%20%26%20Styling&viewAll=department,£7.00,£3.50/100ml,Any 2 for £9 Clubcard Price - Selected John Frieda Haircare Products,,/groceries/en-GB/products/261503023,https://digitalcontent.api.tesco.com/v2/media/ghs/bf6a2da7-51a4-44c5-8184-e89a0ab15ea9/41dfaf6d-86bc-4ab9-9d9b-87333be3c8c4_1846852970.jpeg?h=225&w=225
311445211,Aussie 3 Minute Miracle Deep Hair Treatment 225Ml,https://www.tesco.com/groceries/en-GB/shop/health-and-beauty/all?department=Haircare%20%26%20Styling&viewAll=department,£5.00,£2.23/100ml,Any 3 for £10 Clubcard Price - Selected Aussie Haircare Products 200ml - 300ml,,/groceries/en-GB/products/311445211,https://digitalcontent.api.tesco.com/v2/media/ghs/8ea8280f-fde6-48e6-9e78-6cce217e8f62/330a09d1-0e93-45fe-bf9c-f13ef2fd6787_180789416.jpeg?h=225&w=225
276188389,Tresemme Protect Heat Defence Styling Spray 300Ml,https://www.tesco.com/groceries/en-GB/shop/health-and-beauty/all?department=Haircare%20%26%20Styling&viewAll=department,£4.00,£1.34/100ml,,,/groceries/en-GB/products/276188389,https://digitalcontent.api.tesco.com/v2/media/ghs/b541e3d9-aa6b-4a12-a518-26c60a94f07b/a2281bb8-f5f2-4525-a474-35f00d040d83_255722540.jpeg?h=225&w=225
260566623,Vo5 Mega Hold Gel Spray 200Ml,https://www.tesco.com/groceries/en-GB/shop/health-and-beauty/all?department=Haircare%20%26%20Styling&viewAll=department,£3.50,£1.75/100ml,,,/groceries/en-GB/products/260566623,https://digitalcontent.api.tesco.com/v2/media/ghs/8de047c2-163e-4aa8-b4bc-7311cdbb3048/3213051d-a67d-4925-92af-a48f30252900_237565035.jpeg?h=225&w=225
299538315,Tresemme Freeze Hold Hair Spray 400Ml,https://www.tesco.com/groceries/en-GB/shop/health-and-beauty/all?department=Haircare%20%26%20Styling&viewAll=department,£4.00,£1.00/100ml,,,/groceries/en-GB/products/299538315,https://digitalcontent.api.tesco.com/v2/media/ghs/b51a608b-e9f0-4c53-b59d-d65b5158994d/d654147d-6ce1-4c10-b3b4-bd937c5a4cda_1717643807.jpeg?h=225&w=225
255315433,L'oreal Paris Elnett Normal Strength Hair Spray 200Ml,https://www.tesco.com/groceries/en-GB/shop/health-and-beauty/all?department=Haircare%20%26%20Styling&viewAll=department,£4.00,£2.00/100ml,,,/groceries/en-GB/products/255315433,https://digitalcontent.api.tesco.com/v2/media/ghs/2cdd24f8-5e10-4e11-b154-79e416f87acf/211e8b11-8494-411d-b01c-1326795f42e5_1904156980.jpeg?h=225&w=225
311792922,Aussie 3 Minute Miracle Reconstruc Tor 225Ml,https://www.tesco.com/groceries/en-GB/shop/health-and-beauty/all?department=Haircare%20%26%20Styling&viewAll=department,£5.00,£2.23/100ml,Any 3 for £10 Clubcard Price - Selected Aussie Haircare Products 200ml - 300ml,,/groceries/en-GB/products/311792922,https://digitalcontent.api.tesco.com/v2/media/ghs/a199e253-d1c8-4a6c-83a0-604ef922531e/a88343c8-bce4-4997-8b3f-267be973c588_2078921004.jpeg?h=225&w=225
271159138,Batiste Dry Shampoo Tropical 200Ml,https://www.tesco.com/groceries/en-GB/shop/health-and-beauty/all?department=Haircare%20%26%20Styling&viewAll=department,£3.00,£1.50/100ml,,,/groceries/en-GB/products/271159138,https://digitalcontent.api.tesco.com/v2/media/ghs/cc50fbdd-8135-4e0e-acb7-666c1e8e3f89/0e8f956b-ff2f-4f66-9123-7ec0c142da92_819760268.jpeg?h=225&w=225
271158784,Batiste Dry Shampoo Original 200Ml,https://www.tesco.com/groceries/en-GB/shop/health-and-beauty/all?department=Haircare%20%26%20Styling&viewAll=department,£3.00,£1.50/100ml,,,/groceries/en-GB/products/271158784,https://digitalcontent.api.tesco.com/v2/media/ghs/52b66618-3115-4c51-9fa7-521bb9208f0e/3bde0ba9-1352-47d6-b54b-bd1269bd49df_183127495.jpeg?h=225&w=225
256514138,Shockwaves Volume Mousse Ultra Strong 200Ml,https://www.tesco.com/groceries/en-GB/shop/health-and-beauty/all?department=Haircare%20%26%20Styling&viewAll=department,£2.75,£1.38/100ml,,,/groceries/en-GB/products/256514138,https://digitalcontent.api.tesco.com/v2/media/ghs/31feb215-21d0-4da7-8075-0fe2135d0118/340b5c82-ef8b-4f9f-bf39-67947f3027ea_1925156916.jpeg?h=225&w=225
271159023,Batiste Dry Shampoo Blush 200Ml,https://www.tesco.com/groceries/en-GB/shop/health-and-beauty/all?department=Haircare%20%26%20Styling&viewAll=department,£3.00,£1.50/100ml,,,/groceries/en-GB/products/271159023,https://digitalcontent.api.tesco.com/v2/media/ghs/5094867e-9b6f-4509-bd6e-724ba86fddcf/3f209c72-80b6-40a4-84d5-1ea0cb435420_645773911.jpeg?h=225&w=225
271717826,Pantene Pro-V Defined Curls Mousse 200Ml,https://www.tesco.com/groceries/en-GB/shop/health-and-beauty/all?department=Haircare%20%26%20Styling&viewAll=department,£3.15,£1.58/100ml,,,/groceries/en-GB/products/271717826,https://digitalcontent.api.tesco.com/v2/media/ghs/54337dce-19dd-402b-8da9-22f99ea06616/56963776-c431-4a2e-a766-98e0d87c0859_336248140.jpeg?h=225&w=225
309451275,Schwarzkopf Styling Keratin Hair Spray 400Ml,https://www.tesco.com/groceries/en-GB/shop/health-and-beauty/all?department=Haircare%20%26%20Styling&viewAll=department,£3.00,£0.75/100ml,,,/groceries/en-GB/products/309451275,https://digitalcontent.api.tesco.com/v2/media/ghs/e007491b-ab62-4a8c-b7fb-db32a5373b05/f9a8986b-1851-41e0-91b4-18cec6c9cfb7_2068296828.jpeg?h=225&w=225
271718013,Pantene Pro-V Perfect Volume Mousse 200Ml,https://www.tesco.com/groceries/en-GB/shop/health-and-beauty/all?department=Haircare%20%26%20Styling&viewAll=department,£3.15,£1.58/100ml,,,/groceries/en-GB/products/271718013,https://digitalcontent.api.tesco.com/v2/media/ghs/4bb90cd5-62a7-476d-b129-e6e3b9f557d9/1d20d7cd-d13b-42cf-8edf-4592edbfcf64_1370025025.jpeg?h=225&w=225
302134915,Schwarzkopf G2b Fresh It Up 200Ml Dry Shampoo,https://www.tesco.com/groceries/en-GB/shop/health-and-beauty/all?department=Haircare%20%26%20Styling&viewAll=department,£3.00,£1.50/100ml,,,/groceries/en-GB/products/302134915,https://digitalcontent.api.tesco.com/v2/media/ghs/cd08953c-5b8b-44b1-a8d9-9113e66099e9/8091466e-9907-4a7d-8059-4575f54e641d_93039192.jpeg?h=225&w=225
310166266,John Frieda Frizz Ease All In 1 Extra Strength Serum 50Ml,https://www.tesco.com/groceries/en-GB/shop/health-and-beauty/all?department=Haircare%20%26%20Styling&viewAll=department,£8.00,£16.00/100ml,Any 2 for £9 Clubcard Price - Selected John Frieda Haircare Products,,/groceries/en-GB/products/310166266,https://digitalcontent.api.tesco.com/v2/media/ghs/92868410-305b-40d2-bc73-f375381dfda0/029e7690-569e-433b-9557-39b981665351_1587338389.jpeg?h=225&w=225
262604743,Silvikrin Maximum Hold Hair Spray 250Ml,https://www.tesco.com/groceries/en-GB/shop/health-and-beauty/all?department=Haircare%20%26%20Styling&viewAll=department,£3.20,£1.28/100ml,£2.50 Clubcard Price,,/groceries/en-GB/products/262604743,https://digitalcontent.api.tesco.com/v2/media/ghs/d3ce5756-ab97-4c8e-b81b-e5e7d4338ee9/122b33d7-2c5d-47b0-979d-a4c8b6c6859a_1723035374.jpeg?h=225&w=225
259880355,L'oreal Paris Elnett Normal Strength Hair Spray 400Ml,https://www.tesco.com/groceries/en-GB/shop/health-and-beauty/all?department=Haircare%20%26%20Styling&viewAll=department,£6.95,£1.74/100ml,£5.00 Clubcard Price,,/groceries/en-GB/products/259880355,https://digitalcontent.api.tesco.com/v2/media/ghs/7d8109e2-0033-4d3d-9a8f-b371a70ccf38/b091a494-8a11-4174-9292-eb9a6bbcb1a7_317005695.jpeg?h=225&w=225
282049344,Aussie Miracle Hair Insurance 250Ml,https://www.tesco.com/groceries/en-GB/shop/health-and-beauty/all?department=Haircare%20%26%20Styling&viewAll=department,£5.00,£2.00/100ml,Any 3 for £10 Clubcard Price - Selected Aussie Haircare Products 200ml - 300ml,,/groceries/en-GB/products/282049344,https://digitalcontent.api.tesco.com/v2/media/ghs/959c519e-e075-419a-8502-c28e1ecb28e3/da278155-fcf7-4100-b83d-3c237369f70e_1714186164.jpeg?h=225&w=225
262605713,Silvikrin Maximum Hold Hair Spray 400Ml,https://www.tesco.com/groceries/en-GB/shop/health-and-beauty/all?department=Haircare%20%26%20Styling&viewAll=department,£4.20,£1.05/100ml,,,/groceries/en-GB/products/262605713,https://digitalcontent.api.tesco.com/v2/media/ghs/bff3a2bf-2340-46f5-b3f0-dff859d97adc/354b5538-c187-480a-a154-61efcf769a75_284046907.jpeg?h=225&w=225
262605892,Silvikrin Firm Hold Hair Spray 400Ml,https://www.tesco.com/groceries/en-GB/shop/health-and-beauty/all?department=Haircare%20%26%20Styling&viewAll=department,£4.20,£1.05/100ml,,,/groceries/en-GB/products/262605892,https://digitalcontent.api.tesco.com/v2/media/ghs/29fdf158-d689-409b-b393-6d8cb2977a62/bc059be9-069c-4e60-923a-c8c65cf62af2_1661297649.jpeg?h=225&w=225
262605552,Silvikrin Natural Hair Spray 400Ml,https://www.tesco.com/groceries/en-GB/shop/health-and-beauty/all?department=Haircare%20%26%20Styling&viewAll=department,£4.20,£1.05/100ml,,,/groceries/en-GB/products/262605552,https://digitalcontent.api.tesco.com/v2/media/ghs/d8d03d6c-c4c3-49b7-b2fa-30bebc7591bc/5b3a47a5-84d5-4420-9155-86817634809f_1698438375.jpeg?h=225&w=225
259880240,L'oreal Paris Elnett Supreme Hold Hair Spray 400Ml,https://www.tesco.com/groceries/en-GB/shop/health-and-beauty/all?department=Haircare%20%26%20Styling&viewAll=department,£6.95,£1.74/100ml,£5.00 Clubcard Price,,/groceries/en-GB/products/259880240,https://digitalcontent.api.tesco.com/v2/media/ghs/629b194f-3b8c-47cf-9995-95b49055b79f/709dd0e9-42ee-4758-bb87-a78a9fe2eebe_1751838675.jpeg?h=225&w=225
268401376,Vo5 Ultimate Hold Hair Spray 400Ml,https://www.tesco.com/groceries/en-GB/shop/health-and-beauty/all?department=Haircare%20%26%20Styling&viewAll=department,£4.00,£1.00/100ml,,,/groceries/en-GB/products/268401376,https://digitalcontent.api.tesco.com/v2/media/ghs/107891fd-1c5c-4339-9565-0ed7d512e235/2bfb5cca-cffa-42ac-9bf5-4515bb4a13b6_930820054.jpeg?h=225&w=225
261503023,John Frieda Frizz Ease Curl Reviver Mousse 200Ml,https://www.tesco.com/groceries/en-GB/shop/health-and-beauty/all?department=Haircare%20%26%20Styling&viewAll=department,£7.00,£3.50/100ml,Any 2 for £9 Clubcard Price - Selected John Frieda Haircare Products,,/groceries/en-GB/products/261503023,https://digitalcontent.api.tesco.com/v2/media/ghs/bf6a2da7-51a4-44c5-8184-e89a0ab15ea9/41dfaf6d-86bc-4ab9-9d9b-87333be3c8c4_1846852970.jpeg?h=225&w=225
311445211,Aussie 3 Minute Miracle Deep Hair Treatment 225Ml,https://www.tesco.com/groceries/en-GB/shop/health-and-beauty/all?department=Haircare%20%26%20Styling&viewAll=department,£5.00,£2.23/100ml,Any 3 for £10 Clubcard Price - Selected Aussie Haircare Products 200ml - 300ml,,/groceries/en-GB/products/311445211,https://digitalcontent.api.tesco.com/v2/media/ghs/8ea8280f-fde6-48e6-9e78-6cce217e8f62/330a09d1-0e93-45fe-bf9c-f13ef2fd6787_180789416.jpeg?h=225&w=225
276188389,Tresemme Protect Heat Defence Styling Spray 300Ml,https://www.tesco.com/groceries/en-GB/shop/health-and-beauty/all?department=Haircare%20%26%20Styling&viewAll=department,£4.00,£1.34/100ml,,,/groceries/en-GB/products/276188389,https://digitalcontent.api.tesco.com/v2/media/ghs/b541e3d9-aa6b-4a12-a518-26c60a94f07b/a2281bb8-f5f2-4525-a474-35f00d040d83_255722540.jpeg?h=225&w=225
260566623,Vo5 Mega Hold Gel Spray 200Ml,https://www.tesco.com/groceries/en-GB/shop/health-and-beauty/all?department=Haircare%20%26%20Styling&viewAll=department,£3.50,£1.75/100ml,,,/groceries/en-GB/products/260566623,https://digitalcontent.api.tesco.com/v2/media/ghs/8de047c2-163e-4aa8-b4bc-7311cdbb3048/3213051d-a67d-4925-92af-a48f30252900_237565035.jpeg?h=225&w=225
299538315,Tresemme Freeze Hold Hair Spray 400Ml,https://www.tesco.com/groceries/en-GB/shop/health-and-beauty/all?department=Haircare%20%26%20Styling&viewAll=department,£4.00,£1.00/100ml,,,/groceries/en-GB/products/299538315,https://digitalcontent.api.tesco.com/v2/media/ghs/b51a608b-e9f0-4c53-b59d-d65b5158994d/d654147d-6ce1-4c10-b3b4-bd937c5a4cda_1717643807.jpeg?h=225&w=225
255315433,L'oreal Paris Elnett Normal Strength Hair Spray 200Ml,https://www.tesco.com/groceries/en-GB/shop/health-and-beauty/all?department=Haircare%20%26%20Styling&viewAll=department,£4.00,£2.00/100ml,,,/groceries/en-GB/products/255315433,https://digitalcontent.api.tesco.com/v2/media/ghs/2cdd24f8-5e10-4e11-b154-79e416f87acf/211e8b11-8494-411d-b01c-1326795f42e5_1904156980.jpeg?h=225&w=225
311792922,Aussie 3 Minute Miracle Reconstruc Tor 225Ml,https://www.tesco.com/groceries/en-GB/shop/health-and-beauty/all?department=Haircare%20%26%20Styling&viewAll=department,£5.00,£2.23/100ml,Any 3 for £10 Clubcard Price - Selected Aussie Haircare Products 200ml - 300ml,,/groceries/en-GB/products/311792922,https://digitalcontent.api.tesco.com/v2/media/ghs/a199e253-d1c8-4a6c-83a0-604ef922531e/a88343c8-bce4-4997-8b3f-267be973c588_2078921004.jpeg?h=225&w=225
271159138,Batiste Dry Shampoo Tropical 200Ml,https://www.tesco.com/groceries/en-GB/shop/health-and-beauty/all?department=Haircare%20%26%20Styling&viewAll=department,£3.00,£1.50/100ml,,,/groceries/en-GB/products/271159138,https://digitalcontent.api.tesco.com/v2/media/ghs/cc50fbdd-8135-4e0e-acb7-666c1e8e3f89/0e8f956b-ff2f-4f66-9123-7ec0c142da92_819760268.jpeg?h=225&w=225
271158784,Batiste Dry Shampoo Original 200Ml,https://www.tesco.com/groceries/en-GB/shop/health-and-beauty/all?department=Haircare%20%26%20Styling&viewAll=department,£3.00,£1.50/100ml,,,/groceries/en-GB/products/271158784,https://digitalcontent.api.tesco.com/v2/media/ghs/52b66618-3115-4c51-9fa7-521bb9208f0e/3bde0ba9-1352-47d6-b54b-bd1269bd49df_183127495.jpeg?h=225&w=225
256514138,Shockwaves Volume Mousse Ultra Strong 200Ml,https://www.tesco.com/groceries/en-GB/shop/health-and-beauty/all?department=Haircare%20%26%20Styling&viewAll=department,£2.75,£1.38/100ml,,,/groceries/en-GB/products/256514138,https://digitalcontent.api.tesco.com/v2/media/ghs/31feb215-21d0-4da7-8075-0fe2135d0118/340b5c82-ef8b-4f9f-bf39-67947f3027ea_1925156916.jpeg?h=225&w=225
271159023,Batiste Dry Shampoo Blush 200Ml,https://www.tesco.com/groceries/en-GB/shop/health-and-beauty/all?department=Haircare%20%26%20Styling&viewAll=department,£3.00,£1.50/100ml,,,/groceries/en-GB/products/271159023,https://digitalcontent.api.tesco.com/v2/media/ghs/5094867e-9b6f-4509-bd6e-724ba86fddcf/3f209c72-80b6-40a4-84d5-1ea0cb435420_645773911.jpeg?h=225&w=225
271717826,Pantene Pro-V Defined Curls Mousse 200Ml,https://www.tesco.com/groceries/en-GB/shop/health-and-beauty/all?department=Haircare%20%26%20Styling&viewAll=department,£3.15,£1.58/100ml,,,/groceries/en-GB/products/271717826,https://digitalcontent.api.tesco.com/v2/media/ghs/54337dce-19dd-402b-8da9-22f99ea06616/56963776-c431-4a2e-a766-98e0d87c0859_336248140.jpeg?h=225&w=225
309451275,Schwarzkopf Styling Keratin Hair Spray 400Ml,https://www.tesco.com/groceries/en-GB/shop/health-and-beauty/all?department=Haircare%20%26%20Styling&viewAll=department,£3.00,£0.75/100ml,,,/groceries/en-GB/products/309451275,https://digitalcontent.api.tesco.com/v2/media/ghs/e007491b-ab62-4a8c-b7fb-db32a5373b05/f9a8986b-1851-41e0-91b4-18cec6c9cfb7_2068296828.jpeg?h=225&w=225
271718013,Pantene Pro-V Perfect Volume Mousse 200Ml,https://www.tesco.com/groceries/en-GB/shop/health-and-beauty/all?department=Haircare%20%26%20Styling&viewAll=department,£3.15,£1.58/100ml,,,/groceries/en-GB/products/271718013,https://digitalcontent.api.tesco.com/v2/media/ghs/4bb90cd5-62a7-476d-b129-e6e3b9f557d9/1d20d7cd-d13b-42cf-8edf-4592edbfcf64_1370025025.jpeg?h=225&w=225
302134915,Schwarzkopf G2b Fresh It Up 200Ml Dry Shampoo,https://www.tesco.com/groceries/en-GB/shop/health-and-beauty/all?department=Haircare%20%26%20Styling&viewAll=department,£3.00,£1.50/100ml,,,/groceries/en-GB/products/302134915,https://digitalcontent.api.tesco.com/v2/media/ghs/cd08953c-5b8b-44b1-a8d9-9113e66099e9/8091466e-9907-4a7d-8059-4575f54e641d_93039192.jpeg?h=225&w=225
310166266,John Frieda Frizz Ease All In 1 Extra Strength Serum 50Ml,https://www.tesco.com/groceries/en-GB/shop/health-and-beauty/all?department=Haircare%20%26%20Styling&viewAll=department,£8.00,£16.00/100ml,Any 2 for £9 Clubcard Price - Selected John Frieda Haircare Products,,/groceries/en-GB/products/310166266,https://digitalcontent.api.tesco.com/v2/media/ghs/92868410-305b-40d2-bc73-f375381dfda0/029e7690-569e-433b-9557-39b981665351_1587338389.jpeg?h=225&w=225
262604743,Silvikrin Maximum Hold Hair Spray 250Ml,https://www.tesco.com/groceries/en-GB/shop/health-and-beauty/all?department=Haircare%20%26%20Styling&viewAll=department,£3.20,£1.28/100ml,£2.50 Clubcard Price,,/groceries/en-GB/products/262604743,https://digitalcontent.api.tesco.com/v2/media/ghs/d3ce5756-ab97-4c8e-b81b-e5e7d4338ee9/122b33d7-2c5d-47b0-979d-a4c8b6c6859a_1723035374.jpeg?h=225&w=225
259880355,L'oreal Paris Elnett Normal Strength Hair Spray 400Ml,https://www.tesco.com/groceries/en-GB/shop/health-and-beauty/all?department=Haircare%20%26%20Styling&viewAll=department,£6.95,£1.74/100ml,£5.00 Clubcard Price,,/groceries/en-GB/products/259880355,https://digitalcontent.api.tesco.com/v2/media/ghs/7d8109e2-0033-4d3d-9a8f-b371a70ccf38/b091a494-8a11-4174-9292-eb9a6bbcb1a7_317005695.jpeg?h=225&w=225
282049344,Aussie Miracle Hair Insurance 250Ml,https://www.tesco.com/groceries/en-GB/shop/health-and-beauty/all?department=Haircare%20%26%20Styling&viewAll=department,£5.00,£2.00/100ml,Any 3 for £10 Clubcard Price - Selected Aussie Haircare Products 200ml - 300ml,,/groceries/en-GB/products/282049344,https://digitalcontent.api.tesco.com/v2/media/ghs/959c519e-e075-419a-8502-c28e1ecb28e3/da278155-fcf7-4100-b83d-3c237369f70e_1714186164.jpeg?h=225&w=225
262605713,Silvikrin Maximum Hold Hair Spray 400Ml,https://www.tesco.com/groceries/en-GB/shop/health-and-beauty/all?department=Haircare%20%26%20Styling&viewAll=department,£4.20,£1.05/100ml,,,/groceries/en-GB/products/262605713,https://digitalcontent.api.tesco.com/v2/media/ghs/bff3a2bf-2340-46f5-b3f0-dff859d97adc/354b5538-c187-480a-a154-61efcf769a75_284046907.jpeg?h=225&w=225
262605892,Silvikrin Firm Hold Hair Spray 400Ml,https://www.tesco.com/groceries/en-GB/shop/health-and-beauty/all?department=Haircare%20%26%20Styling&viewAll=department,£4.20,£1.05/100ml,,,/groceries/en-GB/products/262605892,https://digitalcontent.api.tesco.com/v2/media/ghs/29fdf158-d689-409b-b393-6d8cb2977a62/bc059be9-069c-4e60-923a-c8c65cf62af2_1661297649.jpeg?h=225&w=225
262605552,Silvikrin Natural Hair Spray 400Ml,https://www.tesco.com/groceries/en-GB/shop/health-and-beauty/all?department=Haircare%20%26%20Styling&viewAll=department,£4.20,£1.05/100ml,,,/groceries/en-GB/products/262605552,https://digitalcontent.api.tesco.com/v2/media/ghs/d8d03d6c-c4c3-49b7-b2fa-30bebc7591bc/5b3a47a5-84d5-4420-9155-86817634809f_1698438375.jpeg?h=225&w=225
259880240,L'oreal Paris Elnett Supreme Hold Hair Spray 400Ml,https://www.tesco.com/groceries/en-GB/shop/health-and-beauty/all?department=Haircare%20%26%20Styling&viewAll=department,£6.95,£1.74/100ml,£5.00 Clubcard Price,,/groceries/en-GB/products/259880240,https://digitalcontent.api.tesco.com/v2/media/ghs/629b194f-3b8c-47cf-9995-95b49055b79f/709dd0e9-42ee-4758-bb87-a78a9fe2eebe_1751838675.jpeg?h=225&w=225
268401376,Vo5 Ultimate Hold Hair Spray 400Ml,https://www.tesco.com/groceries/en-GB/shop/health-and-beauty/all?department=Haircare%20%26%20Styling&viewAll=department,£4.00,£1.00/100ml,,,/groceries/en-GB/products/268401376,https://digitalcontent.api.tesco.com/v2/media/ghs/107891fd-1c5c-4339-9565-0ed7d512e235/2bfb5cca-cffa-42ac-9bf5-4515bb4a13b6_930820054.jpeg?h=225&w=225
261503023,John Frieda Frizz Ease Curl Reviver Mousse 200Ml,https://www.tesco.com/groceries/en-GB/shop/health-and-beauty/all?department=Haircare%20%26%20Styling&viewAll=department,£7.00,£3.50/100ml,Any 2 for £9 Clubcard Price - Selected John Frieda Haircare Products,,/groceries/en-GB/products/261503023,https://digitalcontent.api.tesco.com/v2/media/ghs/bf6a2da7-51a4-44c5-8184-e89a0ab15ea9/41dfaf6d-86bc-4ab9-9d9b-87333be3c8c4_1846852970.jpeg?h=225&w=225
311445211,Aussie 3 Minute Miracle Deep Hair Treatment 225Ml,https://www.tesco.com/groceries/en-GB/shop/health-and-beauty/all?department=Haircare%20%26%20Styling&viewAll=department,£5.00,£2.23/100ml,Any 3 for £10 Clubcard Price - Selected Aussie Haircare Products 200ml - 300ml,,/groceries/en-GB/products/311445211,https://digitalcontent.api.tesco.com/v2/media/ghs/8ea8280f-fde6-48e6-9e78-6cce217e8f62/330a09d1-0e93-45fe-bf9c-f13ef2fd6787_180789416.jpeg?h=225&w=225
276188389,Tresemme Protect Heat Defence Styling Spray 300Ml,https://www.tesco.com/groceries/en-GB/shop/health-and-beauty/all?department=Haircare%20%26%20Styling&viewAll=department,£4.00,£1.34/100ml,,,/groceries/en-GB/products/276188389,https://digitalcontent.api.tesco.com/v2/media/ghs/b541e3d9-aa6b-4a12-a518-26c60a94f07b/a2281bb8-f5f2-4525-a474-35f00d040d83_255722540.jpeg?h=225&w=225
260566623,Vo5 Mega Hold Gel Spray 200Ml,https://www.tesco.com/groceries/en-GB/shop/health-and-beauty/all?department=Haircare%20%26%20Styling&viewAll=department,£3.50,£1.75/100ml,,,/groceries/en-GB/products/260566623,https://digitalcontent.api.tesco.com/v2/media/ghs/8de047c2-163e-4aa8-b4bc-7311cdbb3048/3213051d-a67d-4925-92af-a48f30252900_237565035.jpeg?h=225&w=225
299538315,Tresemme Freeze Hold Hair Spray 400Ml,https://www.tesco.com/groceries/en-GB/shop/health-and-beauty/all?department=Haircare%20%26%20Styling&viewAll=department,£4.00,£1.00/100ml,,,/groceries/en-GB/products/299538315,https://digitalcontent.api.tesco.com/v2/media/ghs/b51a608b-e9f0-4c53-b59d-d65b5158994d/d654147d-6ce1-4c10-b3b4-bd937c5a4cda_1717643807.jpeg?h=225&w=225
255315433,L'oreal Paris Elnett Normal Strength Hair Spray 200Ml,https://www.tesco.com/groceries/en-GB/shop/health-and-beauty/all?department=Haircare%20%26%20Styling&viewAll=department,£4.00,£2.00/100ml,,,/groceries/en-GB/products/255315433,https://digitalcontent.api.tesco.com/v2/media/ghs/2cdd24f8-5e10-4e11-b154-79e416f87acf/211e8b11-8494-411d-b01c-1326795f42e5_1904156980.jpeg?h=225&w=225
311792922,Aussie 3 Minute Miracle Reconstruc Tor 225Ml,https://www.tesco.com/groceries/en-GB/shop/health-and-beauty/all?department=Haircare%20%26%20Styling&viewAll=department,£5.00,£2.23/100ml,Any 3 for £10 Clubcard Price - Selected Aussie Haircare Products 200ml - 300ml,,/groceries/en-GB/products/311792922,https://digitalcontent.api.tesco.com/v2/media/ghs/a199e253-d1c8-4a6c-83a0-604ef922531e/a88343c8-bce4-4997-8b3f-267be973c588_2078921004.jpeg?h=225&w=225
271159138,Batiste Dry Shampoo Tropical 200Ml,https://www.tesco.com/groceries/en-GB/shop/health-and-beauty/all?department=Haircare%20%26%20Styling&viewAll=department,£3.00,£1.50/100ml,,,/groceries/en-GB/products/271159138,https://digitalcontent.api.tesco.com/v2/media/ghs/cc50fbdd-8135-4e0e-acb7-666c1e8e3f89/0e8f956b-ff2f-4f66-9123-7ec0c142da92_819760268.jpeg?h=225&w=225
271158784,Batiste Dry Shampoo Original 200Ml,https://www.tesco.com/groceries/en-GB/shop/health-and-beauty/all?department=Haircare%20%26%20Styling&viewAll=department,£3.00,£1.50/100ml,,,/groceries/en-GB/products/271158784,https://digitalcontent.api.tesco.com/v2/media/ghs/52b66618-3115-4c51-9fa7-521bb9208f0e/3bde0ba9-1352-47d6-b54b-bd1269bd49df_183127495.jpeg?h=225&w=225
256514138,Shockwaves Volume Mousse Ultra Strong 200Ml,https://www.tesco.com/groceries/en-GB/shop/health-and-beauty/all?department=Haircare%20%26%20Styling&viewAll=department,£2.75,£1.38/100ml,,,/groceries/en-GB/products/256514138,https://digitalcontent.api.tesco.com/v2/media/ghs/31feb215-21d0-4da7-8075-0fe2135d0118/340b5c82-ef8b-4f9f-bf39-67947f3027ea_1925156916.jpeg?h=225&w=225
271159023,Batiste Dry Shampoo Blush 200Ml,https://www.tesco.com/groceries/en-GB/shop/health-and-beauty/all?department=Haircare%20%26%20Styling&viewAll=department,£3.00,£1.50/100ml,,,/groceries/en-GB/products/271159023,https://digitalcontent.api.tesco.com/v2/media/ghs/5094867e-9b6f-4509-bd6e-724ba86fddcf/3f209c72-80b6-40a4-84d5-1ea0cb435420_645773911.jpeg?h=225&w=225
271717826,Pantene Pro-V Defined Curls Mousse 200Ml,https://www.tesco.com/groceries/en-GB/shop/health-and-beauty/all?department=Haircare%20%26%20Styling&viewAll=department,£3.15,£1.58/100ml,,,/groceries/en-GB/products/271717826,https://digitalcontent.api.tesco.com/v2/media/ghs/54337dce-19dd-402b-8da9-22f99ea06616/56963776-c431-4a2e-a766-98e0d87c0859_336248140.jpeg?h=225&w=225
309451275,Schwarzkopf Styling Keratin Hair Spray 400Ml,https://www.tesco.com/groceries/en-GB/shop/health-and-beauty/all?department=Haircare%20%26%20Styling&viewAll=department,£3.00,£0.75/100ml,,,/groceries/en-GB/products/309451275,https://digitalcontent.api.tesco.com/v2/media/ghs/e007491b-ab62-4a8c-b7fb-db32a5373b05/f9a8986b-1851-41e0-91b4-18cec6c9cfb7_2068296828.jpeg?h=225&w=225
271718013,Pantene Pro-V Perfect Volume Mousse 200Ml,https://www.tesco.com/groceries/en-GB/shop/health-and-beauty/all?department=Haircare%20%26%20Styling&viewAll=department,£3.15,£1.58/100ml,,,/groceries/en-GB/products/271718013,https://digitalcontent.api.tesco.com/v2/media/ghs/4bb90cd5-62a7-476d-b129-e6e3b9f557d9/1d20d7cd-d13b-42cf-8edf-4592edbfcf64_1370025025.jpeg?h=225&w=225
302134915,Schwarzkopf G2b Fresh It Up 200Ml Dry Shampoo,https://www.tesco.com/groceries/en-GB/shop/health-and-beauty/all?department=Haircare%20%26%20Styling&viewAll=department,£3.00,£1.50/100ml,,,/groceries/en-GB/products/302134915,https://digitalcontent.api.tesco.com/v2/media/ghs/cd08953c-5b8b-44b1-a8d9-9113e66099e9/8091466e-9907-4a7d-8059-4575f54e641d_93039192.jpeg?h=225&w=225
310166266,John Frieda Frizz Ease All In 1 Extra Strength Serum 50Ml,https://www.tesco.com/groceries/en-GB/shop/health-and-beauty/all?department=Haircare%20%26%20Styling&viewAll=department,£8.00,£16.00/100ml,Any 2 for £9 Clubcard Price - Selected John Frieda Haircare Products,,/groceries/en-GB/products/310166266,https://digitalcontent.api.tesco.com/v2/media/ghs/92868410-305b-40d2-bc73-f375381dfda0/029e7690-569e-433b-9557-39b981665351_1587338389.jpeg?h=225&w=225
262604743,Silvikrin Maximum Hold Hair Spray 250Ml,https://www.tesco.com/groceries/en-GB/shop/health-and-beauty/all?department=Haircare%20%26%20Styling&viewAll=department,£3.20,£1.28/100ml,£2.50 Clubcard Price,,/groceries/en-GB/products/262604743,https://digitalcontent.api.tesco.com/v2/media/ghs/d3ce5756-ab97-4c8e-b81b-e5e7d4338ee9/122b33d7-2c5d-47b0-979d-a4c8b6c6859a_1723035374.jpeg?h=225&w=225
259880355,L'oreal Paris Elnett Normal Strength Hair Spray 400Ml,https://www.tesco.com/groceries/en-GB/shop/health-and-beauty/all?department=Haircare%20%26%20Styling&viewAll=department,£6.95,£1.74/100ml,£5.00 Clubcard Price,,/groceries/en-GB/products/259880355,https://digitalcontent.api.tesco.com/v2/media/ghs/7d8109e2-0033-4d3d-9a8f-b371a70ccf38/b091a494-8a11-4174-9292-eb9a6bbcb1a7_317005695.jpeg?h=225&w=225
282049344,Aussie Miracle Hair Insurance 250Ml,https://www.tesco.com/groceries/en-GB/shop/health-and-beauty/all?department=Haircare%20%26%20Styling&viewAll=department,£5.00,£2.00/100ml,Any 3 for £10 Clubcard Price - Selected Aussie Haircare Products 200ml - 300ml,,/groceries/en-GB/products/282049344,https://digitalcontent.api.tesco.com/v2/media/ghs/959c519e-e075-419a-8502-c28e1ecb28e3/da278155-fcf7-4100-b83d-3c237369f70e_1714186164.jpeg?h=225&w=225
262605713,Silvikrin Maximum Hold Hair Spray 400Ml,https://www.tesco.com/groceries/en-GB/shop/health-and-beauty/all?department=Haircare%20%26%20Styling&viewAll=department,£4.20,£1.05/100ml,,,/groceries/en-GB/products/262605713,https://digitalcontent.api.tesco.com/v2/media/ghs/bff3a2bf-2340-46f5-b3f0-dff859d97adc/354b5538-c187-480a-a154-61efcf769a75_284046907.jpeg?h=225&w=225
262605892,Silvikrin Firm Hold Hair Spray 400Ml,https://www.tesco.com/groceries/en-GB/shop/health-and-beauty/all?department=Haircare%20%26%20Styling&viewAll=department,£4.20,£1.05/100ml,,,/groceries/en-GB/products/262605892,https://digitalcontent.api.tesco.com/v2/media/ghs/29fdf158-d689-409b-b393-6d8cb2977a62/bc059be9-069c-4e60-923a-c8c65cf62af2_1661297649.jpeg?h=225&w=225
262605552,Silvikrin Natural Hair Spray 400Ml,https://www.tesco.com/groceries/en-GB/shop/health-and-beauty/all?department=Haircare%20%26%20Styling&viewAll=department,£4.20,£1.05/100ml,,,/groceries/en-GB/products/262605552,https://digitalcontent.api.tesco.com/v2/media/ghs/d8d03d6c-c4c3-49b7-b2fa-30bebc7591bc/5b3a47a5-84d5-4420-9155-86817634809f_1698438375.jpeg?h=225&w=225
259880240,L'oreal Paris Elnett Supreme Hold Hair Spray 400Ml,https://www.tesco.com/groceries/en-GB/shop/health-and-beauty/all?department=Haircare%20%26%20Styling&viewAll=department,£6.95,£1.74/100ml,£5.00 Clubcard Price,,/groceries/en-GB/products/259880240,https://digitalcontent.api.tesco.com/v2/media/ghs/629b194f-3b8c-47cf-9995-95b49055b79f/709dd0e9-42ee-4758-bb87-a78a9fe2eebe_1751838675.jpeg?h=225&w=225
268401376,Vo5 Ultimate Hold Hair Spray 400Ml,https://www.tesco.com/groceries/en-GB/shop/health-and-beauty/all?department=Haircare%20%26%20Styling&viewAll=department,£4.00,£1.00/100ml,,,/groceries/en-GB/products/268401376,https://digitalcontent.api.tesco.com/v2/media/ghs/107891fd-1c5c-4339-9565-0ed7d512e235/2bfb5cca-cffa-42ac-9bf5-4515bb4a13b6_930820054.jpeg?h=225&w=225
261503023,John Frieda Frizz Ease Curl Reviver Mousse 200Ml,https://www.tesco.com/groceries/en-GB/shop/health-and-beauty/all?department=Haircare%20%26%20Styling&viewAll=department,£7.00,£3.50/100ml,Any 2 for £9 Clubcard Price - Selected John Frieda Haircare Products,,/groceries/en-GB/products/261503023,https://digitalcontent.api.tesco.com/v2/media/ghs/bf6a2da7-51a4-44c5-8184-e89a0ab15ea9/41dfaf6d-86bc-4ab9-9d9b-87333be3c8c4_1846852970.jpeg?h=225&w=225
311445211,Aussie 3 Minute Miracle Deep Hair Treatment 225Ml,https://www.tesco.com/groceries/en-GB/shop/health-and-beauty/all?department=Haircare%20%26%20Styling&viewAll=department,£5.00,£2.23/100ml,Any 3 for £10 Clubcard Price - Selected Aussie Haircare Products 200ml - 300ml,,/groceries/en-GB/products/311445211,https://digitalcontent.api.tesco.com/v2/media/ghs/8ea8280f-fde6-48e6-9e78-6cce217e8f62/330a09d1-0e93-45fe-bf9c-f13ef2fd6787_180789416.jpeg?h=225&w=225
276188389,Tresemme Protect Heat Defence Styling Spray 300Ml,https://www.tesco.com/groceries/en-GB/shop/health-and-beauty/all?department=Haircare%20%26%20Styling&viewAll=department,£4.00,£1.34/100ml,,,/groceries/en-GB/products/276188389,https://digitalcontent.api.tesco.com/v2/media/ghs/b541e3d9-aa6b-4a12-a518-26c60a94f07b/a2281bb8-f5f2-4525-a474-35f00d040d83_255722540.jpeg?h=225&w=225
260566623,Vo5 Mega Hold Gel Spray 200Ml,https://www.tesco.com/groceries/en-GB/shop/health-and-beauty/all?department=Haircare%20%26%20Styling&viewAll=department,£3.50,£1.75/100ml,,,/groceries/en-GB/products/260566623,https://digitalcontent.api.tesco.com/v2/media/ghs/8de047c2-163e-4aa8-b4bc-7311cdbb3048/3213051d-a67d-4925-92af-a48f30252900_237565035.jpeg?h=225&w=225
299538315,Tresemme Freeze Hold Hair Spray 400Ml,https://www.tesco.com/groceries/en-GB/shop/health-and-beauty/all?department=Haircare%20%26%20Styling&viewAll=department,£4.00,£1.00/100ml,,,/groceries/en-GB/products/299538315,https://digitalcontent.api.tesco.com/v2/media/ghs/b51a608b-e9f0-4c53-b59d-d65b5158994d/d654147d-6ce1-4c10-b3b4-bd937c5a4cda_1717643807.jpeg?h=225&w=225
255315433,L'oreal Paris Elnett Normal Strength Hair Spray 200Ml,https://www.tesco.com/groceries/en-GB/shop/health-and-beauty/all?department=Haircare%20%26%20Styling&viewAll=department,£4.00,£2.00/100ml,,,/groceries/en-GB/products/255315433,https://digitalcontent.api.tesco.com/v2/media/ghs/2cdd24f8-5e10-4e11-b154-79e416f87acf/211e8b11-8494-411d-b01c-1326795f42e5_1904156980.jpeg?h=225&w=225
311792922,Aussie 3 Minute Miracle Reconstruc Tor 225Ml,https://www.tesco.com/groceries/en-GB/shop/health-and-beauty/all?department=Haircare%20%26%20Styling&viewAll=department,£5.00,£2.23/100ml,Any 3 for £10 Clubcard Price - Selected Aussie Haircare Products 200ml - 300ml,,/groceries/en-GB/products/311792922,https://digitalcontent.api.tesco.com/v2/media/ghs/a199e253-d1c8-4a6c-83a0-604ef922531e/a88343c8-bce4-4997-8b3f-267be973c588_2078921004.jpeg?h=225&w=225
271159138,Batiste Dry Shampoo Tropical 200Ml,https://www.tesco.com/groceries/en-GB/shop/health-and-beauty/all?department=Haircare%20%26%20Styling&viewAll=department,£3.00,£1.50/100ml,,,/groceries/en-GB/products/271159138,https://digitalcontent.api.tesco.com/v2/media/ghs/cc50fbdd-8135-4e0e-acb7-666c1e8e3f89/0e8f956b-ff2f-4f66-9123-7ec0c142da92_819760268.jpeg?h=225&w=225
271158784,Batiste Dry Shampoo Original 200Ml,https://www.tesco.com/groceries/en-GB/shop/health-and-beauty/all?department=Haircare%20%26%20Styling&viewAll=department,£3.00,£1.50/100ml,,,/groceries/en-GB/products/271158784,https://digitalcontent.api.tesco.com/v2/media/ghs/52b66618-3115-4c51-9fa7-521bb9208f0e/3bde0ba9-1352-47d6-b54b-bd1269bd49df_183127495.jpeg?h=225&w=225
256514138,Shockwaves Volume Mousse Ultra Strong 200Ml,https://www.tesco.com/groceries/en-GB/shop/health-and-beauty/all?department=Haircare%20%26%20Styling&viewAll=department,£2.75,£1.38/100ml,,,/groceries/en-GB/products/256514138,https://digitalcontent.api.tesco.com/v2/media/ghs/31feb215-21d0-4da7-8075-0fe2135d0118/340b5c82-ef8b-4f9f-bf39-67947f3027ea_1925156916.jpeg?h=225&w=225
271159023,Batiste Dry Shampoo Blush 200Ml,https://www.tesco.com/groceries/en-GB/shop/health-and-beauty/all?department=Haircare%20%26%20Styling&viewAll=department,£3.00,£1.50/100ml,,,/groceries/en-GB/products/271159023,https://digitalcontent.api.tesco.com/v2/media/ghs/5094867e-9b6f-4509-bd6e-724ba86fddcf/3f209c72-80b6-40a4-84d5-1ea0cb435420_645773911.jpeg?h=225&w=225
271717826,Pantene Pro-V Defined Curls Mousse 200Ml,https://www.tesco.com/groceries/en-GB/shop/health-and-beauty/all?department=Haircare%20%26%20Styling&viewAll=department,£3.15,£1.58/100ml,,,/groceries/en-GB/products/271717826,https://digitalcontent.api.tesco.com/v2/media/ghs/54337dce-19dd-402b-8da9-22f99ea06616/56963776-c431-4a2e-a766-98e0d87c0859_336248140.jpeg?h=225&w=225
309451275,Schwarzkopf Styling Keratin Hair Spray 400Ml,https://www.tesco.com/groceries/en-GB/shop/health-and-beauty/all?department=Haircare%20%26%20Styling&viewAll=department,£3.00,£0.75/100ml,,,/groceries/en-GB/products/309451275,https://digitalcontent.api.tesco.com/v2/media/ghs/e007491b-ab62-4a8c-b7fb-db32a5373b05/f9a8986b-1851-41e0-91b4-18cec6c9cfb7_2068296828.jpeg?h=225&w=225
271718013,Pantene Pro-V Perfect Volume Mousse 200Ml,https://www.tesco.com/groceries/en-GB/shop/health-and-beauty/all?department=Haircare%20%26%20Styling&viewAll=department,£3.15,£1.58/100ml,,,/groceries/en-GB/products/271718013,https://digitalcontent.api.tesco.com/v2/media/ghs/4bb90cd5-62a7-476d-b129-e6e3b9f557d9/1d20d7cd-d13b-42cf-8edf-4592edbfcf64_1370025025.jpeg?h=225&w=225
302134915,Schwarzkopf G2b Fresh It Up 200Ml Dry Shampoo,https://www.tesco.com/groceries/en-GB/shop/health-and-beauty/all?department=Haircare%20%26%20Styling&viewAll=department,£3.00,£1.50/100ml,,,/groceries/en-GB/products/302134915,https://digitalcontent.api.tesco.com/v2/media/ghs/cd08953c-5b8b-44b1-a8d9-9113e66099e9/8091466e-9907-4a7d-8059-4575f54e641d_93039192.jpeg?h=225&w=225
310166266,John Frieda Frizz Ease All In 1 Extra Strength Serum 50Ml,https://www.tesco.com/groceries/en-GB/shop/health-and-beauty/all?department=Haircare%20%26%20Styling&viewAll=department,£8.00,£16.00/100ml,Any 2 for £9 Clubcard Price - Selected John Frieda Haircare Products,,/groceries/en-GB/products/310166266,https://digitalcontent.api.tesco.com/v2/media/ghs/92868410-305b-40d2-bc73-f375381dfda0/029e7690-569e-433b-9557-39b981665351_1587338389.jpeg?h=225&w=225
262604743,Silvikrin Maximum Hold Hair Spray 250Ml,https://www.tesco.com/groceries/en-GB/shop/health-and-beauty/all?department=Haircare%20%26%20Styling&viewAll=department,£3.20,£1.28/100ml,£2.50 Clubcard Price,,/groceries/en-GB/products/262604743,https://digitalcontent.api.tesco.com/v2/media/ghs/d3ce5756-ab97-4c8e-b81b-e5e7d4338ee9/122b33d7-2c5d-47b0-979d-a4c8b6c6859a_1723035374.jpeg?h=225&w=225
259880355,L'oreal Paris Elnett Normal Strength Hair Spray 400Ml,https://www.tesco.com/groceries/en-GB/shop/health-and-beauty/all?department=Haircare%20%26%20Styling&viewAll=department,£6.95,£1.74/100ml,£5.00 Clubcard Price,,/groceries/en-GB/products/259880355,https://digitalcontent.api.tesco.com/v2/media/ghs/7d8109e2-0033-4d3d-9a8f-b371a70ccf38/b091a494-8a11-4174-9292-eb9a6bbcb1a7_317005695.jpeg?h=225&w=225
282049344,Aussie Miracle Hair Insurance 250Ml,https://www.tesco.com/groceries/en-GB/shop/health-and-beauty/all?department=Haircare%20%26%20Styling&viewAll=department,£5.00,£2.00/100ml,Any 3 for £10 Clubcard Price - Selected Aussie Haircare Products 200ml - 300ml,,/groceries/en-GB/products/282049344,https://digitalcontent.api.tesco.com/v2/media/ghs/959c519e-e075-419a-8502-c28e1ecb28e3/da278155-fcf7-4100-b83d-3c237369f70e_1714186164.jpeg?h=225&w=225
262605713,Silvikrin Maximum Hold Hair Spray 400Ml,https://www.tesco.com/groceries/en-GB/shop/health-and-beauty/all?department=Haircare%20%26%20Styling&viewAll=department,£4.20,£1.05/100ml,,,/groceries/en-GB/products/262605713,https://digitalcontent.api.tesco.com/v2/media/ghs/bff3a2bf-2340-46f5-b3f0-dff859d97adc/354b5538-c187-480a-a154-61efcf769a75_284046907.jpeg?h=225&w=225
262605892,Silvikrin Firm Hold Hair Spray 400Ml,https://www.tesco.com/groceries/en-GB/shop/health-and-beauty/all?department=Haircare%20%26%20Styling&viewAll=department,£4.20,£1.05/100ml,,,/groceries/en-GB/products/262605892,https://digitalcontent.api.tesco.com/v2/media/ghs/29fdf158-d689-409b-b393-6d8cb2977a62/bc059be9-069c-4e60-923a-c8c65cf62af2_1661297649.jpeg?h=225&w=225
262605552,Silvikrin Natural Hair Spray 400Ml,https://www.tesco.com/groceries/en-GB/shop/health-and-beauty/all?department=Haircare%20%26%20Styling&viewAll=department,£4.20,£1.05/100ml,,,/groceries/en-GB/products/262605552,https://digitalcontent.api.tesco.com/v2/media/ghs/d8d03d6c-c4c3-49b7-b2fa-30bebc7591bc/5b3a47a5-84d5-4420-9155-86817634809f_1698438375.jpeg?h=225&w=225
259880240,L'oreal Paris Elnett Supreme Hold Hair Spray 400Ml,https://www.tesco.com/groceries/en-GB/shop/health-and-beauty/all?department=Haircare%20%26%20Styling&viewAll=department,£6.95,£1.74/100ml,£5.00 Clubcard Price,,/groceries/en-GB/products/259880240,https://digitalcontent.api.tesco.com/v2/media/ghs/629b194f-3b8c-47cf-9995-95b49055b79f/709dd0e9-42ee-4758-bb87-a78a9fe2eebe_1751838675.jpeg?h=225&w=225
268401376,Vo5 Ultimate Hold Hair Spray 400Ml,https://www.tesco.com/groceries/en-GB/shop/health-and-beauty/all?department=Haircare%20%26%20Styling&viewAll=department,£4.00,£1.00/100ml,,,/groceries/en-GB/products/268401376,https://digitalcontent.api.tesco.com/v2/media/ghs/107891fd-1c5c-4339-9565-0ed7d512e235/2bfb5cca-cffa-42ac-9bf5-4515bb4a13b6_930820054.jpeg?h=225&w=225
261503023,John Frieda Frizz Ease Curl Reviver Mousse 200Ml,https://www.tesco.com/groceries/en-GB/shop/health-and-beauty/all?department=Haircare%20%26%20Styling&viewAll=department,£7.00,£3.50/100ml,Any 2 for £9 Clubcard Price - Selected John Frieda Haircare Products,,/groceries/en-GB/products/261503023,https://digitalcontent.api.tesco.com/v2/media/ghs/bf6a2da7-51a4-44c5-8184-e89a0ab15ea9/41dfaf6d-86bc-4ab9-9d9b-87333be3c8c4_1846852970.jpeg?h=225&w=225
311445211,Aussie 3 Minute Miracle Deep Hair Treatment 225Ml,https://www.tesco.com/groceries/en-GB/shop/health-and-beauty/all?department=Haircare%20%26%20Styling&viewAll=department,£5.00,£2.23/100ml,Any 3 for £10 Clubcard Price - Selected Aussie Haircare Products 200ml - 300ml,,/groceries/en-GB/products/311445211,https://digitalcontent.api.tesco.com/v2/media/ghs/8ea8280f-fde6-48e6-9e78-6cce217e8f62/330a09d1-0e93-45fe-bf9c-f13ef2fd6787_180789416.jpeg?h=225&w=225
276188389,Tresemme Protect Heat Defence Styling Spray 300Ml,https://www.tesco.com/groceries/en-GB/shop/health-and-beauty/all?department=Haircare%20%26%20Styling&viewAll=department,£4.00,£1.34/100ml,,,/groceries/en-GB/products/276188389,https://digitalcontent.api.tesco.com/v2/media/ghs/b541e3d9-aa6b-4a12-a518-26c60a94f07b/a2281bb8-f5f2-4525-a474-35f00d040d83_255722540.jpeg?h=225&w=225
260566623,Vo5 Mega Hold Gel Spray 200Ml,https://www.tesco.com/groceries/en-GB/shop/health-and-beauty/all?department=Haircare%20%26%20Styling&viewAll=department,£3.50,£1.75/100ml,,,/groceries/en-GB/products/260566623,https://digitalcontent.api.tesco.com/v2/media/ghs/8de047c2-163e-4aa8-b4bc-7311cdbb3048/3213051d-a67d-4925-92af-a48f30252900_237565035.jpeg?h=225&w=225
299538315,Tresemme Freeze Hold Hair Spray 400Ml,https://www.tesco.com/groceries/en-GB/shop/health-and-beauty/all?department=Haircare%20%26%20Styling&viewAll=department,£4.00,£1.00/100ml,,,/groceries/en-GB/products/299538315,https://digitalcontent.api.tesco.com/v2/media/ghs/b51a608b-e9f0-4c53-b59d-d65b5158994d/d654147d-6ce1-4c10-b3b4-bd937c5a4cda_1717643807.jpeg?h=225&w=225
255315433,L'oreal Paris Elnett Normal Strength Hair Spray 200Ml,https://www.tesco.com/groceries/en-GB/shop/health-and-beauty/all?department=Haircare%20%26%20Styling&viewAll=department,£4.00,£2.00/100ml,,,/groceries/en-GB/products/255315433,https://digitalcontent.api.tesco.com/v2/media/ghs/2cdd24f8-5e10-4e11-b154-79e416f87acf/211e8b11-8494-411d-b01c-1326795f42e5_1904156980.jpeg?h=225&w=225
311792922,Aussie 3 Minute Miracle Reconstruc Tor 225Ml,https://www.tesco.com/groceries/en-GB/shop/health-and-beauty/all?department=Haircare%20%26%20Styling&viewAll=department,£5.00,£2.23/100ml,Any 3 for £10 Clubcard Price - Selected Aussie Haircare Products 200ml - 300ml,,/groceries/en-GB/products/311792922,https://digitalcontent.api.tesco.com/v2/media/ghs/a199e253-d1c8-4a6c-83a0-604ef922531e/a88343c8-bce4-4997-8b3f-267be973c588_2078921004.jpeg?h=225&w=225
271159138,Batiste Dry Shampoo Tropical 200Ml,https://www.tesco.com/groceries/en-GB/shop/health-and-beauty/all?department=Haircare%20%26%20Styling&viewAll=department,£3.00,£1.50/100ml,,,/groceries/en-GB/products/271159138,https://digitalcontent.api.tesco.com/v2/media/ghs/cc50fbdd-8135-4e0e-acb7-666c1e8e3f89/0e8f956b-ff2f-4f66-9123-7ec0c142da92_819760268.jpeg?h=225&w=225
271158784,Batiste Dry Shampoo Original 200Ml,https://www.tesco.com/groceries/en-GB/shop/health-and-beauty/all?department=Haircare%20%26%20Styling&viewAll=department,£3.00,£1.50/100ml,,,/groceries/en-GB/products/271158784,https://digitalcontent.api.tesco.com/v2/media/ghs/52b66618-3115-4c51-9fa7-521bb9208f0e/3bde0ba9-1352-47d6-b54b-bd1269bd49df_183127495.jpeg?h=225&w=225
256514138,Shockwaves Volume Mousse Ultra Strong 200Ml,https://www.tesco.com/groceries/en-GB/shop/health-and-beauty/all?department=Haircare%20%26%20Styling&viewAll=department,£2.75,£1.38/100ml,,,/groceries/en-GB/products/256514138,https://digitalcontent.api.tesco.com/v2/media/ghs/31feb215-21d0-4da7-8075-0fe2135d0118/340b5c82-ef8b-4f9f-bf39-67947f3027ea_1925156916.jpeg?h=225&w=225
271159023,Batiste Dry Shampoo Blush 200Ml,https://www.tesco.com/groceries/en-GB/shop/health-and-beauty/all?department=Haircare%20%26%20Styling&viewAll=department,£3.00,£1.50/100ml,,,/groceries/en-GB/products/271159023,https://digitalcontent.api.tesco.com/v2/media/ghs/5094867e-9b6f-4509-bd6e-724ba86fddcf/3f209c72-80b6-40a4-84d5-1ea0cb435420_645773911.jpeg?h=225&w=225
271717826,Pantene Pro-V Defined Curls Mousse 200Ml,https://www.tesco.com/groceries/en-GB/shop/health-and-beauty/all?department=Haircare%20%26%20Styling&viewAll=department,£3.15,£1.58/100ml,,,/groceries/en-GB/products/271717826,https://digitalcontent.api.tesco.com/v2/media/ghs/54337dce-19dd-402b-8da9-22f99ea06616/56963776-c431-4a2e-a766-98e0d87c0859_336248140.jpeg?h=225&w=225
309451275,Schwarzkopf Styling Keratin Hair Spray 400Ml,https://www.tesco.com/groceries/en-GB/shop/health-and-beauty/all?department=Haircare%20%26%20Styling&viewAll=department,£3.00,£0.75/100ml,,,/groceries/en-GB/products/309451275,https://digitalcontent.api.tesco.com/v2/media/ghs/e007491b-ab62-4a8c-b7fb-db32a5373b05/f9a8986b-1851-41e0-91b4-18cec6c9cfb7_2068296828.jpeg?h=225&w=225
271718013,Pantene Pro-V Perfect Volume Mousse 200Ml,https://www.tesco.com/groceries/en-GB/shop/health-and-beauty/all?department=Haircare%20%26%20Styling&viewAll=department,£3.15,£1.58/100ml,,,/groceries/en-GB/products/271718013,https://digitalcontent.api.tesco.com/v2/media/ghs/4bb90cd5-62a7-476d-b129-e6e3b9f557d9/1d20d7cd-d13b-42cf-8edf-4592edbfcf64_1370025025.jpeg?h=225&w=225
302134915,Schwarzkopf G2b Fresh It Up 200Ml Dry Shampoo,https://www.tesco.com/groceries/en-GB/shop/health-and-beauty/all?department=Haircare%20%26%20Styling&viewAll=department,£3.00,£1.50/100ml,,,/groceries/en-GB/products/302134915,https://digitalcontent.api.tesco.com/v2/media/ghs/cd08953c-5b8b-44b1-a8d9-9113e66099e9/8091466e-9907-4a7d-8059-4575f54e641d_93039192.jpeg?h=225&w=225
310166266,John Frieda Frizz Ease All In 1 Extra Strength Serum 50Ml,https://www.tesco.com/groceries/en-GB/shop/health-and-beauty/all?department=Haircare%20%26%20Styling&viewAll=department,£8.00,£16.00/100ml,Any 2 for £9 Clubcard Price - Selected John Frieda Haircare Products,,/groceries/en-GB/products/310166266,https://digitalcontent.api.tesco.com/v2/media/ghs/92868410-305b-40d2-bc73-f375381dfda0/029e7690-569e-433b-9557-39b981665351_1587338389.jpeg?h=225&w=225
262604743,Silvikrin Maximum Hold Hair Spray 250Ml,https://www.tesco.com/groceries/en-GB/shop/health-and-beauty/all?department=Haircare%20%26%20Styling&viewAll=department,£3.20,£1.28/100ml,£2.50 Clubcard Price,,/groceries/en-GB/products/262604743,https://digitalcontent.api.tesco.com/v2/media/ghs/d3ce5756-ab97-4c8e-b81b-e5e7d4338ee9/122b33d7-2c5d-47b0-979d-a4c8b6c6859a_1723035374.jpeg?h=225&w=225
259880355,L'oreal Paris Elnett Normal Strength Hair Spray 400Ml,https://www.tesco.com/groceries/en-GB/shop/health-and-beauty/all?department=Haircare%20%26%20Styling&viewAll=department,£6.95,£1.74/100ml,£5.00 Clubcard Price,,/groceries/en-GB/products/259880355,https://digitalcontent.api.tesco.com/v2/media/ghs/7d8109e2-0033-4d3d-9a8f-b371a70ccf38/b091a494-8a11-4174-9292-eb9a6bbcb1a7_317005695.jpeg?h=225&w=225
282049344,Aussie Miracle Hair Insurance 250Ml,https://www.tesco.com/groceries/en-GB/shop/health-and-beauty/all?department=Haircare%20%26%20Styling&viewAll=department,£5.00,£2.00/100ml,Any 3 for £10 Clubcard Price - Selected Aussie Haircare Products 200ml - 300ml,,/groceries/en-GB/products/282049344,https://digitalcontent.api.tesco.com/v2/media/ghs/959c519e-e075-419a-8502-c28e1ecb28e3/da278155-fcf7-4100-b83d-3c237369f70e_1714186164.jpeg?h=225&w=225
262605713,Silvikrin Maximum Hold Hair Spray 400Ml,https://www.tesco.com/groceries/en-GB/shop/health-and-beauty/all?department=Haircare%20%26%20Styling&viewAll=department,£4.20,£1.05/100ml,,,/groceries/en-GB/products/262605713,https://digitalcontent.api.tesco.com/v2/media/ghs/bff3a2bf-2340-46f5-b3f0-dff859d97adc/354b5538-c187-480a-a154-61efcf769a75_284046907.jpeg?h=225&w=225
262605892,Silvikrin Firm Hold Hair Spray 400Ml,https://www.tesco.com/groceries/en-GB/shop/health-and-beauty/all?department=Haircare%20%26%20Styling&viewAll=department,£4.20,£1.05/100ml,,,/groceries/en-GB/products/262605892,https://digitalcontent.api.tesco.com/v2/media/ghs/29fdf158-d689-409b-b393-6d8cb2977a62/bc059be9-069c-4e60-923a-c8c65cf62af2_1661297649.jpeg?h=225&w=225
262605552,Silvikrin Natural Hair Spray 400Ml,https://www.tesco.com/groceries/en-GB/shop/health-and-beauty/all?department=Haircare%20%26%20Styling&viewAll=department,£4.20,£1.05/100ml,,,/groceries/en-GB/products/262605552,https://digitalcontent.api.tesco.com/v2/media/ghs/d8d03d6c-c4c3-49b7-b2fa-30bebc7591bc/5b3a47a5-84d5-4420-9155-86817634809f_1698438375.jpeg?h=225&w=225
259880240,L'oreal Paris Elnett Supreme Hold Hair Spray 400Ml,https://www.tesco.com/groceries/en-GB/shop/health-and-beauty/all?department=Haircare%20%26%20Styling&viewAll=department,£6.95,£1.74/100ml,£5.00 Clubcard Price,,/groceries/en-GB/products/259880240,https://digitalcontent.api.tesco.com/v2/media/ghs/629b194f-3b8c-47cf-9995-95b49055b79f/709dd0e9-42ee-4758-bb87-a78a9fe2eebe_1751838675.jpeg?h=225&w=225
268401376,Vo5 Ultimate Hold Hair Spray 400Ml,https://www.tesco.com/groceries/en-GB/shop/health-and-beauty/all?department=Haircare%20%26%20Styling&viewAll=department,£4.00,£1.00/100ml,,,/groceries/en-GB/products/268401376,https://digitalcontent.api.tesco.com/v2/media/ghs/107891fd-1c5c-4339-9565-0ed7d512e235/2bfb5cca-cffa-42ac-9bf5-4515bb4a13b6_930820054.jpeg?h=225&w=225
261503023,John Frieda Frizz Ease Curl Reviver Mousse 200Ml,https://www.tesco.com/groceries/en-GB/shop/health-and-beauty/all?department=Haircare%20%26%20Styling&viewAll=department,£7.00,£3.50/100ml,Any 2 for £9 Clubcard Price - Selected John Frieda Haircare Products,,/groceries/en-GB/products/261503023,https://digitalcontent.api.tesco.com/v2/media/ghs/bf6a2da7-51a4-44c5-8184-e89a0ab15ea9/41dfaf6d-86bc-4ab9-9d9b-87333be3c8c4_1846852970.jpeg?h=225&w=225
311445211,Aussie 3 Minute Miracle Deep Hair Treatment 225Ml,https://www.tesco.com/groceries/en-GB/shop/health-and-beauty/all?department=Haircare%20%26%20Styling&viewAll=department,£5.00,£2.23/100ml,Any 3 for £10 Clubcard Price - Selected Aussie Haircare Products 200ml - 300ml,,/groceries/en-GB/products/311445211,https://digitalcontent.api.tesco.com/v2/media/ghs/8ea8280f-fde6-48e6-9e78-6cce217e8f62/330a09d1-0e93-45fe-bf9c-f13ef2fd6787_180789416.jpeg?h=225&w=225
276188389,Tresemme Protect Heat Defence Styling Spray 300Ml,https://www.tesco.com/groceries/en-GB/shop/health-and-beauty/all?department=Haircare%20%26%20Styling&viewAll=department,£4.00,£1.34/100ml,,,/groceries/en-GB/products/276188389,https://digitalcontent.api.tesco.com/v2/media/ghs/b541e3d9-aa6b-4a12-a518-26c60a94f07b/a2281bb8-f5f2-4525-a474-35f00d040d83_255722540.jpeg?h=225&w=225
260566623,Vo5 Mega Hold Gel Spray 200Ml,https://www.tesco.com/groceries/en-GB/shop/health-and-beauty/all?department=Haircare%20%26%20Styling&viewAll=department,£3.50,£1.75/100ml,,,/groceries/en-GB/products/260566623,https://digitalcontent.api.tesco.com/v2/media/ghs/8de047c2-163e-4aa8-b4bc-7311cdbb3048/3213051d-a67d-4925-92af-a48f30252900_237565035.jpeg?h=225&w=225
299538315,Tresemme Freeze Hold Hair Spray 400Ml,https://www.tesco.com/groceries/en-GB/shop/health-and-beauty/all?department=Haircare%20%26%20Styling&viewAll=department,£4.00,£1.00/100ml,,,/groceries/en-GB/products/299538315,https://digitalcontent.api.tesco.com/v2/media/ghs/b51a608b-e9f0-4c53-b59d-d65b5158994d/d654147d-6ce1-4c10-b3b4-bd937c5a4cda_1717643807.jpeg?h=225&w=225
255315433,L'oreal Paris Elnett Normal Strength Hair Spray 200Ml,https://www.tesco.com/groceries/en-GB/shop/health-and-beauty/all?department=Haircare%20%26%20Styling&viewAll=department,£4.00,£2.00/100ml,,,/groceries/en-GB/products/255315433,https://digitalcontent.api.tesco.com/v2/media/ghs/2cdd24f8-5e10-4e11-b154-79e416f87acf/211e8b11-8494-411d-b01c-1326795f42e5_1904156980.jpeg?h=225&w=225
311792922,Aussie 3 Minute Miracle Reconstruc Tor 225Ml,https://www.tesco.com/groceries/en-GB/shop/health-and-beauty/all?department=Haircare%20%26%20Styling&viewAll=department,£5.00,£2.23/100ml,Any 3 for £10 Clubcard Price - Selected Aussie Haircare Products 200ml - 300ml,,/groceries/en-GB/products/311792922,https://digitalcontent.api.tesco.com/v2/media/ghs/a199e253-d1c8-4a6c-83a0-604ef922531e/a88343c8-bce4-4997-8b3f-267be973c588_2078921004.jpeg?h=225&w=225
271159138,Batiste Dry Shampoo Tropical 200Ml,https://www.tesco.com/groceries/en-GB/shop/health-and-beauty/all?department=Haircare%20%26%20Styling&viewAll=department,£3.00,£1.50/100ml,,,/groceries/en-GB/products/271159138,https://digitalcontent.api.tesco.com/v2/media/ghs/cc50fbdd-8135-4e0e-acb7-666c1e8e3f89/0e8f956b-ff2f-4f66-9123-7ec0c142da92_819760268.jpeg?h=225&w=225
271158784,Batiste Dry Shampoo Original 200Ml,https://www.tesco.com/groceries/en-GB/shop/health-and-beauty/all?department=Haircare%20%26%20Styling&viewAll=department,£3.00,£1.50/100ml,,,/groceries/en-GB/products/271158784,https://digitalcontent.api.tesco.com/v2/media/ghs/52b66618-3115-4c51-9fa7-521bb9208f0e/3bde0ba9-1352-47d6-b54b-bd1269bd49df_183127495.jpeg?h=225&w=225
256514138,Shockwaves Volume Mousse Ultra Strong 200Ml,https://www.tesco.com/groceries/en-GB/shop/health-and-beauty/all?department=Haircare%20%26%20Styling&viewAll=department,£2.75,£1.38/100ml,,,/groceries/en-GB/products/256514138,https://digitalcontent.api.tesco.com/v2/media/ghs/31feb215-21d0-4da7-8075-0fe2135d0118/340b5c82-ef8b-4f9f-bf39-67947f3027ea_1925156916.jpeg?h=225&w=225
271159023,Batiste Dry Shampoo Blush 200Ml,https://www.tesco.com/groceries/en-GB/shop/health-and-beauty/all?department=Haircare%20%26%20Styling&viewAll=department,£3.00,£1.50/100ml,,,/groceries/en-GB/products/271159023,https://digitalcontent.api.tesco.com/v2/media/ghs/5094867e-9b6f-4509-bd6e-724ba86fddcf/3f209c72-80b6-40a4-84d5-1ea0cb435420_645773911.jpeg?h=225&w=225
271717826,Pantene Pro-V Defined Curls Mousse 200Ml,https://www.tesco.com/groceries/en-GB/shop/health-and-beauty/all?department=Haircare%20%26%20Styling&viewAll=department,£3.15,£1.58/100ml,,,/groceries/en-GB/products/271717826,https://digitalcontent.api.tesco.com/v2/media/ghs/54337dce-19dd-402b-8da9-22f99ea06616/56963776-c431-4a2e-a766-98e0d87c0859_336248140.jpeg?h=225&w=225
309451275,Schwarzkopf Styling Keratin Hair Spray 400Ml,https://www.tesco.com/groceries/en-GB/shop/health-and-beauty/all?department=Haircare%20%26%20Styling&viewAll=department,£3.00,£0.75/100ml,,,/groceries/en-GB/products/309451275,https://digitalcontent.api.tesco.com/v2/media/ghs/e007491b-ab62-4a8c-b7fb-db32a5373b05/f9a8986b-1851-41e0-91b4-18cec6c9cfb7_2068296828.jpeg?h=225&w=225
271718013,Pantene Pro-V Perfect Volume Mousse 200Ml,https://www.tesco.com/groceries/en-GB/shop/health-and-beauty/all?department=Haircare%20%26%20Styling&viewAll=department,£3.15,£1.58/100ml,,,/groceries/en-GB/products/271718013,https://digitalcontent.api.tesco.com/v2/media/ghs/4bb90cd5-62a7-476d-b129-e6e3b9f557d9/1d20d7cd-d13b-42cf-8edf-4592edbfcf64_1370025025.jpeg?h=225&w=225
302134915,Schwarzkopf G2b Fresh It Up 200Ml Dry Shampoo,https://www.tesco.com/groceries/en-GB/shop/health-and-beauty/all?department=Haircare%20%26%20Styling&viewAll=department,£3.00,£1.50/100ml,,,/groceries/en-GB/products/302134915,https://digitalcontent.api.tesco.com/v2/media/ghs/cd08953c-5b8b-44b1-a8d9-9113e66099e9/8091466e-9907-4a7d-8059-4575f54e641d_93039192.jpeg?h=225&w=225
310166266,John Frieda Frizz Ease All In 1 Extra Strength Serum 50Ml,https://www.tesco.com/groceries/en-GB/shop/health-and-beauty/all?department=Haircare%20%26%20Styling&viewAll=department,£8.00,£16.00/100ml,Any 2 for £9 Clubcard Price - Selected John Frieda Haircare Products,,/groceries/en-GB/products/310166266,https://digitalcontent.api.tesco.com/v2/media/ghs/92868410-305b-40d2-bc73-f375381dfda0/029e7690-569e-433b-9557-39b981665351_1587338389.jpeg?h=225&w=225
262604743,Silvikrin Maximum Hold Hair Spray 250Ml,https://www.tesco.com/groceries/en-GB/shop/health-and-beauty/all?department=Haircare%20%26%20Styling&viewAll=department,£3.20,£1.28/100ml,£2.50 Clubcard Price,,/groceries/en-GB/products/262604743,https://digitalcontent.api.tesco.com/v2/media/ghs/d3ce5756-ab97-4c8e-b81b-e5e7d4338ee9/122b33d7-2c5d-47b0-979d-a4c8b6c6859a_1723035374.jpeg?h=225&w=225
274848960,Garnier Olia 5.0 Brown Permanent Hair Dye,https://www.tesco.com/groceries/en-GB/shop/health-and-beauty/all?department=Hair%20Colourants%20%26%20Dyes&viewAll=department&page=,£8.00,£8.00/each,Any 2 for £12 Clubcard Price - Selected Garnier Olia Hair Colourants,,/groceries/en-GB/products/274848960,https://digitalcontent.api.tesco.com/v2/media/ghs/1d57f246-7365-493d-a37c-0bc59bce51e1/8e63ba6e-508a-41a3-9549-ebc9cd985a2e_1702059281.jpeg?h=225&w=225
274843343,Garnier Olia 4.0 Dark Brown Permanent Hair Dye,https://www.tesco.com/groceries/en-GB/shop/health-and-beauty/all?department=Hair%20Colourants%20%26%20Dyes&viewAll=department&page=,£8.00,£8.00/each,Any 2 for £12 Clubcard Price - Selected Garnier Olia Hair Colourants,,/groceries/en-GB/products/274843343,https://digitalcontent.api.tesco.com/v2/media/ghs/cdf023fb-1c44-435e-b461-1784cd1f1799/73e1f2bd-2597-462f-ab85-86eb5cc8181a_1043838796.jpeg?h=225&w=225
260993658,L'oreal Casting Creme Gloss Light Brown 600 Semi-Permanent Hair Dye,https://www.tesco.com/groceries/en-GB/shop/health-and-beauty/all?department=Hair%20Colourants%20%26%20Dyes&viewAll=department&page=,£8.00,£8.00/each,Any 2 for £12 Clubcard Price - Selected Loreal Hair Colourants,,/groceries/en-GB/products/260993658,https://digitalcontent.api.tesco.com/v2/media/ghs/971f3049-1769-4ecf-a35e-2f9201eec3e4/99d27905-5938-4f36-a060-65b3448f6ccb_827171891.jpeg?h=225&w=225
311428733,L'oreal Paris Preference Magnetic Plum,https://www.tesco.com/groceries/en-GB/shop/health-and-beauty/all?department=Hair%20Colourants%20%26%20Dyes&viewAll=department&page=,£7.00,£7.00/each,Any 2 for £10 Clubcard Price - Selected Loreal Preference Hair Colour,,/groceries/en-GB/products/311428733,https://digitalcontent.api.tesco.com/v2/media/ghs/b62064c1-a827-4c76-adf9-a89742a9d5b7/5f2852a2-0384-4bb7-8e87-714625f5184f_2030079963.jpeg?h=225&w=225
266422600,Garnier Nutrisse Darkest Brown Permanent Hair Dye,https://www.tesco.com/groceries/en-GB/shop/health-and-beauty/all?department=Hair%20Colourants%20%26%20Dyes&viewAll=department&page=,£6.50,£6.50/each,Any 2 for £9.50 Clubcard Price - Selected Garnier Nutrisse Hair Colourants,,/groceries/en-GB/products/266422600,https://digitalcontent.api.tesco.com/v2/media/ghs/2c554ef5-7a6c-4a96-a64c-a28f7d615329/932f56b9-b5f9-4506-b47e-66bcb189de9e_468007149.jpeg?h=225&w=225
253292951,Garnier Nutrisse 6 Light Brown Permanent Hair Dye,https://www.tesco.com/groceries/en-GB/shop/health-and-beauty/all?department=Hair%20Colourants%20%26%20Dyes&viewAll=department&page=,£6.50,£6.50/each,Any 2 for £9.50 Clubcard Price - Selected Garnier Nutrisse Hair Colourants,,/groceries/en-GB/products/253292951,https://digitalcontent.api.tesco.com/v2/media/ghs/99044d7d-7d2f-4470-a8f4-0703b201eeb9/6bd671d3-5501-4723-a741-d43206d5178f_286997893.jpeg?h=225&w=225
261496139,Clairol Nice ‘N Easy Medium Blonde 8 Hair Dye,https://www.tesco.com/groceries/en-GB/shop/health-and-beauty/all?department=Hair%20Colourants%20%26%20Dyes&viewAll=department&page=,£6.90,£6.90/each,Any 2 for £10.50 Clubcard Price - Selected Clairol Nice N Easy Hair Colourants,,/groceries/en-GB/products/261496139,https://digitalcontent.api.tesco.com/v2/media/ghs/f82f334c-7aa8-45c8-a492-a381ebf4dba7/d158093c-7e07-4e43-9422-ed8b53718485_1560915445.jpeg?h=225&w=225
284239669,Garnier Nutrisse 10.01 Baby Blonde Permanent Hair Dye,https://www.tesco.com/groceries/en-GB/shop/health-and-beauty/all?department=Hair%20Colourants%20%26%20Dyes&viewAll=department&page=,£6.50,£6.50/each,Any 2 for £9.50 Clubcard Price - Selected Garnier Nutrisse Hair Colourants,,/groceries/en-GB/products/284239669,https://digitalcontent.api.tesco.com/v2/media/ghs/42e39e57-2bc7-4bbe-b734-22831409c053/71206edc-3672-45d4-b2b6-7fa1aebca50b_202476624.jpeg?h=225&w=225
253877922,Clairol Nice ‘N Easy Light Ash Blonde 9A Hair Dye,https://www.tesco.com/groceries/en-GB/shop/health-and-beauty/all?department=Hair%20Colourants%20%26%20Dyes&viewAll=department&page=,£6.90,£6.90/each,Any 2 for £10.50 Clubcard Price - Selected Clairol Nice N Easy Hair Colourants,,/groceries/en-GB/products/253877922,https://digitalcontent.api.tesco.com/v2/media/ghs/9243caa4-635b-451a-aa42-5c95e14c304e/68d060fd-ef9f-4e84-9aee-d29b71e46216_428884452.jpeg?h=225&w=225
253853766,Clairol Nice ‘N Easy Medium Brown 5 Hair Dye,https://www.tesco.com/groceries/en-GB/shop/health-and-beauty/all?department=Hair%20Colourants%20%26%20Dyes&viewAll=department&page=,£6.90,£6.90/each,Any 2 for £10.50 Clubcard Price - Selected Clairol Nice N Easy Hair Colourants,,/groceries/en-GB/products/253853766,https://digitalcontent.api.tesco.com/v2/media/ghs/c706a275-bb2e-45a2-a429-3231e3b663f4/08f9d95e-aa46-49c6-82db-3c43de43f798_1309490207.jpeg?h=225&w=225
253755986,Clairol Nice ‘N Easy Dark Brown 4 Hair Dye,https://www.tesco.com/groceries/en-GB/shop/health-and-beauty/all?department=Hair%20Colourants%20%26%20Dyes&viewAll=department&page=,£6.90,£6.90/each,Any 2 for £10.50 Clubcard Price - Selected Clairol Nice N Easy Hair Colourants,,/groceries/en-GB/products/253755986,https://digitalcontent.api.tesco.com/v2/media/ghs/c4c9a165-788c-4f68-882e-c0047a414693/521b63f9-8ee7-4480-af5c-3cd586910565_659060347.jpeg?h=225&w=225
263838466,John Frieda Luxurious Volume Thick Shampoo 250Ml,https://www.tesco.com/groceries/en-GB/shop/health-and-beauty/all?department=Hair%20Colourants%20%26%20Dyes&viewAll=department&page=,£6.00,£2.40/100ml,Any 2 for £9 Clubcard Price - Selected John Frieda Haircare Products,,/groceries/en-GB/products/263838466,https://digitalcontent.api.tesco.com/v2/media/ghs/bdec9a17-530a-4201-8411-352dc2350ca1/feb4a6d0-178c-4c9c-b09a-cafe9a1f590d_1501749410.jpeg?h=225&w=225
268394433,Garnier Nutrisse 5.25 Ultra Chestnut Brown Permanent Hair Dye,https://www.tesco.com/groceries/en-GB/shop/health-and-beauty/all?department=Hair%20Colourants%20%26%20Dyes&viewAll=department&page=,£6.50,£6.50/each,Any 2 for £9.50 Clubcard Price - Selected Garnier Nutrisse Hair Colourants,,/groceries/en-GB/products/268394433,https://digitalcontent.api.tesco.com/v2/media/ghs/c2da4134-6f0a-4ea4-8fe3-5c57d22e5bdc/0f43f234-bde7-4533-bf8f-dae3c7a1fb3c_1995130671.jpeg?h=225&w=225
309456696,Schwarzkopf Oleo Intense Bgndy Red 4-23 Permanent Hair Dye,https://www.tesco.com/groceries/en-GB/shop/health-and-beauty/all?department=Hair%20Colourants%20%26%20Dyes&viewAll=department&page=,£6.00,£6.00/each,,New,/groceries/en-GB/products/309456696,https://digitalcontent.api.tesco.com/v2/media/ghs/3db09d48-c455-4c6e-8dd4-bd8e3a19b204/5a02248b-1091-408c-840c-8f352e7c6112_1176946462.jpeg?h=225&w=225
253934826,Clairol Nice ‘N Easy Light Brown 6 Hair Dye,https://www.tesco.com/groceries/en-GB/shop/health-and-beauty/all?department=Hair%20Colourants%20%26%20Dyes&viewAll=department&page=,£6.90,£6.90/each,Any 2 for £10.50 Clubcard Price - Selected Clairol Nice N Easy Hair Colourants,,/groceries/en-GB/products/253934826,https://digitalcontent.api.tesco.com/v2/media/ghs/e4c934ba-68ee-4c88-b3fa-eb0b0bb54633/66ae0a08-8db2-4995-aad5-64ff499d3291_1682572423.jpeg?h=225&w=225
253869120,Clairol Nice ‘N Easy Light Beige Blonde 9B Hair Dye,https://www.tesco.com/groceries/en-GB/shop/health-and-beauty/all?department=Hair%20Colourants%20%26%20Dyes&viewAll=department&page=,£6.90,£6.90/each,Any 2 for £10.50 Clubcard Price - Selected Clairol Nice N Easy Hair Colourants,,/groceries/en-GB/products/253869120,https://digitalcontent.api.tesco.com/v2/media/ghs/6051fff6-cfe5-4d61-b5b3-b6159058c6ba/f7ca929b-7db2-4db4-97a0-7601566a4754_242582907.jpeg?h=225&w=225
259076311,John Frieda Frizz Ease Straight Ahead Shampoo 250Ml,https://www.tesco.com/groceries/en-GB/shop/health-and-beauty/all?department=Hair%20Colourants%20%26%20Dyes&viewAll=department&page=,£7.00,£2.80/100ml,Any 2 for £9 Clubcard Price - Selected John Frieda Haircare Products,,/groceries/en-GB/products/259076311,https://digitalcontent.api.tesco.com/v2/media/ghs/91113f0d-f3b5-42f1-ae68-2e70e7ebf1cb/b07fede5-d577-4950-8b5a-c86da846098f_2114458901.jpeg?h=225&w=225
250037574,L'oreal Paris Excellence 7 Dark Blonde,https://www.tesco.com/groceries/en-GB/shop/health-and-beauty/all?department=Hair%20Colourants%20%26%20Dyes&viewAll=department&page=,£8.00,£8.00/each,Any 2 for £11 Clubcard Price - Selected Loreal Excellence Hair Colourants,,/groceries/en-GB/products/250037574,https://digitalcontent.api.tesco.com/v2/media/ghs/8c71de6a-7a99-4df6-8214-04c59d152468/0394c491-ac7b-4d55-a6dd-475e6b06252b_852096844.jpeg?h=225&w=225
250037401,L'oreal Paris Excellence 4 Dark Brown,https://www.tesco.com/groceries/en-GB/shop/health-and-beauty/all?department=Hair%20Colourants%20%26%20Dyes&viewAll=department&page=,£8.00,£8.00/each,Any 2 for £11 Clubcard Price - Selected Loreal Excellence Hair Colourants,,/groceries/en-GB/products/250037401,https://digitalcontent.api.tesco.com/v2/media/ghs/4fb0b516-15a1-4a61-a8cf-697c84ecc79c/79072784-fd4e-49c0-be2b-ac606efc4596_1177277755.jpeg?h=225&w=225
253509449,Garnier Nutrisse 4 Dark Brown Permanent Hair Dye,https://www.tesco.com/groceries/en-GB/shop/health-and-beauty/all?department=Hair%20Colourants%20%26%20Dyes&viewAll=department&page=,£6.50,£6.50/each,Any 2 for £9.50 Clubcard Price - Selected Garnier Nutrisse Hair Colourants,,/groceries/en-GB/products/253509449,https://digitalcontent.api.tesco.com/v2/media/ghs/15d25a0e-959a-45c1-aa2e-0f91eb71b617/fc57d2e8-4d74-4cca-8404-0035f9a14b78_1052676320.jpeg?h=225&w=225
250037453,L'oreal Paris Excellence Color 5 Natural Brown,https://www.tesco.com/groceries/en-GB/shop/health-and-beauty/all?department=Hair%20Colourants%20%26%20Dyes&viewAll=department&page=,£8.00,£8.00/each,Any 2 for £11 Clubcard Price - Selected Loreal Excellence Hair Colourants,,/groceries/en-GB/products/250037453,https://digitalcontent.api.tesco.com/v2/media/ghs/3bc08a38-274e-4019-a7a4-55e30fea9f65/a82d5ce9-578e-4b5b-9bd2-096e8d56bf2b_420712472.jpeg?h=225&w=225
250037522,L'oreal Paris Excellence 6 Light Brown,https://www.tesco.com/groceries/en-GB/shop/health-and-beauty/all?department=Hair%20Colourants%20%26%20Dyes&viewAll=department&page=,£8.00,£8.00/each,Any 2 for £11 Clubcard Price - Selected Loreal Excellence Hair Colourants,,/groceries/en-GB/products/250037522,https://digitalcontent.api.tesco.com/v2/media/ghs/96757bdc-1982-4a2d-b7d5-49a72e2eaa1e/0ed64a83-00ee-4658-a18f-40cff68a81cb_1721723177.jpeg?h=225&w=225
282319618,Provoke Touch Of Silver Care Shampoo 400Ml,https://www.tesco.com/groceries/en-GB/shop/health-and-beauty/all?department=Hair%20Colourants%20%26%20Dyes&viewAll=department&page=,£4.00,£1.00/100ml,,,/groceries/en-GB/products/282319618,https://digitalcontent.api.tesco.com/v2/media/ghs/c959d752-3ef2-40bd-8a96-a713c9cf68dc/fb78c9db-051f-4ad4-83e3-43ebd58cd32d_201753894.jpeg?h=225&w=225
258959829,Nice'n Easy Root Touch Up Permanent Medium Brown 5 Hair Dye,https://www.tesco.com/groceries/en-GB/shop/health-and-beauty/all?department=Hair%20Colourants%20%26%20Dyes&viewAll=department&page=,£6.50,£6.50/each,£5.00 Clubcard Price,,/groceries/en-GB/products/258959829,https://digitalcontent.api.tesco.com/v2/media/ghs/cdf7fb1b-99ad-420a-9c80-dc608d151b96/42cfcd35-5af0-4d08-b1e2-ee1e9a2dd3f8_1391963320.jpeg?h=225&w=225
258959518,Nice'n Easy Root Touch Up Permanent Dark Brown 4 Hair Dye,https://www.tesco.com/groceries/en-GB/shop/health-and-beauty/all?department=Hair%20Colourants%20%26%20Dyes&viewAll=department&page=,£6.50,£6.50/each,£5.00 Clubcard Price,,/groceries/en-GB/products/258959518,https://digitalcontent.api.tesco.com/v2/media/ghs/e7e91985-4ef0-491a-a6d5-dab005a292bc/e9a60573-208c-46d1-b800-c3e23e41aaee_864187182.jpeg?h=225&w=225
293437029,Superbright Moisturising Shampoo Moisting Shampoo 250Ml,https://www.tesco.com/groceries/en-GB/shop/health-and-beauty/all?department=Hair%20Colourants%20%26%20Dyes&viewAll=department&page=,£6.00,£2.40/100ml,£4.00 Clubcard Price,,/groceries/en-GB/products/293437029,https://digitalcontent.api.tesco.com/v2/media/ghs/50724e29-e3e4-4c31-8be7-6a3419419c53/642afb44-c4a0-43df-9b3f-eabcc920a85d_815495513.jpeg?h=225&w=225
282319503,Pro:Voke Touch Of Silver Conditioner 400Ml,https://www.tesco.com/groceries/en-GB/shop/health-and-beauty/all?department=Hair%20Colourants%20%26%20Dyes&viewAll=department&page=,£4.00,£1.00/100ml,,,/groceries/en-GB/products/282319503,https://digitalcontent.api.tesco.com/v2/media/ghs/7106a761-2f44-411c-b5dc-6bdbea1d9c60/ff740097-78c1-43c1-af49-c35df2e8044d_722809968.jpeg?h=225&w=225
252847637,Garnier Nutrisse 5.3 Golden Brown Permanent Hair Dye,https://www.tesco.com/groceries/en-GB/shop/health-and-beauty/all?department=Hair%20Colourants%20%26%20Dyes&viewAll=department&page=,£6.50,£6.50/each,Any 2 for £9.50 Clubcard Price - Selected Garnier Nutrisse Hair Colourants,,/groceries/en-GB/products/252847637,https://digitalcontent.api.tesco.com/v2/media/ghs/afc0aad7-acf2-4b0e-9cd4-3398c54dc706/adbbb949-388d-484a-962c-3cddccd129a8_1995075104.jpeg?h=225&w=225
253509858,Garnier Nutrisse 5 Brown Permanent Hair Dye,https://www.tesco.com/groceries/en-GB/shop/health-and-beauty/all?department=Hair%20Colourants%20%26%20Dyes&viewAll=department&page=,£6.50,£6.50/each,Any 2 for £9.50 Clubcard Price - Selected Garnier Nutrisse Hair Colourants,,/groceries/en-GB/products/253509858,https://digitalcontent.api.tesco.com/v2/media/ghs/66d7c501-db8c-4e91-87ef-33d72d0e60e8/a92e0cf3-092e-4b30-82b6-363d3a1e2116_855366061.jpeg?h=225&w=225
293534640,Bb Moisturising Conditioner Coloured Protection Moisturiser Conditioner 250Ml,https://www.tesco.com/groceries/en-GB/shop/health-and-beauty/all?department=Hair%20Colourants%20%26%20Dyes&viewAll=department&page=,£6.00,£2.40/100ml,£4.00 Clubcard Price,,/groceries/en-GB/products/293534640,https://digitalcontent.api.tesco.com/v2/media/ghs/31efbc8a-43f3-404a-9013-7973a31e7b47/b54fba3e-2af1-473e-b481-3c0d9f2767f6_1704842121.jpeg?h=225&w=225
293534496,Bb Moisturising Shampoo Coloured Protection Shampoo 250Ml,https://www.tesco.com/groceries/en-GB/shop/health-and-beauty/all?department=Hair%20Colourants%20%26%20Dyes&viewAll=department&page=,£6.00,£2.40/100ml,£4.00 Clubcard Price,,/groceries/en-GB/products/293534496,https://digitalcontent.api.tesco.com/v2/media/ghs/37bbb11d-35cd-4f89-9547-c46d81dd3cab/d69d2c06-096d-4267-aee9-8fc8d1e2ddc9_1048270765.jpeg?h=225&w=225
250700077,Aussie Colour Mate Shampoo 300Ml,https://www.tesco.com/groceries/en-GB/shop/health-and-beauty/all?department=Hair%20Colourants%20%26%20Dyes&viewAll=department&page=,£4.50,£1.50/100ml,Any 3 for £10 Clubcard Price - Selected Aussie Haircare Products 200ml - 300ml,,/groceries/en-GB/products/250700077,https://digitalcontent.api.tesco.com/v2/media/ghs/f57579b4-1dfb-4c64-acb1-15462fb896e0/6f5d6db2-6e38-4676-acae-5028956fe8de_394454075.jpeg?h=225&w=225
287318957,Organix Biotin Collagen Conditioner 385Ml,https://www.tesco.com/groceries/en-GB/shop/health-and-beauty/all?department=Hair%20Colourants%20%26%20Dyes&viewAll=department&page=,£7.00,£1.82/100ml,£3.45 Clubcard Price,,/groceries/en-GB/products/287318957,https://digitalcontent.api.tesco.com/v2/media/ghs/59e8f75b-ad8a-4421-bda2-be0b7e1a3c45/2500d24b-c180-42c5-93f7-f1ab25981d19_896396333.jpeg?h=225&w=225
293518101,John Frieda Shampoo Go Blonder Shampoo 250Ml,https://www.tesco.com/groceries/en-GB/shop/health-and-beauty/all?department=Hair%20Colourants%20%26%20Dyes&viewAll=department&page=,£6.00,£2.40/100ml,£4.00 Clubcard Price,,/groceries/en-GB/products/293518101,https://digitalcontent.api.tesco.com/v2/media/ghs/79d6fb6f-d570-4f73-88c2-3fe6979c4eff/5b19c773-ebfb-4947-a2f4-83c684e328a2_1843197358.jpeg?h=225&w=225
293518245,John Frieda Conditioner Go Blonde Light Conditioner 250Ml,https://www.tesco.com/groceries/en-GB/shop/health-and-beauty/all?department=Hair%20Colourants%20%26%20Dyes&viewAll=department&page=,£6.00,£2.40/100ml,£4.00 Clubcard Price,,/groceries/en-GB/products/293518245,https://digitalcontent.api.tesco.com/v2/media/ghs/c9369f17-c084-4387-bf97-aebeaca213dd/15e1d005-822a-4f8c-9ec7-0a13fbcaa5d4_2026843699.jpeg?h=225&w=225
302112439,Head & Shoulders Supreme Colour Shampoo 400Ml,https://www.tesco.com/groceries/en-GB/shop/health-and-beauty/all?department=Hair%20Colourants%20%26%20Dyes&viewAll=department&page=,£5.00,£1.25/100ml,Any 3 for £10 Clubcard Price - Selected Head & Shoulders Haircare Products 275ml - 400ml,,/groceries/en-GB/products/302112439,https://digitalcontent.api.tesco.com/v2/media/ghs/0161311c-6966-4694-b224-e9d5b88392d3/a3cbc100-97ff-4ef5-b8d7-6cbea9590086_57768986.jpeg?h=225&w=225
299269063,L'oreal Elvive Coloured Protection Hair Conditioner 300Ml,https://www.tesco.com/groceries/en-GB/shop/health-and-beauty/all?department=Hair%20Colourants%20%26%20Dyes&viewAll=department&page=,£4.50,£1.50/100ml,,,/groceries/en-GB/products/299269063,https://digitalcontent.api.tesco.com/v2/media/ghs/e15437ea-29f4-4d79-8d09-1ed329e8e101/4d5d327f-b790-40b7-9a96-bd850097811f_1505744673.jpeg?h=225&w=225
262504199,Tresemme Colour Revitalise Conditioner 900Ml,https://www.tesco.com/groceries/en-GB/shop/health-and-beauty/all?department=Hair%20Colourants%20%26%20Dyes&viewAll=department&page=,£2.99,£0.33/100ml,,,/groceries/en-GB/products/262504199,https://digitalcontent.api.tesco.com/v2/media/ghs/dd775ee9-90c7-4d94-a3b2-95aad5651808/31a83532-bbf5-45ee-871a-e1e2dc47b76e_628884949.jpeg?h=225&w=225
262504049,Tresemme Colour Revitalise Shampoo 900Ml,https://www.tesco.com/groceries/en-GB/shop/health-and-beauty/all?department=Hair%20Colourants%20%26%20Dyes&viewAll=department&page=,£2.99,£0.33/100ml,,,/groceries/en-GB/products/262504049,https://digitalcontent.api.tesco.com/v2/media/ghs/0b5b2b3d-8d46-4785-aed6-0221a7fb6725/25746c6f-b16b-4167-9d47-c78d3718d6d2_1085299862.jpeg?h=225&w=225
302226542,L'oreal Elvive Colour Protect Purple Conditioner 150Ml,https://www.tesco.com/groceries/en-GB/shop/health-and-beauty/all?department=Hair%20Colourants%20%26%20Dyes&viewAll=department&page=,£6.00,£4.00/100ml,£3.00 Clubcard Price,,/groceries/en-GB/products/302226542,https://digitalcontent.api.tesco.com/v2/media/ghs/f31e66c2-7550-49f7-9f69-dd2730f04d86/39422dec-a9b1-495e-b839-66babb5ba17d_1091992126.jpeg?h=225&w=225
302226529,L'oreal Elvive Colour Protect Purple Shampoo 200Ml,https://www.tesco.com/groceries/en-GB/shop/health-and-beauty/all?department=Hair%20Colourants%20%26%20Dyes&viewAll=department&page=,£6.00,£3.00/100ml,£3.00 Clubcard Price,,/groceries/en-GB/products/302226529,https://digitalcontent.api.tesco.com/v2/media/ghs/18d621b4-30cd-490b-8247-7207cdc55b6c/1ec0e521-a77a-415c-9d3c-d23ccba28d78_1386002783.jpeg?h=225&w=225
302112059,Head & Shoulders Supreme Colour Conditioner 275Ml,https://www.tesco.com/groceries/en-GB/shop/health-and-beauty/all?department=Hair%20Colourants%20%26%20Dyes&viewAll=department&page=,£5.00,£1.82/100ml,Any 3 for £10 Clubcard Price - Selected Head & Shoulders Haircare Products 275ml - 400ml,,/groceries/en-GB/products/302112059,https://digitalcontent.api.tesco.com/v2/media/ghs/23f6ac3b-4bc3-46e7-8113-c8a4817171cb/eafab5cd-4efc-4fc6-9633-962fa28048f5_1437607976.jpeg?h=225&w=225
254338768,Bigen Permanent Hair Colour Dark Brown,https://www.tesco.com/groceries/en-GB/shop/health-and-beauty/all?department=Hair%20Colourants%20%26%20Dyes&viewAll=department&page=,£3.00,£50.00/100g,,,/groceries/en-GB/products/254338768,https://digitalcontent.api.tesco.com/v2/media/ghs-mktg/b0b04216-fa73-466d-a9d7-c9fcfa1ce9b3/no-image.jpeg
258029139,L'oreal Elvive Colour Protect Shampoo 250Ml,https://www.tesco.com/groceries/en-GB/shop/health-and-beauty/all?department=Hair%20Colourants%20%26%20Dyes&viewAll=department&page=,£1.99,£0.80/100ml,,,/groceries/en-GB/products/258029139,https://digitalcontent.api.tesco.com/v2/media/ghs/bbd782fd-56f6-4b5e-ac1d-eea3c1ba53bd/396a50e4-5236-4c5f-914f-d8d6af97542e_824411931.jpeg?h=225&w=225
264309462,Herbal Essences Conditioner Ignite My Colour 400Ml,https://www.tesco.com/groceries/en-GB/shop/health-and-beauty/all?department=Hair%20Colourants%20%26%20Dyes&viewAll=department&page=,£1.95,£0.49/100ml,,,/groceries/en-GB/products/264309462,https://digitalcontent.api.tesco.com/v2/media/ghs/a8114d90-2ee7-43a8-a5da-e89c43bbe308/a0ebbffb-3b2b-422c-984c-0bda5775f6a2_437725396.jpeg?h=225&w=225
264309721,Herbal Essences Ignite My Colour Shampoo 400Ml,https://www.tesco.com/groceries/en-GB/shop/health-and-beauty/all?department=Hair%20Colourants%20%26%20Dyes&viewAll=department&page=,£1.95,£0.49/100ml,,,/groceries/en-GB/products/264309721,https://digitalcontent.api.tesco.com/v2/media/ghs/5200d4b2-33c1-4a6e-a657-45d097268abb/8718f568-26ff-44eb-bf40-b71d51849e72_323424783.jpeg?h=225&w=225
311280177,L'oreal Paris Preference Smokey Grey,https://www.tesco.com/groceries/en-GB/shop/health-and-beauty/all?department=Hair%20Colourants%20%26%20Dyes&viewAll=department&page=,£7.00,£7.00/each,Any 2 for £10 Clubcard Price - Selected Loreal Preference Hair Colour,,/groceries/en-GB/products/311280177,https://digitalcontent.api.tesco.com/v2/media/ghs/95e6dffe-cfaa-41fa-8725-754479ced88d/91f297a9-2014-4f52-a185-3eb5250a5085_222951557.jpeg?h=225&w=225
311221228,Lor/P Preference Rose Gold 9.213 Permanent Gel Colour,https://www.tesco.com/groceries/en-GB/shop/health-and-beauty/all?department=Hair%20Colourants%20%26%20Dyes&viewAll=department&page=,£7.00,£7.00/each,Any 2 for £10 Clubcard Price - Selected Loreal Preference Hair Colour,,/groceries/en-GB/products/311221228,https://digitalcontent.api.tesco.com/v2/media/ghs/db1b41c5-7b3a-44a8-a094-a914bcec1157/17fee118-936d-4472-a233-912e512d08f1_1244337896.jpeg?h=225&w=225
258198491,L'oreal Paris Preference 8 California Mid Blonde,https://www.tesco.com/groceries/en-GB/shop/health-and-beauty/all?department=Hair%20Colourants%20%26%20Dyes&viewAll=department&page=,£10.00,£10.00/each,Any 2 for £14 Clubcard Price - Selected Loreal Preference Hair Colourants,,/groceries/en-GB/products/258198491,https://digitalcontent.api.tesco.com/v2/media/ghs/f508a8b2-e003-431d-8b62-a7f6783c433b/fc4db9a7-a261-4536-a80e-463e680725f8_2090241083.jpeg?h=225&w=225
255317016,L’Oreal Preference 5.3 Virginia Chestnut Brown,https://www.tesco.com/groceries/en-GB/shop/health-and-beauty/all?department=Hair%20Colourants%20%26%20Dyes&viewAll=department&page=,£10.00,£10.00/each,Any 2 for £14 Clubcard Price - Selected Loreal Preference Hair Colourants,,/groceries/en-GB/products/255317016,https://digitalcontent.api.tesco.com/v2/media/ghs/648b3ccc-3d2d-4db7-9111-50a9c9ffc4ba/1ca8c73c-a294-410d-8449-344b15da7faa_530826864.jpeg?h=225&w=225
311213440,L'oreal Paris Excel Universal Nudes Dark Blonde,https://www.tesco.com/groceries/en-GB/shop/health-and-beauty/all?department=Hair%20Colourants%20%26%20Dyes&viewAll=department&page=,£9.00,£9.00/each,Any 2 for £13 Clubcard Price - Selected Loreal Excellence Hair Colourants,,/groceries/en-GB/products/311213440,https://digitalcontent.api.tesco.com/v2/media/ghs/a5847fad-4efc-4bc0-b4fa-eb1f3922c68d/de49c1c5-67c6-460f-96c3-3e059f7b9438_278073554.jpeg?h=225&w=225
260994146,L'oreal Casting Creme Gloss Medium Brown 500 Semi-Permanent Hair Dye,https://www.tesco.com/groceries/en-GB/shop/health-and-beauty/all?department=Hair%20Colourants%20%26%20Dyes&viewAll=department&page=,£8.00,£8.00/each,Any 2 for £12 Clubcard Price - Selected Loreal Hair Colourants,,/groceries/en-GB/products/260994146,https://digitalcontent.api.tesco.com/v2/media/ghs/3f986cf6-111d-4700-9600-9db805035c48/e332ffb4-167b-4f62-b032-b0328772c7b5_183356925.jpeg?h=225&w=225
274843441,Garnier Olia 415 Iced Chocolate Brown Permanent Hair Dye,https://www.tesco.com/groceries/en-GB/shop/health-and-beauty/all?department=Hair%20Colourants%20%26%20Dyes&viewAll=department&page=,£8.00,£8.00/each,Any 2 for £12 Clubcard Price - Selected Garnier Olia Hair Colourants,,/groceries/en-GB/products/274843441,https://digitalcontent.api.tesco.com/v2/media/ghs/55da8904-87b7-4d13-be4d-9835e4832fb5/af1d8f61-4e17-4ccf-984a-b72dfddb2729_1684901472.jpeg?h=225&w=225
261067089,L'oreal Casting Creme Gloss Darkest Brown 300 Semi-Permanent Hair Dye,https://www.tesco.com/groceries/en-GB/shop/health-and-beauty/all?department=Hair%20Colourants%20%26%20Dyes&viewAll=department&page=,£8.00,£8.00/each,Any 2 for £12 Clubcard Price - Selected Loreal Hair Colourants,,/groceries/en-GB/products/261067089,https://digitalcontent.api.tesco.com/v2/media/ghs/35ede97c-9041-4848-afdb-350d1533a1ab/784fc5c9-93aa-4bd2-b39d-4620e76bbeed_745846048.jpeg?h=225&w=225
274843591,Garnier Olia 7.0 Dark Blonde Permanent Hair Dye,https://www.tesco.com/groceries/en-GB/shop/health-and-beauty/all?department=Hair%20Colourants%20%26%20Dyes&viewAll=department&page=,£8.00,£8.00/each,Any 2 for £12 Clubcard Price - Selected Garnier Olia Hair Colourants,,/groceries/en-GB/products/274843591,https://digitalcontent.api.tesco.com/v2/media/ghs/e9eb53a1-5d0f-4e41-9f4f-b02987f090d6/5db58bb5-05fe-42ec-ad57-1c41aa1c1105_1678880236.jpeg?h=225&w=225
311215904,L'oreal Paris Excel Cool Ultra Ash Blonde,https://www.tesco.com/groceries/en-GB/shop/health-and-beauty/all?department=Hair%20Colourants%20%26%20Dyes&viewAll=department&page=,£8.00,£8.00/each,Any 2 for £11 Clubcard Price - Selected Loreal Excellence Hair Colourants,,/groceries/en-GB/products/311215904,https://digitalcontent.api.tesco.com/v2/media/ghs/faa7c6fd-e565-42eb-b034-dc9d50f93634/snapshotimagehandler_252296622.jpeg?h=225&w=225
291570432,L'oreal Magic Retouch Root Touch Up Dark Brown 75Ml,https://www.tesco.com/groceries/en-GB/shop/health-and-beauty/all?department=Hair%20Colourants%20%26%20Dyes&viewAll=department&page=,£9.00,£120.00/litre,£6.00 Clubcard Price,,/groceries/en-GB/products/291570432,https://digitalcontent.api.tesco.com/v2/media/ghs/6358299f-25bf-46d8-87bb-cc6571dc70bd/067b1a29-c852-42c2-9f1b-67c3974eb706_623992094.jpeg?h=225&w=225
291570478,L'oreal Magic Root Touch Up Brown 75Ml,https://www.tesco.com/groceries/en-GB/shop/health-and-beauty/all?department=Hair%20Colourants%20%26%20Dyes&viewAll=department&page=,£9.00,£120.00/litre,£6.00 Clubcard Price,,/groceries/en-GB/products/291570478,https://digitalcontent.api.tesco.com/v2/media/ghs/fc0faa23-9b41-4c43-b420-42f44c5abcd4/848d83ad-5cb3-4b7f-a07e-bea68d538dbd_3641362.jpeg?h=225&w=225
256535194,Just For Men Hair Colourant Dark Brown/Black,https://www.tesco.com/groceries/en-GB/shop/health-and-beauty/all?department=Hair%20Colourants%20%26%20Dyes&viewAll=department&page=,£6.75,£6.75/each,£5.40 Clubcard Price,,/groceries/en-GB/products/256535194,https://digitalcontent.api.tesco.com/v2/media/ghs/333e1866-ae5f-48af-8ff0-6fd85b8a769c/73c72166-db2d-4955-bf65-8ffa5029c6a2_1694186191.jpeg?h=225&w=225
256535165,Just For Men Hair Colourant Medium Brown,https://www.tesco.com/groceries/en-GB/shop/health-and-beauty/all?department=Hair%20Colourants%20%26%20Dyes&viewAll=department&page=,£6.75,£6.75/each,£5.40 Clubcard Price,,/groceries/en-GB/products/256535165,https://digitalcontent.api.tesco.com/v2/media/ghs/fa76b877-353a-4d82-9fc1-ed851ee245a8/968d51d8-1fbc-473b-9e08-c32524f3e7e4_2034535890.jpeg?h=225&w=225
253901952,Clairol Nice ‘N Easy Baby Blonde 10A Hair Dye,https://www.tesco.com/groceries/en-GB/shop/health-and-beauty/all?department=Hair%20Colourants%20%26%20Dyes&viewAll=department&page=,£6.90,£6.90/each,Any 2 for £10.50 Clubcard Price - Selected Clairol Nice N Easy Hair Colourants,,/groceries/en-GB/products/253901952,https://digitalcontent.api.tesco.com/v2/media/ghs/28acab4f-ec17-4fee-a3e2-90769caa2e26/be6d6a8e-4981-4b7a-8e30-5440663e3247_164181160.jpeg?h=225&w=225
254023434,Clairol Nice ‘N Easy Light Ash Brown 6A Hair Dye,https://www.tesco.com/groceries/en-GB/shop/health-and-beauty/all?department=Hair%20Colourants%20%26%20Dyes&viewAll=department&page=,£6.90,£6.90/each,Any 2 for £10.50 Clubcard Price - Selected Clairol Nice N Easy Hair Colourants,,/groceries/en-GB/products/254023434,https://digitalcontent.api.tesco.com/v2/media/ghs/f9b0813e-0aa1-4ff0-87f6-0080d441b79e/3eee0654-b257-4d96-b810-8559ab4fa031_1397324594.jpeg?h=225&w=225
274067524,Garnier Nutrisse 2.6 Ultra Dark Cherry Red Permanent Hair Dye,https://www.tesco.com/groceries/en-GB/shop/health-and-beauty/all?department=Hair%20Colourants%20%26%20Dyes&viewAll=department&page=,£6.50,£6.50/each,Any 2 for £9.50 Clubcard Price - Selected Garnier Nutrisse Hair Colourants,,/groceries/en-GB/products/274067524,https://digitalcontent.api.tesco.com/v2/media/ghs/8b51df1c-e151-40fa-b766-6b7db0521f37/2ce74691-1b4a-4bb7-8744-6132cd33feba_1043445194.jpeg?h=225&w=225
253778778,Clairol Nice ‘N Easy Ultra Light Natural Blonde Beach Sb1 Hair Dye,https://www.tesco.com/groceries/en-GB/shop/health-and-beauty/all?department=Hair%20Colourants%20%26%20Dyes&viewAll=department&page=,£6.90,£6.90/each,Any 2 for £10.50 Clubcard Price - Selected Clairol Nice N Easy Hair Colourants,,/groceries/en-GB/products/253778778,https://digitalcontent.api.tesco.com/v2/media/ghs/e6913615-5994-477c-9b36-5f1cc702d4a1/a058fcb0-317a-4ead-8f4e-fc22a3c1ac1c_1128971195.jpeg?h=225&w=225
303647007,John Frieda Frizz Ease Weightless Shampoo 250Ml,https://www.tesco.com/groceries/en-GB/shop/health-and-beauty/all?department=Hair%20Colourants%20%26%20Dyes&viewAll=department&page=,£7.00,£2.80/100ml,Any 2 for £9 Clubcard Price - Selected John Frieda Haircare Products,,/groceries/en-GB/products/303647007,https://digitalcontent.api.tesco.com/v2/media/ghs/76eee692-fe4a-4d1d-a271-4747efd6b80e/5bab7377-ac61-4631-994d-c46daf01495f_1265434657.jpeg?h=225&w=225
252847194,Garnier Nutrisse 9 Light Blonde Permanent Hair Dye,https://www.tesco.com/groceries/en-GB/shop/health-and-beauty/all?department=Hair%20Colourants%20%26%20Dyes&viewAll=department&page=,£6.50,£6.50/each,Any 2 for £9.50 Clubcard Price - Selected Garnier Nutrisse Hair Colourants,,/groceries/en-GB/products/252847194,https://digitalcontent.api.tesco.com/v2/media/ghs/164d92b4-a42c-4070-9859-e544505b9255/54de9db2-90b2-400e-98ca-f0cdf9d762ce_1812738841.jpeg?h=225&w=225
266423023,Garnier Nutrisse 4.12 Medium Dark Brown Permanent Hair Dye,https://www.tesco.com/groceries/en-GB/shop/health-and-beauty/all?department=Hair%20Colourants%20%26%20Dyes&viewAll=department&page=,£6.50,£6.50/each,Any 2 for £9.50 Clubcard Price - Selected Garnier Nutrisse Hair Colourants,,/groceries/en-GB/products/266423023,https://digitalcontent.api.tesco.com/v2/media/ghs/542abba9-e3a3-4c16-bd82-0b88d5c54edb/fbc2b108-6896-4472-9dcb-244331cf53fc_1739222819.jpeg?h=225&w=225
261496122,Clairol Nice ‘N Easy Dark Blonde 7 Hair Dye,https://www.tesco.com/groceries/en-GB/shop/health-and-beauty/all?department=Hair%20Colourants%20%26%20Dyes&viewAll=department&page=,£6.90,£6.90/each,Any 2 for £10.50 Clubcard Price - Selected Clairol Nice N Easy Hair Colourants,,/groceries/en-GB/products/261496122,https://digitalcontent.api.tesco.com/v2/media/ghs/2c711355-e866-40b4-bc51-67fcb3ef74c9/9ee9474c-08bf-4efd-a8d8-3270db11bc28_1893091887.jpeg?h=225&w=225
250172689,L'oreal Excellence Hair Colourant Light Golden Blonde,https://www.tesco.com/groceries/en-GB/shop/health-and-beauty/all?department=Hair%20Colourants%20%26%20Dyes&viewAll=department&page=,£8.00,£8.00/each,Any 2 for £11 Clubcard Price - Selected Loreal Excellence Hair Colourants,,/groceries/en-GB/products/250172689,https://digitalcontent.api.tesco.com/v2/media/ghs/1f5310a7-2c17-464b-92f4-0dcfeaf3146a/9eab4475-cff0-445c-b4ce-9815d73c007a_210522774.jpeg?h=225&w=225
255617068,Clairol Nice ‘N Easy Lightest Brown 6.5 Hair Dye,https://www.tesco.com/groceries/en-GB/shop/health-and-beauty/all?department=Hair%20Colourants%20%26%20Dyes&viewAll=department&page=,£6.90,£6.90/each,Any 2 for £10.50 Clubcard Price - Selected Clairol Nice N Easy Hair Colourants,,/groceries/en-GB/products/255617068,https://digitalcontent.api.tesco.com/v2/media/ghs/b7eb2f24-462d-4ee0-bb74-b18653552525/f000aece-2a19-4de1-bf8b-be716d5a556d_297715298.jpeg?h=225&w=225
254043773,Clairol Nice ‘N Easy Golden Auburn 8Wr Hair Dye,https://www.tesco.com/groceries/en-GB/shop/health-and-beauty/all?department=Hair%20Colourants%20%26%20Dyes&viewAll=department&page=,£6.90,£6.90/each,Any 2 for £10.50 Clubcard Price - Selected Clairol Nice N Easy Hair Colourants,,/groceries/en-GB/products/254043773,https://digitalcontent.api.tesco.com/v2/media/ghs/57f45723-3d6e-4555-9c20-abbc5de52a0c/23332713-16e8-4de3-9fc3-50df704cb3d2_2033857542.jpeg?h=225&w=225
253777508,Clairol Nice ‘N Easy Ultra Light Summer Blonde Sb2 Hair Dye,https://www.tesco.com/groceries/en-GB/shop/health-and-beauty/all?department=Hair%20Colourants%20%26%20Dyes&viewAll=department&page=,£6.90,£6.90/each,Any 2 for £10.50 Clubcard Price - Selected Clairol Nice N Easy Hair Colourants,,/groceries/en-GB/products/253777508,https://digitalcontent.api.tesco.com/v2/media/ghs/067258f2-f450-43e5-97a6-f652b1f7b0e8/80ea71b6-12fa-4099-8650-402f750fcd45_658747326.jpeg?h=225&w=225
268394934,Garnier Nutrisse 10.1 Ice Blonde Permanent Hair Dye,https://www.tesco.com/groceries/en-GB/shop/health-and-beauty/all?department=Hair%20Colourants%20%26%20Dyes&viewAll=department&page=,£6.50,£6.50/each,Any 2 for £9.50 Clubcard Price - Selected Garnier Nutrisse Hair Colourants,,/groceries/en-GB/products/268394934,https://digitalcontent.api.tesco.com/v2/media/ghs/d190d6a3-fa00-4af8-9dcb-daaedc69cfd7/9d5b4d27-be5d-43b2-a96c-544f1248e8f6_1972920957.jpeg?h=225&w=225
251748791,Garnier Nutrisse 3.6 Deep Reddish Brown Permanent Hair Dye,https://www.tesco.com/groceries/en-GB/shop/health-and-beauty/all?department=Hair%20Colourants%20%26%20Dyes&viewAll=department&page=,£6.50,£6.50/each,Any 2 for £9.50 Clubcard Price - Selected Garnier Nutrisse Hair Colourants,,/groceries/en-GB/products/251748791,https://digitalcontent.api.tesco.com/v2/media/ghs/6d709038-5b26-41bd-a04d-ef9c5022fa1f/4bea1831-35cf-4945-b9e5-d1adf16670d0_1435581264.jpeg?h=225&w=225
268394888,Garnier Nutrisse 6.60 Ultra Fiery Red Permanent Hair Dye,https://www.tesco.com/groceries/en-GB/shop/health-and-beauty/all?department=Hair%20Colourants%20%26%20Dyes&viewAll=department&page=,£6.50,£6.50/each,Any 2 for £9.50 Clubcard Price - Selected Garnier Nutrisse Hair Colourants,,/groceries/en-GB/products/268394888,https://digitalcontent.api.tesco.com/v2/media/ghs/c087af6a-8d93-4964-8105-546d490d2432/c00a6e7a-6aec-4685-a1dd-1c0c54272db2_221224009.jpeg?h=225&w=225
250746322,L'oreal Excellence Hair Colourant Light Ash Blonde 9.1,https://www.tesco.com/groceries/en-GB/shop/health-and-beauty/all?department=Hair%20Colourants%20%26%20Dyes&viewAll=department&page=,£8.00,£8.00/each,Any 2 for £11 Clubcard Price - Selected Loreal Excellence Hair Colourants,,/groceries/en-GB/products/250746322,https://digitalcontent.api.tesco.com/v2/media/ghs/1b0afbf0-c195-4473-9acb-cb2b976e11ac/7d9979f6-eae8-4a93-b5ef-5e2644d41986_2005667059.jpeg?h=225&w=225
253876687,Clairol Nice ‘N Easy Medium Golden Brown 5G Hair Dye,https://www.tesco.com/groceries/en-GB/shop/health-and-beauty/all?department=Hair%20Colourants%20%26%20Dyes&viewAll=department&page=,£6.90,£6.90/each,Any 2 for £10.50 Clubcard Price - Selected Clairol Nice N Easy Hair Colourants,,/groceries/en-GB/products/253876687,https://digitalcontent.api.tesco.com/v2/media/ghs/e994fa4f-d08d-4bc0-b56f-c9c625ab82f2/e0bb611c-b31e-4dbb-bec3-656fb73dd07c_2131576927.jpeg?h=225&w=225
250037643,L'oreal Paris Excellence Color 8 Natural Blonde,https://www.tesco.com/groceries/en-GB/shop/health-and-beauty/all?department=Hair%20Colourants%20%26%20Dyes&viewAll=department&page=,£8.00,£8.00/each,Any 2 for £11 Clubcard Price - Selected Loreal Excellence Hair Colourants,,/groceries/en-GB/products/250037643,https://digitalcontent.api.tesco.com/v2/media/ghs/97090d6a-291b-4c39-b284-5ff211d0d0d0/4e0667f7-ac9f-43e5-a6eb-e9de777b8024_691965603.jpeg?h=225&w=225
250037741,L'oreal Paris Excellence 9 Light Blonde,https://www.tesco.com/groceries/en-GB/shop/health-and-beauty/all?department=Hair%20Colourants%20%26%20Dyes&viewAll=department&page=,£8.00,£8.00/each,Any 2 for £11 Clubcard Price - Selected Loreal Excellence Hair Colourants,,/groceries/en-GB/products/250037741,https://digitalcontent.api.tesco.com/v2/media/ghs/77e55f7c-3d22-413f-9d9c-f634697a82c1/1c7acf77-ec1a-48be-98da-298c18feb3d2_1486800766.jpeg?h=225&w=225
250037833,L'oreal Paris Excellence 5.3 Golden Brown,https://www.tesco.com/groceries/en-GB/shop/health-and-beauty/all?department=Hair%20Colourants%20%26%20Dyes&viewAll=department&page=,£8.00,£8.00/each,Any 2 for £11 Clubcard Price - Selected Loreal Excellence Hair Colourants,,/groceries/en-GB/products/250037833,https://digitalcontent.api.tesco.com/v2/media/ghs/8fce1a87-6b20-4e25-a13f-8e79703128f1/a24858aa-7733-41fd-b904-aff513eda3ea_517490559.jpeg?h=225&w=225
258973132,Nice'n Easy Root Touch Up Permanent Light Brown 6,https://www.tesco.com/groceries/en-GB/shop/health-and-beauty/all?department=Hair%20Colourants%20%26%20Dyes&viewAll=department&page=,£6.50,£6.50/each,£5.00 Clubcard Price,,/groceries/en-GB/products/258973132,https://digitalcontent.api.tesco.com/v2/media/ghs/f63db3bb-f964-4be6-9ae7-c73e3418b2fc/caa01242-3182-4b64-a573-393633656d62_833430709.jpeg?h=225&w=225
271635715,Aussie Colour Mate Shampoo 500Ml,https://www.tesco.com/groceries/en-GB/shop/health-and-beauty/all?department=Hair%20Colourants%20%26%20Dyes&viewAll=department&page=,£6.00,£1.20/100ml,£4.50 Clubcard Price,,/groceries/en-GB/products/271635715,https://digitalcontent.api.tesco.com/v2/media/ghs/212c198c-5699-4dfc-b19a-b6b4a1369b71/c66b484a-a025-4138-bf80-eb94d1195d1e_1580327628.jpeg?h=225&w=225
252847073,Garnier Nutrisse 8 Blonde Permanent Hair Dye,https://www.tesco.com/groceries/en-GB/shop/health-and-beauty/all?department=Hair%20Colourants%20%26%20Dyes&viewAll=department&page=,£6.50,£6.50/each,Any 2 for £9.50 Clubcard Price - Selected Garnier Nutrisse Hair Colourants,,/groceries/en-GB/products/252847073,https://digitalcontent.api.tesco.com/v2/media/ghs/968cb6f2-0690-4c25-bdf3-cbf7bd8ed0aa/5c5624ca-0bc2-472b-b94c-6dd3cddc462e_1673259760.jpeg?h=225&w=225
250037326,L'oreal Paris Excellence 3 Darkest Brown,https://www.tesco.com/groceries/en-GB/shop/health-and-beauty/all?department=Hair%20Colourants%20%26%20Dyes&viewAll=department&page=,£8.00,£8.00/each,Any 2 for £11 Clubcard Price - Selected Loreal Excellence Hair Colourants,,/groceries/en-GB/products/250037326,https://digitalcontent.api.tesco.com/v2/media/ghs/1c045140-90ef-4ed8-924c-442c7a29b7b4/953d4326-2403-4e82-b2ee-7b5dc9e1113c_1548244011.jpeg?h=225&w=225
254043859,Clairol Nice ‘N Easy Permanent Light Auburn 6R. Hair Dye,https://www.tesco.com/groceries/en-GB/shop/health-and-beauty/all?department=Hair%20Colourants%20%26%20Dyes&viewAll=department&page=,£6.90,£6.90/each,Any 2 for £10.50 Clubcard Price - Selected Clairol Nice N Easy Hair Colourants,,/groceries/en-GB/products/254043859,https://digitalcontent.api.tesco.com/v2/media/ghs/4d95a1bf-e6dd-4bf7-87f3-430619fceec1/ceaa28fa-fbd1-410f-a65f-bcbbf52223b6_416644627.jpeg?h=225&w=225
253510078,Garnier Nutrisse 7 Dark Blonde Permanent Hair Dye,https://www.tesco.com/groceries/en-GB/shop/health-and-beauty/all?department=Hair%20Colourants%20%26%20Dyes&viewAll=department&page=,£6.50,£6.50/each,Any 2 for £9.50 Clubcard Price - Selected Garnier Nutrisse Hair Colourants,,/groceries/en-GB/products/253510078,https://digitalcontent.api.tesco.com/v2/media/ghs/594967a4-ae21-4a78-a410-ef59a3eeb4bc/2e1e33c9-0a0c-43db-a4f7-ba0de8f08f55_1403541682.jpeg?h=225&w=225
276824720,Jerome Russell B Blonde Max Cream Peroxide 40 Volume,https://www.tesco.com/groceries/en-GB/shop/health-and-beauty/all?department=Hair%20Colourants%20%26%20Dyes&viewAll=department&page=,£1.70,£1.70/each,,,/groceries/en-GB/products/276824720,https://digitalcontent.api.tesco.com/v2/media/ghs/c0f20f5c-b352-4924-afd9-7b5f07f80946/a3bcab6d-30d0-4144-a623-29ba3d72b269_606235692.jpeg?h=225&w=225
257993576,Schwarzkopf Poly Color Tint Natural Black,https://www.tesco.com/groceries/en-GB/shop/health-and-beauty/all?department=Hair%20Colourants%20%26%20Dyes&viewAll=department&page=,£2.00,£2.00/each,,,/groceries/en-GB/products/257993576,https://digitalcontent.api.tesco.com/v2/media/ghs/2cd503cd-fa4e-4055-a3b5-9f75097af411/e031f075-c431-4acb-a7e3-2143e4088b8d_1875157998.jpeg?h=225&w=225
274050532,Poly Color Tint Dark Blonde 37 Blonde,https://www.tesco.com/groceries/en-GB/shop/health-and-beauty/all?department=Hair%20Colourants%20%26%20Dyes&viewAll=department&page=,£2.00,£2.00/each,,,/groceries/en-GB/products/274050532,https://digitalcontent.api.tesco.com/v2/media/ghs/b16b95e6-9e2c-40c0-8cb1-93a64a256339/f6bef8a6-2d90-4222-98f1-6ea059fb763b_135859489.jpeg?h=225&w=225
257992940,Schwarzkopf Poly Color Tint Natural Brown,https://www.tesco.com/groceries/en-GB/shop/health-and-beauty/all?department=Hair%20Colourants%20%26%20Dyes&viewAll=department&page=,£2.00,£2.00/each,,,/groceries/en-GB/products/257992940,https://digitalcontent.api.tesco.com/v2/media/ghs/fe7942cd-4b71-4346-9460-226438a0f6c3/c1fdc256-cb8b-4880-bca7-50d5e16f37dd_1453235371.jpeg?h=225&w=225
254333318,Bigen Permanent Hair Colour Oriental Black,https://www.tesco.com/groceries/en-GB/shop/health-and-beauty/all?department=Hair%20Colourants%20%26%20Dyes&viewAll=department&page=,£3.00,£50.00/100g,,,/groceries/en-GB/products/254333318,https://digitalcontent.api.tesco.com/v2/media/ghs-mktg/b0b04216-fa73-466d-a9d7-c9fcfa1ce9b3/no-image.jpeg
254338238,Bigen Permanent Hair Colour Black Brown,https://www.tesco.com/groceries/en-GB/shop/health-and-beauty/all?department=Hair%20Colourants%20%26%20Dyes&viewAll=department&page=,£3.00,£50.00/100g,,,/groceries/en-GB/products/254338238,https://digitalcontent.api.tesco.com/v2/media/ghs-mktg/b0b04216-fa73-466d-a9d7-c9fcfa1ce9b3/no-image.jpeg
295177045,Plantur 39 Shampoo Col/Stress 250Ml,https://www.tesco.com/groceries/en-GB/shop/health-and-beauty/all?department=Hair%20Colourants%20%26%20Dyes&viewAll=department&page=,£10.00,£4.00/100ml,,,/groceries/en-GB/products/295177045,https://digitalcontent.api.tesco.com/v2/media/ghs/dd1a7abf-cb31-41b2-8ea9-2a428b8ff132/8ef8d3a3-be7d-4f76-b750-3decd650f097_1065986579.jpeg?h=225&w=225
293533975,John Frieda Sheer Blonde Colour Renew Conditioner 250Ml,https://www.tesco.com/groceries/en-GB/shop/health-and-beauty/all?department=Hair%20Colourants%20%26%20Dyes&viewAll=department&page=,£7.00,£2.80/100ml,,,/groceries/en-GB/products/293533975,https://digitalcontent.api.tesco.com/v2/media/ghs/d1cba174-8122-4925-8bf0-fd023b4de740/609befef-1c1b-44ab-9fba-bf73d74c2332_252122240.jpeg?h=225&w=225
266379386,L'oreal Paris Preference 10.21 Very Light Pearl Blonde,https://www.tesco.com/groceries/en-GB/shop/health-and-beauty/all?department=Hair%20Colourants%20%26%20Dyes&viewAll=department&page=,£10.00,£10.00/each,Any 2 for £14 Clubcard Price - Selected Loreal Preference Hair Colourants,,/groceries/en-GB/products/266379386,https://digitalcontent.api.tesco.com/v2/media/ghs/1a299e44-edf1-4369-916f-44471aa6e5b3/1235b811-f735-47c2-8e98-3f9f1348dfc8_1325567883.jpeg?h=225&w=225
275445191,L'oreal Paris Preference Color Extreme Platinum,https://www.tesco.com/groceries/en-GB/shop/health-and-beauty/all?department=Hair%20Colourants%20%26%20Dyes&viewAll=department&page=,£10.00,£10.00/each,Any 2 for £14 Clubcard Price - Selected Loreal Preference Hair Colourants,,/groceries/en-GB/products/275445191,https://digitalcontent.api.tesco.com/v2/media/ghs/e869814c-9625-49c6-a110-5b3e592cc9d4/28645265-9c04-4fe8-a05f-06b43839f889_469311525.jpeg?h=225&w=225
311426879,L'oreal Paris Preference Cool Blondes Iceland,https://www.tesco.com/groceries/en-GB/shop/health-and-beauty/all?department=Hair%20Colourants%20%26%20Dyes&viewAll=department&page=,£10.00,£10.00/each,Any 2 for £14 Clubcard Price - Selected Loreal Preference Hair Colourants,,/groceries/en-GB/products/311426879,https://digitalcontent.api.tesco.com/v2/media/ghs/12cb5a0b-9fd4-47de-a09c-a4ba53099059/3a7b1a80-ef5e-45ea-bfcf-f0774e271550_658156259.jpeg?h=225&w=225
311783829,The Hair Boss Tinted Conditioning Foam Beach Blonde 200Ml,https://www.tesco.com/groceries/en-GB/shop/health-and-beauty/all?department=Hair%20Colourants%20%26%20Dyes&viewAll=department&page=,£10.00,£5.00/100ml,,,/groceries/en-GB/products/311783829,https://digitalcontent.api.tesco.com/v2/media/ghs/9fa79986-7806-4400-a886-05ba7669459b/a65b2d60-f339-4295-8e0b-d44df2c43a5f_714165836.jpeg?h=225&w=225
295035899,L’Oreal Preference Ultra Crystal Blonde 281G,https://www.tesco.com/groceries/en-GB/shop/health-and-beauty/all?department=Hair%20Colourants%20%26%20Dyes&viewAll=department&page=,£10.00,£3.56/100g,Any 2 for £14 Clubcard Price - Selected Loreal Preference Hair Colourants,,/groceries/en-GB/products/295035899,https://digitalcontent.api.tesco.com/v2/media/ghs/687715f8-60ea-4309-9cd5-3e1c52c59fb8/dfd123ca-1807-47c6-bb35-31260426d2be_546868055.jpeg?h=225&w=225
260994219,L'oreal Casting Creme Gloss Iced Chocolate Brown Semi-Permanent Hair Dye,https://www.tesco.com/groceries/en-GB/shop/health-and-beauty/all?department=Hair%20Colourants%20%26%20Dyes&viewAll=department&page=,£8.00,£8.00/each,Any 2 for £12 Clubcard Price - Selected Loreal Hair Colourants,,/groceries/en-GB/products/260994219,https://digitalcontent.api.tesco.com/v2/media/ghs/c5031e06-3c06-4b58-b979-1567f7769dd8/2b996a95-a50d-430a-a2c6-02eee0855649_1705353580.jpeg?h=225&w=225
261072203,L'oreal Casting Creme Gloss Dark Brown 400 Semi-Permanent Hair Dye,https://www.tesco.com/groceries/en-GB/shop/health-and-beauty/all?department=Hair%20Colourants%20%26%20Dyes&viewAll=department&page=,£8.00,£8.00/each,Any 2 for £12 Clubcard Price - Selected Loreal Hair Colourants,,/groceries/en-GB/products/261072203,https://digitalcontent.api.tesco.com/v2/media/ghs/500f5cc4-8a90-4bbe-95aa-e235be484981/1837eccf-1e56-4a90-bc46-0ec2578357ce_1832809672.jpeg?h=225&w=225
255317166,L'oreal Paris Preference 3 Brasilia Dark Brown,https://www.tesco.com/groceries/en-GB/shop/health-and-beauty/all?department=Hair%20Colourants%20%26%20Dyes&viewAll=department&page=,£10.00,£10.00/each,Any 2 for £14 Clubcard Price - Selected Loreal Preference Hair Colourants,,/groceries/en-GB/products/255317166,https://digitalcontent.api.tesco.com/v2/media/ghs/70fe8b20-e685-4c3f-bee6-82991a2505dd/f067e978-4e34-473d-9f49-3491e757dba6_1660947406.jpeg?h=225&w=225
274848171,Garnier Olia 9.0 Light Blonde Permanent Hair Dye,https://www.tesco.com/groceries/en-GB/shop/health-and-beauty/all?department=Hair%20Colourants%20%26%20Dyes&viewAll=department&page=,£8.00,£8.00/each,Any 2 for £12 Clubcard Price - Selected Garnier Olia Hair Colourants,,/groceries/en-GB/products/274848171,https://digitalcontent.api.tesco.com/v2/media/ghs/62957994-0553-4f96-9c80-3078e51f5748/a8aa5321-38ea-4be6-bff7-cfe12779ea57_843178478.jpeg?h=225&w=225
274842995,Garnier Olia 6.0 Light Brown Permanent Hair Dye,https://www.tesco.com/groceries/en-GB/shop/health-and-beauty/all?department=Hair%20Colourants%20%26%20Dyes&viewAll=department&page=,£8.00,£8.00/each,Any 2 for £12 Clubcard Price - Selected Garnier Olia Hair Colourants,,/groceries/en-GB/products/274842995,https://digitalcontent.api.tesco.com/v2/media/ghs/e140eedc-a923-4da4-969e-d2c7f8b636cb/cbe11fc2-704c-4a2c-8316-8e5177949feb_1742068558.jpeg?h=225&w=225
261067106,L'oreal Casting Creme Gloss Plum 316 Semi-Permanent Hair Dye,https://www.tesco.com/groceries/en-GB/shop/health-and-beauty/all?department=Hair%20Colourants%20%26%20Dyes&viewAll=department&page=,£8.00,£8.00/each,Any 2 for £12 Clubcard Price - Selected Loreal Hair Colourants,,/groceries/en-GB/products/261067106,https://digitalcontent.api.tesco.com/v2/media/ghs/3a1a8435-b842-496e-b173-76de73ffee74/bd2bdca9-e205-4771-ac6f-b04cc6674d96_1534410254.jpeg?h=225&w=225
299539798,Garnier Olia 110 Super Light Blonde Permanent Hair Dye,https://www.tesco.com/groceries/en-GB/shop/health-and-beauty/all?department=Hair%20Colourants%20%26%20Dyes&viewAll=department&page=,£8.00,£8.00/each,Any 2 for £12 Clubcard Price - Selected Garnier Olia Hair Colourants,,/groceries/en-GB/products/299539798,https://digitalcontent.api.tesco.com/v2/media/ghs/46ce9494-c838-40c8-a791-753edb067701/7784cae8-f553-4ee3-922f-05cc11a619fd_646053685.jpeg?h=225&w=225
274843101,Garnier Olia 6.3 Golden Light Brown Permanent Hair Dye,https://www.tesco.com/groceries/en-GB/shop/health-and-beauty/all?department=Hair%20Colourants%20%26%20Dyes&viewAll=department&page=,£8.00,£0.84/100ml,Any 2 for £12 Clubcard Price - Selected Garnier Olia Hair Colourants,,/groceries/en-GB/products/274843101,https://digitalcontent.api.tesco.com/v2/media/ghs/3526b33c-ed52-459c-ac26-0b407a4763e4/6664069e-c2e4-41e8-99d6-60d23586f522_2056256126.jpeg?h=225&w=225
255317172,L'oreal Paris Preference 5 Palma Brown,https://www.tesco.com/groceries/en-GB/shop/health-and-beauty/all?department=Hair%20Colourants%20%26%20Dyes&viewAll=department&page=,£10.00,£10.00/each,Any 2 for £14 Clubcard Price - Selected Loreal Preference Hair Colourants,,/groceries/en-GB/products/255317172,https://digitalcontent.api.tesco.com/v2/media/ghs/c74861ab-4f95-48a7-af5c-ac3f5f7ed47b/78244c51-e6a0-4f34-9c21-af38048b4123_1809599886.jpeg?h=225&w=225
251907488,L'oreal Paris Preference 4.15 Caracas Ice Chocolate,https://www.tesco.com/groceries/en-GB/shop/health-and-beauty/all?department=Hair%20Colourants%20%26%20Dyes&viewAll=department&page=,£10.00,£10.00/each,Any 2 for £14 Clubcard Price - Selected Loreal Preference Hair Colourants,,/groceries/en-GB/products/251907488,https://digitalcontent.api.tesco.com/v2/media/ghs/0326f502-9fa4-4308-8ff9-d07c0de32b13/5f401685-eec8-497c-b35c-cc2e19dea4a6_1583133393.jpeg?h=225&w=225
274849452,Garnier Olia 5.3 Golden Brown Permanent Hair Dye,https://www.tesco.com/groceries/en-GB/shop/health-and-beauty/all?department=Hair%20Colourants%20%26%20Dyes&viewAll=department&page=,£8.00,£8.00/each,Any 2 for £12 Clubcard Price - Selected Garnier Olia Hair Colourants,,/groceries/en-GB/products/274849452,https://digitalcontent.api.tesco.com/v2/media/ghs/e15c18df-ed41-4e10-a6db-d9e563989dd2/06e73ed0-b306-4db2-99f4-b5934d8c8e7b_339515938.jpeg?h=225&w=225
250172735,L'oreal Paris Excellence 10 Baby Blonde,https://www.tesco.com/groceries/en-GB/shop/health-and-beauty/all?department=Hair%20Colourants%20%26%20Dyes&viewAll=department&page=,£8.00,£8.00/each,Any 2 for £11 Clubcard Price - Selected Loreal Excellence Hair Colourants,,/groceries/en-GB/products/250172735,https://digitalcontent.api.tesco.com/v2/media/ghs/9ad4b51d-9d72-4796-93ed-f027530ad7c3/17a485bb-3cce-4f9b-a6a9-8aa423a9a3d8_1647248069.jpeg?h=225&w=225
311218728,L'oreal Paris Preference Blue Black,https://www.tesco.com/groceries/en-GB/shop/health-and-beauty/all?department=Hair%20Colourants%20%26%20Dyes&viewAll=department&page=,£7.00,£7.00/each,Any 2 for £10 Clubcard Price - Selected Loreal Preference Hair Colour,,/groceries/en-GB/products/311218728,https://digitalcontent.api.tesco.com/v2/media/ghs/e2f5eaae-d3d1-4397-ad5c-f95658da65b3/91802b18-1c4c-4c56-a917-f9e863728847_700508124.jpeg?h=225&w=225
254041660,Clairol Nice ‘N Easy Medium Warm Auburn 5Wr Hair Dye,https://www.tesco.com/groceries/en-GB/shop/health-and-beauty/all?department=Hair%20Colourants%20%26%20Dyes&viewAll=department&page=,£6.90,£6.90/each,Any 2 for £10.50 Clubcard Price - Selected Clairol Nice N Easy Hair Colourants,,/groceries/en-GB/products/254041660,https://digitalcontent.api.tesco.com/v2/media/ghs/4830292b-30c6-4a21-ab60-a6f4701dcb7c/4610fba8-e452-492e-ad10-7d8d609d2471_432039580.jpeg?h=225&w=225
311276802,L'oreal Paris Preference Bright Red,https://www.tesco.com/groceries/en-GB/shop/health-and-beauty/all?department=Hair%20Colourants%20%26%20Dyes&viewAll=department&page=,£7.00,£7.00/each,Any 2 for £10 Clubcard Price - Selected Loreal Preference Hair Colour,,/groceries/en-GB/products/311276802,https://digitalcontent.api.tesco.com/v2/media/ghs/13bcc3d6-078d-4c2f-9da2-13b0b8a7df88/b556c231-5926-4dc3-b490-34428a0238b5_1295502017.jpeg?h=225&w=225
274843130,Garnier Olia 3.0 Soft Black Permanent Hair Dye,https://www.tesco.com/groceries/en-GB/shop/health-and-beauty/all?department=Hair%20Colourants%20%26%20Dyes&viewAll=department&page=,£8.00,£8.00/each,Any 2 for £12 Clubcard Price - Selected Garnier Olia Hair Colourants,,/groceries/en-GB/products/274843130,https://digitalcontent.api.tesco.com/v2/media/ghs/77fb4ce8-1691-4034-b7ac-cdb3e8cf1d7b/5010c718-c14b-4c77-97b4-f2a074d9b986_1759388697.jpeg?h=225&w=225
303647029,John Frieda Frizz Ease Weightless Conditioner 250Ml,https://www.tesco.com/groceries/en-GB/shop/health-and-beauty/all?department=Hair%20Colourants%20%26%20Dyes&viewAll=department&page=,£7.00,£2.80/100ml,Any 2 for £9 Clubcard Price - Selected John Frieda Haircare Products,,/groceries/en-GB/products/303647029,https://digitalcontent.api.tesco.com/v2/media/ghs/6a86cdce-4634-4f23-8fee-e06cbf4ab945/28f85ae4-6ac0-486e-8248-4dccc43db37a_2082825240.jpeg?h=225&w=225
253821597,Clairol Nice ‘N Easy Medium Reddish Brown 5Rb Hair Dye,https://www.tesco.com/groceries/en-GB/shop/health-and-beauty/all?department=Hair%20Colourants%20%26%20Dyes&viewAll=department&page=,£6.90,£6.90/each,Any 2 for £10.50 Clubcard Price - Selected Clairol Nice N Easy Hair Colourants,,/groceries/en-GB/products/253821597,https://digitalcontent.api.tesco.com/v2/media/ghs/9e092130-fab2-4a6c-ae0e-e926e75cd2bc/60b8dee2-c1aa-48e6-90df-f74b1ea73680_1371190517.jpeg?h=225&w=225
253863155,Clairol Nice ‘N Easy Medium Honey Blonde 8G Hair Dye,https://www.tesco.com/groceries/en-GB/shop/health-and-beauty/all?department=Hair%20Colourants%20%26%20Dyes&viewAll=department&page=,£6.90,£6.90/each,Any 2 for £10.50 Clubcard Price - Selected Clairol Nice N Easy Hair Colourants,,/groceries/en-GB/products/253863155,https://digitalcontent.api.tesco.com/v2/media/ghs/af443d44-98a2-4721-b41b-9e55c40a9cac/36e473ee-231d-45d9-aa8a-adbd22244722_13011889.jpeg?h=225&w=225
268394636,Garnier Nutrisse 5.62 Ultra Vibrant Red Permanent Hair Dye,https://www.tesco.com/groceries/en-GB/shop/health-and-beauty/all?department=Hair%20Colourants%20%26%20Dyes&viewAll=department&page=,£6.50,£6.50/each,Any 2 for £9.50 Clubcard Price - Selected Garnier Nutrisse Hair Colourants,,/groceries/en-GB/products/268394636,https://digitalcontent.api.tesco.com/v2/media/ghs/a7efc7de-e6c5-4988-8aa1-e7a8c9f27a53/beae8415-5a01-4b37-aab5-9e03eac21a18_2007216728.jpeg?h=225&w=225
256935331,Just For Men Brush-In Colour Gel Dark Brown,https://www.tesco.com/groceries/en-GB/shop/health-and-beauty/all?department=Hair%20Colourants%20%26%20Dyes&viewAll=department&page=,£8.00,£8.00/each,£5.80 Clubcard Price,,/groceries/en-GB/products/256935331,https://digitalcontent.api.tesco.com/v2/media/ghs/91525c8f-eb20-45b5-972c-dbba2ee2b06d/a35da285-0f99-4340-ba10-554f11470687_780266228.jpeg?h=225&w=225
253067199,Clairol Nice ‘N Easy Black 2 Hair Dye,https://www.tesco.com/groceries/en-GB/shop/health-and-beauty/all?department=Hair%20Colourants%20%26%20Dyes&viewAll=department&page=,£6.90,£6.90/each,Any 2 for £10.50 Clubcard Price - Selected Clairol Nice N Easy Hair Colourants,,/groceries/en-GB/products/253067199,https://digitalcontent.api.tesco.com/v2/media/ghs/677e4912-89e4-457c-bea9-1758610000a4/3d00d929-8071-48d4-81d0-e9f724190e03_499487648.jpeg?h=225&w=225
252197651,L'oreal Paris Excellence Creme 01 Light Blonde,https://www.tesco.com/groceries/en-GB/shop/health-and-beauty/all?department=Hair%20Colourants%20%26%20Dyes&viewAll=department&page=,£8.00,£8.00/each,Any 2 for £11 Clubcard Price - Selected Loreal Excellence Hair Colourants,,/groceries/en-GB/products/252197651,https://digitalcontent.api.tesco.com/v2/media/ghs/ba8b27f0-6a3d-415e-8d0f-533c56e11f42/220ab1a4-3e2e-4cd3-b3c3-0c7abc43f525_855458814.jpeg?h=225&w=225
252847355,Garnier Nutrisse 4.6 Deep Red Permanent Hair Dye,https://www.tesco.com/groceries/en-GB/shop/health-and-beauty/all?department=Hair%20Colourants%20%26%20Dyes&viewAll=department&page=,£6.50,£6.50/each,Any 2 for £9.50 Clubcard Price - Selected Garnier Nutrisse Hair Colourants,,/groceries/en-GB/products/252847355,https://digitalcontent.api.tesco.com/v2/media/ghs/306ad3d4-fcbf-4e2a-b659-4f68460c2153/042fc958-adff-47af-a7c7-af785f473e7b_1413336248.jpeg?h=225&w=225
250746380,L'oreal Paris Excellence 5.6 Rich Auburn,https://www.tesco.com/groceries/en-GB/shop/health-and-beauty/all?department=Hair%20Colourants%20%26%20Dyes&viewAll=department&page=,£8.00,£8.00/each,Any 2 for £11 Clubcard Price - Selected Loreal Excellence Hair Colourants,,/groceries/en-GB/products/250746380,https://digitalcontent.api.tesco.com/v2/media/ghs/3ea2da35-6f25-4df6-905f-c739a4ddc92b/4e9c9baf-40e7-438e-a60b-e6a6f58cbb5a_1612828675.jpeg?h=225&w=225
258973063,Clairol Nice ‘N Easy Root Touch Up 5G Medium Gold Brown,https://www.tesco.com/groceries/en-GB/shop/health-and-beauty/all?department=Hair%20Colourants%20%26%20Dyes&viewAll=department&page=,£6.50,£6.50/each,£5.00 Clubcard Price,,/groceries/en-GB/products/258973063,https://digitalcontent.api.tesco.com/v2/media/ghs/b607ec34-1704-4a80-9846-02b85345ab5d/e7d4a2e9-dbff-4218-81f6-9161b5af8300_1805434929.jpeg?h=225&w=225
286832424,Garnier Nutrisse 3.23 Dark Quartz Brown Permanent Hair Dye,https://www.tesco.com/groceries/en-GB/shop/health-and-beauty/all?department=Hair%20Colourants%20%26%20Dyes&viewAll=department&page=,£6.50,£6.50/each,Any 2 for £9.50 Clubcard Price - Selected Garnier Nutrisse Hair Colourants,,/groceries/en-GB/products/286832424,https://digitalcontent.api.tesco.com/v2/media/ghs/4afa1074-8199-4982-90d3-3b836442e774/1bcbd403-68f0-45c7-ab8e-2eb159bb2a15_141398910.jpeg?h=225&w=225
309464726,Schwarzkopf Oleo Intense Black 1-10 Permanent Hair Dye,https://www.tesco.com/groceries/en-GB/shop/health-and-beauty/all?department=Hair%20Colourants%20%26%20Dyes&viewAll=department&page=,£4.00,£4.00/each,,,/groceries/en-GB/products/309464726,https://digitalcontent.api.tesco.com/v2/media/ghs/cc70673d-8b43-4b4c-b60c-7947132ca41e/d67aef62-868b-4605-bec6-88ad28252217_499336128.jpeg?h=225&w=225
309449549,Schwarzkopf Oleo Chocolate Brown 4-86 Permanent Hair Dye,https://www.tesco.com/groceries/en-GB/shop/health-and-beauty/all?department=Hair%20Colourants%20%26%20Dyes&viewAll=department&page=,£4.00,£4.00/each,,,/groceries/en-GB/products/309449549,https://digitalcontent.api.tesco.com/v2/media/ghs/aa894afc-051d-4612-95a4-c5eff7a086e8/2bbf1aef-1892-4784-9228-8d75a55f8859_1912740802.jpeg?h=225&w=225
250746368,L'oreal Excellence Dark Golden Blonde 7.3,https://www.tesco.com/groceries/en-GB/shop/health-and-beauty/all?department=Hair%20Colourants%20%26%20Dyes&viewAll=department&page=,£8.00,£8.00/each,Any 2 for £11 Clubcard Price - Selected Loreal Excellence Hair Colourants,,/groceries/en-GB/products/250746368,https://digitalcontent.api.tesco.com/v2/media/ghs/e64fee7f-ece2-445b-b9fe-ab51925364f9/83211f0a-48a4-4603-8f6b-89a71bd1f883_1807476180.jpeg?h=225&w=225
251041590,L'oreal Paris Excellence 5.5 Mahogany Brown,https://www.tesco.com/groceries/en-GB/shop/health-and-beauty/all?department=Hair%20Colourants%20%26%20Dyes&viewAll=department&page=,£8.00,£8.00/each,Any 2 for £11 Clubcard Price - Selected Loreal Excellence Hair Colourants,,/groceries/en-GB/products/251041590,https://digitalcontent.api.tesco.com/v2/media/ghs/42886453-1107-431e-a629-533bff40236b/40126cb7-2ae4-4f27-99a5-f79b21dc5563_1024127097.jpeg?h=225&w=225
291569319,Root Touch Up Hair Dye Light Ash Brown 6A,https://www.tesco.com/groceries/en-GB/shop/health-and-beauty/all?department=Hair%20Colourants%20%26%20Dyes&viewAll=department&page=,£6.50,£6.50/each,£5.00 Clubcard Price,,/groceries/en-GB/products/291569319,https://digitalcontent.api.tesco.com/v2/media/ghs/e574988c-685d-4417-a277-ca340dcfe008/30613d68-baf3-4ae6-a416-86e703b6f083_639184920.jpeg?h=225&w=225
267735954,Clairol Nice ‘N Easy Light Golden Blonde 9G Hair Dye,https://www.tesco.com/groceries/en-GB/shop/health-and-beauty/all?department=Hair%20Colourants%20%26%20Dyes&viewAll=department&page=,£6.90,£6.90/each,Any 2 for £10.50 Clubcard Price - Selected Clairol Nice N Easy Hair Colourants,,/groceries/en-GB/products/267735954,https://digitalcontent.api.tesco.com/v2/media/ghs/e786fe48-7b7b-40ae-aada-58f9426bbe1d/e58cf4d9-0523-445a-ae7a-a446cf3e6077_1780679322.jpeg?h=225&w=225
255316138,Garnier Belle Color 6 Natural Light Brown Permanent Hair Dye,https://www.tesco.com/groceries/en-GB/shop/health-and-beauty/all?department=Hair%20Colourants%20%26%20Dyes&viewAll=department&page=,£4.00,£4.00/each,,,/groceries/en-GB/products/255316138,https://digitalcontent.api.tesco.com/v2/media/ghs/d29e4cf5-7bc7-4294-a29f-b8729958f5ff/dbb472b3-90b3-4be1-8da8-34cc86cca3ac_271413011.jpeg?h=225&w=225
255316236,Garnier Belle Color 5 Natural Brown Permanent Hair Dye,https://www.tesco.com/groceries/en-GB/shop/health-and-beauty/all?department=Hair%20Colourants%20%26%20Dyes&viewAll=department&page=,£4.00,£4.00/each,,,/groceries/en-GB/products/255316236,https://digitalcontent.api.tesco.com/v2/media/ghs/643d1ab5-37df-4390-b276-1aa11942f902/f53b052c-b282-4876-a5d1-c1b81fa5049b_1112183542.jpeg?h=225&w=225
284255845,Garnier Nutrisse 8.13 Medium Beige Blonde Permanent Hair Dye,https://www.tesco.com/groceries/en-GB/shop/health-and-beauty/all?department=Hair%20Colourants%20%26%20Dyes&viewAll=department&page=,£6.50,£6.50/each,Any 2 for £9.50 Clubcard Price - Selected Garnier Nutrisse Hair Colourants,,/groceries/en-GB/products/284255845,https://digitalcontent.api.tesco.com/v2/media/ghs/ada648ad-096a-4017-b9b2-b8e257c438a8/b83e5b2c-8b08-4075-9601-8b673720c6ac_1734300437.jpeg?h=225&w=225
258019036,Schwarzkopf Poly Color Tint Dark Brown,https://www.tesco.com/groceries/en-GB/shop/health-and-beauty/all?department=Hair%20Colourants%20%26%20Dyes&viewAll=department&page=,£2.00,£2.00/each,,,/groceries/en-GB/products/258019036,https://digitalcontent.api.tesco.com/v2/media/ghs/4784296c-e2b6-44f1-803e-721c75e38c29/16d24c52-88ca-4817-a6d5-2fdadc0d9a15_278409271.jpeg?h=225&w=225
255611368,Schwarzkopf Live Intensive Color 099 Deep Black Hair Dye,https://www.tesco.com/groceries/en-GB/shop/health-and-beauty/all?department=Hair%20Colourants%20%26%20Dyes&viewAll=department&page=,£6.50,£6.50/each,,,/groceries/en-GB/products/255611368,https://digitalcontent.api.tesco.com/v2/media/ghs/189f4719-63e0-4aec-b565-f8d3cfe25f17/2c80f86f-dd73-48bd-827b-006d35d114ad_517049241.jpeg?h=225&w=225
293533890,John Frieda Sheer Blonde Colour Renew Shampoo 250Ml,https://www.tesco.com/groceries/en-GB/shop/health-and-beauty/all?department=Hair%20Colourants%20%26%20Dyes&viewAll=department&page=,£7.00,£2.80/100ml,,,/groceries/en-GB/products/293533890,https://digitalcontent.api.tesco.com/v2/media/ghs/b9501ea6-a793-4570-bc1f-820151e143a5/6ec4a32f-e97e-44a6-b4b5-8ef8b8048a23_1364820728.jpeg?h=225&w=225
295177068,Plantur 39 Conditioner Col/Stress 150Ml,https://www.tesco.com/groceries/en-GB/shop/health-and-beauty/all?department=Hair%20Colourants%20%26%20Dyes&viewAll=department&page=,£7.50,£5.00/100ml,,,/groceries/en-GB/products/295177068,https://digitalcontent.api.tesco.com/v2/media/ghs/960aa4b2-8bb8-41fd-a46d-36d359913486/f9d0fc67-5e55-4a1a-8f1b-103f51d9ede0_325454601.jpeg?h=225&w=225
255317235,L'oreal Paris Preference 7.3 Honey Blonde,https://www.tesco.com/groceries/en-GB/shop/health-and-beauty/all?department=Hair%20Colourants%20%26%20Dyes&viewAll=department&page=,£10.00,£10.00/each,Any 2 for £14 Clubcard Price - Selected Loreal Preference Hair Colourants,,/groceries/en-GB/products/255317235,https://digitalcontent.api.tesco.com/v2/media/ghs/92406103-28d8-4e86-abc8-d221b8eed3ee/78b435fb-202f-4863-abb7-3c01c2041872_645767049.jpeg?h=225&w=225
266381929,L'oreal Casting Creme Gloss 515 Chocolate Truffle Brown Semi-Permanent Hair Dye,https://www.tesco.com/groceries/en-GB/shop/health-and-beauty/all?department=Hair%20Colourants%20%26%20Dyes&viewAll=department&page=,£8.00,£8.00/each,Any 2 for £12 Clubcard Price - Selected Loreal Hair Colourants,,/groceries/en-GB/products/266381929,https://digitalcontent.api.tesco.com/v2/media/ghs/2b543d2b-0c1e-4c35-8daf-70455c204c82/8f5bad5e-4cd1-423b-bc85-e97d3a8474cc_1660142312.jpeg?h=225&w=225
260994191,L'oreal Casting Creme Gloss Ebony Black 200 Semi-Permanent Hair Dye,https://www.tesco.com/groceries/en-GB/shop/health-and-beauty/all?department=Hair%20Colourants%20%26%20Dyes&viewAll=department&page=,£8.00,£8.00/each,Any 2 for £12 Clubcard Price - Selected Loreal Hair Colourants,,/groceries/en-GB/products/260994191,https://digitalcontent.api.tesco.com/v2/media/ghs/7d10e5b7-8981-469d-b291-d50d4f7d324d/8c174b44-f80c-48f5-a364-e4b78b4a22f7_37035822.jpeg?h=225&w=225
311790262,L’Oreal Paris Excellence Universal Nudes 3U Dark Brown,https://www.tesco.com/groceries/en-GB/shop/health-and-beauty/all?department=Hair%20Colourants%20%26%20Dyes&viewAll=department&page=,£9.00,£9.00/each,Any 2 for £13 Clubcard Price - Selected Loreal Excellence Hair Colourants,,/groceries/en-GB/products/311790262,https://digitalcontent.api.tesco.com/v2/media/ghs/5b0fb17a-f9ab-4547-a1bf-95bb57955eb1/43de5761-76dc-40a6-9b8a-3f704600af60_793525323.jpeg?h=225&w=225
293465208,L'oreal Paris Preference 9.1 Viking Blonde,https://www.tesco.com/groceries/en-GB/shop/health-and-beauty/all?department=Hair%20Colourants%20%26%20Dyes&viewAll=department&page=,£10.00,£10.00/each,Any 2 for £14 Clubcard Price - Selected Loreal Preference Hair Colourants,,/groceries/en-GB/products/293465208,https://digitalcontent.api.tesco.com/v2/media/ghs/09d55ace-b97d-4b1f-93a9-6fd93a7332c6/fabbf593-f18a-4652-815b-f928641ad29c_624618287.jpeg?h=225&w=225
274843199,Garnier Olia 6.60 Intense Red,https://www.tesco.com/groceries/en-GB/shop/health-and-beauty/all?department=Hair%20Colourants%20%26%20Dyes&viewAll=department&page=,£8.00,£8.00/each,Any 2 for £12 Clubcard Price - Selected Garnier Olia Hair Colourants,,/groceries/en-GB/products/274843199,https://digitalcontent.api.tesco.com/v2/media/ghs/3bf01d37-1def-42cd-8a61-181ea1882283/4a2019d5-d067-42c5-bcf1-f7c9f51f3445_977107168.jpeg?h=225&w=225
295035818,L'oreal Paris Preference Mango Intense Copper 7,https://www.tesco.com/groceries/en-GB/shop/health-and-beauty/all?department=Hair%20Colourants%20%26%20Dyes&viewAll=department&page=,£10.00,£3.56/100g,Any 2 for £14 Clubcard Price - Selected Loreal Preference Hair Colourants,,/groceries/en-GB/products/295035818,https://digitalcontent.api.tesco.com/v2/media/ghs/a608df58-b047-4534-bb3e-dfda88db5e47/9fe2a97b-e871-4cba-8a97-7bf8182dd9a3_589399549.jpeg?h=225&w=225
311449126,L’Oreal Paris Excellence Universal Nudes 9U Very Light Blonde,https://www.tesco.com/groceries/en-GB/shop/health-and-beauty/all?department=Hair%20Colourants%20%26%20Dyes&viewAll=department&page=,£9.00,£9.00/each,Any 2 for £13 Clubcard Price - Selected Loreal Excellence Hair Colourants,,/groceries/en-GB/products/311449126,https://digitalcontent.api.tesco.com/v2/media/ghs/6ff3a007-73a8-4bee-a775-c94c1efd3d91/0a748ecf-d9cb-4653-88f9-605f47412843_182453977.jpeg?h=225&w=225
311271519,L'oreal Paris Excel Universal Nudes Light Blonde,https://www.tesco.com/groceries/en-GB/shop/health-and-beauty/all?department=Hair%20Colourants%20%26%20Dyes&viewAll=department&page=,£9.00,£9.00/each,Any 2 for £13 Clubcard Price - Selected Loreal Excellence Hair Colourants,,/groceries/en-GB/products/311271519,https://digitalcontent.api.tesco.com/v2/media/ghs/f9fcd64a-f107-4e1c-bc20-55cdb4d513ef/7176c1d6-a677-47c2-a832-4b85b9e85297_529350843.jpeg?h=225&w=225
274848084,Garnier Olia 8.0 Blonde Permanent Hair Dye,https://www.tesco.com/groceries/en-GB/shop/health-and-beauty/all?department=Hair%20Colourants%20%26%20Dyes&viewAll=department&page=,£8.00,£8.00/each,Any 2 for £12 Clubcard Price - Selected Garnier Olia Hair Colourants,,/groceries/en-GB/products/274848084,https://digitalcontent.api.tesco.com/v2/media/ghs/f8861c8b-44dc-47f6-8441-1392790bbc7e/4cd24217-77ed-4ea4-9a26-f2276ec38b24_1136827639.jpeg?h=225&w=225
274842874,Garnier Olia 1.0 Deep Black Permanent Hair Dye,https://www.tesco.com/groceries/en-GB/shop/health-and-beauty/all?department=Hair%20Colourants%20%26%20Dyes&viewAll=department&page=,£8.00,£0.84/100ml,Any 2 for £12 Clubcard Price - Selected Garnier Olia Hair Colourants,,/groceries/en-GB/products/274842874,https://digitalcontent.api.tesco.com/v2/media/ghs/1c4078f1-cc76-4a98-b79b-206a766c95bb/bc289dfc-2be5-4a4d-8eac-ccdeb10e6d2f_961346535.jpeg?h=225&w=225
291262751,Schwarzkopf Live Intensive Color 030 Mango Twist Hair Dye,https://www.tesco.com/groceries/en-GB/shop/health-and-beauty/all?department=Hair%20Colourants%20%26%20Dyes&viewAll=department&page=,£6.50,£6.50/each,,,/groceries/en-GB/products/291262751,https://digitalcontent.api.tesco.com/v2/media/ghs/33bc14b6-75a5-42de-a355-359a74ddd0e6/18be1995-ea70-4590-b865-a96b209ba104_283659901.jpeg?h=225&w=225
267670851,L'oreal Paris Casting Creme Gloss 454 Chocolate Brownie,https://www.tesco.com/groceries/en-GB/shop/health-and-beauty/all?department=Hair%20Colourants%20%26%20Dyes&viewAll=department&page=,£8.00,£8.00/each,Any 2 for £12 Clubcard Price - Selected Loreal Hair Colourants,,/groceries/en-GB/products/267670851,https://digitalcontent.api.tesco.com/v2/media/ghs/00285ea6-5a55-4b6a-9d2a-63b120d07a23/79f7cbd9-2fa6-4f91-99d2-bf911a37c1f2_2019368465.jpeg?h=225&w=225
309473387,L'oreal Paris Excellence Permanent Hair Dye 03 Light Ash Blonde,https://www.tesco.com/groceries/en-GB/shop/health-and-beauty/all?department=Hair%20Colourants%20%26%20Dyes&viewAll=department&page=,£8.00,£8.00/each,Any 2 for £11 Clubcard Price - Selected Loreal Excellence Hair Colourants,,/groceries/en-GB/products/309473387,https://digitalcontent.api.tesco.com/v2/media/ghs/926c6736-1fc9-46ff-b660-fe88da57d633/74d55b45-1864-4320-bc8b-26d2660b83a4_2090577890.jpeg?h=225&w=225
309478261,Bleach London Total Bleach Kit,https://www.tesco.com/groceries/en-GB/shop/health-and-beauty/all?department=Hair%20Colourants%20%26%20Dyes&viewAll=department&page=,£8.00,£8.00/each,,,/groceries/en-GB/products/309478261,https://digitalcontent.api.tesco.com/v2/media/ghs/c450d423-b3aa-4a04-8d57-de4d2a17c356/68576f53-9ee7-4746-b14b-152b10e059b8_1446017005.jpeg?h=225&w=225
311448179,L'oreal Paris Excel Cool Ultra Ash Dark Blonde,https://www.tesco.com/groceries/en-GB/shop/health-and-beauty/all?department=Hair%20Colourants%20%26%20Dyes&viewAll=department&page=,£8.00,£8.00/each,Any 2 for £11 Clubcard Price - Selected Loreal Excellence Hair Colourants,,/groceries/en-GB/products/311448179,https://digitalcontent.api.tesco.com/v2/media/ghs/da178817-82b3-4007-89f8-87bb30025038/snapshotimagehandler_967258235.jpeg?h=225&w=225
291570530,L'oreal Magic Root Touch Up Dark Blonde 75Ml,https://www.tesco.com/groceries/en-GB/shop/health-and-beauty/all?department=Hair%20Colourants%20%26%20Dyes&viewAll=department&page=,£9.00,£120.00/litre,£6.00 Clubcard Price,,/groceries/en-GB/products/291570530,https://digitalcontent.api.tesco.com/v2/media/ghs/a36a4517-b4a5-4490-9011-c5f091c20784/644c35e5-b4c0-4196-a4f9-c480de6e137f_368796796.jpeg?h=225&w=225
309165487,Schwarzkopf Natural Nourishing Dark Blonde 550 Permanent Hair Colour,https://www.tesco.com/groceries/en-GB/shop/health-and-beauty/all?department=Hair%20Colourants%20%26%20Dyes&viewAll=department&page=,£5.00,£5.00/each,,,/groceries/en-GB/products/309165487,https://digitalcontent.api.tesco.com/v2/media/ghs/056f88fd-831f-45bb-aee3-97af362da025/73dbecba-edbc-49dc-85d2-a3c80937d8f2_1337461835.jpeg?h=225&w=225
311254264,L'oreal Paris Preference Copper,https://www.tesco.com/groceries/en-GB/shop/health-and-beauty/all?department=Hair%20Colourants%20%26%20Dyes&viewAll=department&page=,£7.00,£7.00/each,Any 2 for £10 Clubcard Price - Selected Loreal Preference Hair Colour,,/groceries/en-GB/products/311254264,https://digitalcontent.api.tesco.com/v2/media/ghs/74e16db3-2205-43a8-afba-c5026f819061/7f19aedb-bf88-40d1-8f20-5a29d162eb1b_601407806.jpeg?h=225&w=225
250980441,Just For Men Hair Colourant Natural Light Brown,https://www.tesco.com/groceries/en-GB/shop/health-and-beauty/all?department=Hair%20Colourants%20%26%20Dyes&viewAll=department&page=,£6.75,£6.75/each,£5.40 Clubcard Price,,/groceries/en-GB/products/250980441,https://digitalcontent.api.tesco.com/v2/media/ghs/89a1937c-ae17-43a9-9395-2f82a1287a89/1d7a3feb-9764-462e-a24c-9217acc27da4_339622224.jpeg?h=225&w=225
253864148,Clairol Nice ‘N Easy Medium Ash Brown 5A Hair Dye,https://www.tesco.com/groceries/en-GB/shop/health-and-beauty/all?department=Hair%20Colourants%20%26%20Dyes&viewAll=department&page=,£6.90,£6.90/each,Any 2 for £10.50 Clubcard Price - Selected Clairol Nice N Easy Hair Colourants,,/groceries/en-GB/products/253864148,https://digitalcontent.api.tesco.com/v2/media/ghs/e0384f7e-5f97-4755-a9ae-59d974410519/b3ff398d-4fa3-4759-8d0d-8655026c8440_1496554318.jpeg?h=225&w=225
309770922,Bleach London Eco-Conut Hair Dye Tool Kit,https://www.tesco.com/groceries/en-GB/shop/health-and-beauty/all?department=Hair%20Colourants%20%26%20Dyes&viewAll=department&page=,£4.65,£4.65/each,,,/groceries/en-GB/products/309770922,https://digitalcontent.api.tesco.com/v2/media/ghs/cb2b8fb1-e98b-4fca-8179-cf76a28b4210/2804b247-f666-406c-8de8-0676bd83b507_1180771377.jpeg?h=225&w=225
311213411,Garnier Nutrisse 4.13 Luminous Chestnut Permanent Hair Dye,https://www.tesco.com/groceries/en-GB/shop/health-and-beauty/all?department=Hair%20Colourants%20%26%20Dyes&viewAll=department&page=,£6.50,£6.50/each,Any 2 for £9.50 Clubcard Price - Selected Garnier Nutrisse Hair Colourants,,/groceries/en-GB/products/311213411,https://digitalcontent.api.tesco.com/v2/media/ghs/9b68ec1e-41a9-4d11-875f-32ae36d71984/1f9889fe-bcbf-4b4d-87d6-8baefc772036_803378324.jpeg?h=225&w=225
272216070,Just For Men Brush-In Colour Gel Real Black,https://www.tesco.com/groceries/en-GB/shop/health-and-beauty/all?department=Hair%20Colourants%20%26%20Dyes&viewAll=department&page=,£8.00,£8.00/each,£5.80 Clubcard Price,,/groceries/en-GB/products/272216070,https://digitalcontent.api.tesco.com/v2/media/ghs/7cb43aa5-dc6f-4a80-adfa-3ad637d542da/99f9ce52-2889-44d3-bd52-acc063b09327_1417430690.jpeg?h=225&w=225
311221418,Garnier Nutrisse D4+ Bleach Ultra Lightener Hair Dye,https://www.tesco.com/groceries/en-GB/shop/health-and-beauty/all?department=Hair%20Colourants%20%26%20Dyes&viewAll=department&page=,£6.50,£6.50/each,Any 2 for £9.50 Clubcard Price - Selected Garnier Nutrisse Hair Colourants,,/groceries/en-GB/products/311221418,https://digitalcontent.api.tesco.com/v2/media/ghs/e92fb3ad-a424-4bf4-91e6-4c6a0016a135/6e02eee5-c8f4-4919-89d3-a2e53c04b62d_967801318.jpeg?h=225&w=225
311273673,Garnier Nutrisse 6.03 Natural Golden Dark Blonde Hair Dye,https://www.tesco.com/groceries/en-GB/shop/health-and-beauty/all?department=Hair%20Colourants%20%26%20Dyes&viewAll=department&page=,£6.50,£6.50/each,Any 2 for £9.50 Clubcard Price - Selected Garnier Nutrisse Hair Colourants,,/groceries/en-GB/products/311273673,https://digitalcontent.api.tesco.com/v2/media/ghs/e5564bde-2d06-4732-87ad-11430330f050/8f67647f-29e0-410d-a526-89658da7276b_2091659670.jpeg?h=225&w=225
253853714,Nice'n Easy Natural Medium Ash Blonde 106,https://www.tesco.com/groceries/en-GB/shop/health-and-beauty/all?department=Hair%20Colourants%20%26%20Dyes&viewAll=department&page=,£6.00,£6.00/each,,,/groceries/en-GB/products/253853714,https://digitalcontent.api.tesco.com/v2/media/ghs/50b9a996-59a5-4db8-848e-cf95e1c016df/c3a0e470-5659-427d-b264-592c1f53f2d0_1798007898.jpeg?h=225&w=225
299279742,John Frieda Radiant Red Boosting Conditioner 250Ml,https://www.tesco.com/groceries/en-GB/shop/health-and-beauty/all?department=Hair%20Colourants%20%26%20Dyes&viewAll=department&page=,£6.00,£2.40/100ml,£4.00 Clubcard Price,,/groceries/en-GB/products/299279742,https://digitalcontent.api.tesco.com/v2/media/ghs/6a8e7848-c98f-4fcd-afce-b71dea5bbf8e/30dec3a0-8a65-47f1-92f0-6b3a89bc121c_865369315.jpeg?h=225&w=225
299279720,Jf Radiant Red Red Boosting Shampoo 250Ml,https://www.tesco.com/groceries/en-GB/shop/health-and-beauty/all?department=Hair%20Colourants%20%26%20Dyes&viewAll=department&page=,£6.00,£2.40/100ml,£4.00 Clubcard Price,,/groceries/en-GB/products/299279720,https://digitalcontent.api.tesco.com/v2/media/ghs/a2886e8a-903c-4abb-a050-5f57bd59e101/9670c8d9-d45f-41e6-ac74-948f83a3b2f2_337619543.jpeg?h=225&w=225
258959328,Clairol Nice ‘N Easy Root Touch Up Permanent 2 Black Hair Dye,https://www.tesco.com/groceries/en-GB/shop/health-and-beauty/all?department=Hair%20Colourants%20%26%20Dyes&viewAll=department&page=,£6.50,£6.50/each,£5.00 Clubcard Price,,/groceries/en-GB/products/258959328,https://digitalcontent.api.tesco.com/v2/media/ghs/a0da668d-a012-4b6b-9c77-5fc044df34c4/38014e11-00d5-4205-a002-17d3f3719d23_1827782247.jpeg?h=225&w=225
258975815,Nice'n Easy Root Touch Up Permanent Dark Blonde 7 Hair Dye,https://www.tesco.com/groceries/en-GB/shop/health-and-beauty/all?department=Hair%20Colourants%20%26%20Dyes&viewAll=department&page=,£6.50,£6.50/each,£5.00 Clubcard Price,,/groceries/en-GB/products/258975815,https://digitalcontent.api.tesco.com/v2/media/ghs/2297cdff-2b11-4d18-9e7c-53e8fdbc3f0a/1e4b92e3-7c0a-4dc7-98b8-e22eecd4ec64_1175045442.jpeg?h=225&w=225
255316115,Garnier Belle Color 7 Natural Dark Blonde Permanent Hair Dye,https://www.tesco.com/groceries/en-GB/shop/health-and-beauty/all?department=Hair%20Colourants%20%26%20Dyes&viewAll=department&page=,£4.00,£4.00/each,,,/groceries/en-GB/products/255316115,https://digitalcontent.api.tesco.com/v2/media/ghs/d8f90de4-25b3-4711-944b-4a54930a35b3/ad16b248-d8cd-44ea-ab3e-900bb3c011b4_616787933.jpeg?h=225&w=225
256617322,Garnier Belle Color Natural Dark Ash Blonde Permanent Hair Dye,https://www.tesco.com/groceries/en-GB/shop/health-and-beauty/all?department=Hair%20Colourants%20%26%20Dyes&viewAll=department&page=,£4.00,£4.00/each,,,/groceries/en-GB/products/256617322,https://digitalcontent.api.tesco.com/v2/media/ghs/eac28705-2dc7-4df4-949c-c887a861b404/a13d1ff9-d4f9-4a36-af10-96f6878f146c_865058866.jpeg?h=225&w=225
254664965,Garnier Belle Color 111 Extra Light Ash Blonde Permanent Hair Dye,https://www.tesco.com/groceries/en-GB/shop/health-and-beauty/all?department=Hair%20Colourants%20%26%20Dyes&viewAll=department&page=,£4.00,£4.00/each,,,/groceries/en-GB/products/254664965,https://digitalcontent.api.tesco.com/v2/media/ghs/0fde24dc-0272-401a-8b76-0a4878079890/e33d3cfc-7fb0-436a-b262-212a73a78a81_1620615097.jpeg?h=225&w=225
286168058,Jerome Russell B Blonde Platinum Blonde Toner,https://www.tesco.com/groceries/en-GB/shop/health-and-beauty/all?department=Hair%20Colourants%20%26%20Dyes&viewAll=department&page=,£4.50,£4.50/each,,,/groceries/en-GB/products/286168058,https://digitalcontent.api.tesco.com/v2/media/ghs/787d9a36-8692-4edc-a61a-613eb9df14df/de1b2a1a-cb9d-4cc6-9fa3-bbd957824767_2072745020.jpeg?h=225&w=225
255316173,Garnier Belle Color 1 Black Permanent Hair Dye,https://www.tesco.com/groceries/en-GB/shop/health-and-beauty/all?department=Hair%20Colourants%20%26%20Dyes&viewAll=department&page=,£4.00,£4.00/each,,,/groceries/en-GB/products/255316173,https://digitalcontent.api.tesco.com/v2/media/ghs/bf4af424-6961-4a82-9e95-ef34213824d9/a6cf2ef4-0e2b-4a96-885f-72051c84a8cc_607778348.jpeg?h=225&w=225
251739986,Garnier Belle Color 8 Natural Medium Blonde Permanent Hair Dye,https://www.tesco.com/groceries/en-GB/shop/health-and-beauty/all?department=Hair%20Colourants%20%26%20Dyes&viewAll=department&page=,£4.00,£4.00/each,,,/groceries/en-GB/products/251739986,https://digitalcontent.api.tesco.com/v2/media/ghs/115f91fb-9b31-4482-808a-c2e38fd80e63/718216db-3252-4f64-823a-e86ed69f2c6b_64902185.jpeg?h=225&w=225
255316196,Garnier Belle Color 3 Dark Brown Permanent Hair Dye,https://www.tesco.com/groceries/en-GB/shop/health-and-beauty/all?department=Hair%20Colourants%20%26%20Dyes&viewAll=department&page=,£4.00,£4.00/each,,,/groceries/en-GB/products/255316196,https://digitalcontent.api.tesco.com/v2/media/ghs/bf1be923-a45b-42af-a09e-29704b53643f/3135d929-117c-436c-b2b8-2e83c5bbfd05_2070187591.jpeg?h=225&w=225
309479133,Schwarzkopf Oleo Deep Brown 3-10 Permanent Hair Dye,https://www.tesco.com/groceries/en-GB/shop/health-and-beauty/all?department=Hair%20Colourants%20%26%20Dyes&viewAll=department&page=,£4.00,£4.00/each,,,/groceries/en-GB/products/309479133,https://digitalcontent.api.tesco.com/v2/media/ghs/29bafc8a-be80-4d8a-82d8-af057fbc16b8/c9637cd1-cf99-4c9b-9228-aa831bf706ca_1389513666.jpeg?h=225&w=225
309483939,Schwarzkopf Oleo Light Copper Brown 5-77 Permanent Hair Dye,https://www.tesco.com/groceries/en-GB/shop/health-and-beauty/all?department=Hair%20Colourants%20%26%20Dyes&viewAll=department&page=,£4.00,£4.00/each,,,/groceries/en-GB/products/309483939,https://digitalcontent.api.tesco.com/v2/media/ghs/11737176-4b69-4fc7-a80a-5e46306cdb4a/6592bbab-ea05-4451-a10e-e0a8d1677263_1910691618.jpeg?h=225&w=225
254664798,Garnier Belle Color Ultra Light Natural Blonde Permanent Hair Dye,https://www.tesco.com/groceries/en-GB/shop/health-and-beauty/all?department=Hair%20Colourants%20%26%20Dyes&viewAll=department&page=,£4.00,£4.00/each,,,/groceries/en-GB/products/254664798,https://digitalcontent.api.tesco.com/v2/media/ghs/fed36edb-dd8f-475f-92d4-23be844010c0/6284be85-3340-4618-8e15-4424003a82c2_1247788476.jpeg?h=225&w=225
257993052,Schwarzkopf Poly Color Tint Medium Brown,https://www.tesco.com/groceries/en-GB/shop/health-and-beauty/all?department=Hair%20Colourants%20%26%20Dyes&viewAll=department&page=,£2.00,£2.00/each,,,/groceries/en-GB/products/257993052,https://digitalcontent.api.tesco.com/v2/media/ghs/41effe20-14e8-4999-a05c-f4a587f31851/2603c497-a315-40cb-b717-b26ac06604cc_537463509.jpeg?h=225&w=225
305250692,John Frieda Violet Crush For Blondes Intensive Purple Shampoo 250Ml,https://www.tesco.com/groceries/en-GB/shop/health-and-beauty/all?department=Hair%20Colourants%20%26%20Dyes&viewAll=department&page=,£8.00,£3.20/100ml,,,/groceries/en-GB/products/305250692,https://digitalcontent.api.tesco.com/v2/media/ghs/27701a0b-135d-4ada-ac0b-85b2f3733435/c7f33a2c-51f3-4133-8963-3a95420d0861_386994030.jpeg?h=225&w=225
258029393,Schwarzkopf Live Intensive Color 090 Cosmic Blue Hair Dye,https://www.tesco.com/groceries/en-GB/shop/health-and-beauty/all?department=Hair%20Colourants%20%26%20Dyes&viewAll=department&page=,£6.50,£6.50/each,,,/groceries/en-GB/products/258029393,https://digitalcontent.api.tesco.com/v2/media/ghs/d63cf64a-6533-43f1-8650-0bf65aecddd2/1da21936-d793-494e-9532-298cae21fd2a_1218410507.jpeg?h=225&w=225
302227604,Schwarzkopf Live Amethyst Chrome Perm Hair Dye,https://www.tesco.com/groceries/en-GB/shop/health-and-beauty/all?department=Hair%20Colourants%20%26%20Dyes&viewAll=department&page=,£6.50,£4.58/100g,,,/groceries/en-GB/products/302227604,https://digitalcontent.api.tesco.com/v2/media/ghs/f0f524cd-909a-4c09-baff-48c2a164ca74/6c0ef4ec-bff0-4ec2-aaa2-ce47c75c86d0_1084830013.jpeg?h=225&w=225
271642735,Schwarzkopf Live Intense Lightener 00B Max Blonde Hair Dye,https://www.tesco.com/groceries/en-GB/shop/health-and-beauty/all?department=Hair%20Colourants%20%26%20Dyes&viewAll=department&page=,£6.50,£6.50/each,,,/groceries/en-GB/products/271642735,https://digitalcontent.api.tesco.com/v2/media/ghs/1f211c68-bdf1-451e-9624-ccc0c58ba6b7/960946e5-cef1-4f53-993d-d8c822ab0545_1978671621.jpeg?h=225&w=225
256032466,Schwarzkopf Live Intensive Color 035 Real Red Hair Dye,https://www.tesco.com/groceries/en-GB/shop/health-and-beauty/all?department=Hair%20Colourants%20%26%20Dyes&viewAll=department&page=,£6.50,£6.50/each,,,/groceries/en-GB/products/256032466,https://digitalcontent.api.tesco.com/v2/media/ghs/7865e32b-15ed-460a-8c9f-94a2bb5ae54d/48ca1797-49ed-432d-87a1-28546f2ab393_590215632.jpeg?h=225&w=225
258034363,Schwarzkopf Live Intensive Color 089 Chocolate Hair Dye,https://www.tesco.com/groceries/en-GB/shop/health-and-beauty/all?department=Hair%20Colourants%20%26%20Dyes&viewAll=department&page=,£6.50,£6.50/each,,,/groceries/en-GB/products/258034363,https://digitalcontent.api.tesco.com/v2/media/ghs/7af05cf3-c3c4-4343-88a0-9e4e16ce66c1/149da3af-b71d-4a6e-b6b6-14d445d70630_1065348917.jpeg?h=225&w=225
262411994,Schwarzkopf Live Intensive Color Plus Lift Ultra Violet Hair Dye,https://www.tesco.com/groceries/en-GB/shop/health-and-beauty/all?department=Hair%20Colourants%20%26%20Dyes&viewAll=department&page=,£6.50,£6.50/each,,,/groceries/en-GB/products/262411994,https://digitalcontent.api.tesco.com/v2/media/ghs/d1c61e43-16af-4d30-868a-585613dcbe1f/31cf8515-2bb3-4ad4-9a8f-8d0956c43f60_1308363034.jpeg?h=225&w=225
311204226,L'oreal Paris Preference Cool Blondes Siberia,https://www.tesco.com/groceries/en-GB/shop/health-and-beauty/all?department=Hair%20Colourants%20%26%20Dyes&viewAll=department&page=,£10.00,£10.00/each,Any 2 for £14 Clubcard Price - Selected Loreal Preference Hair Colourants,,/groceries/en-GB/products/311204226,https://digitalcontent.api.tesco.com/v2/media/ghs/1700138d-d007-4679-8ce9-eb2963a84c6e/b7b5d88f-0c3b-4199-841b-41d98d22f072_2005393998.jpeg?h=225&w=225
258021758,Schwarzkopf Live Intensive Color 043 Red Passion Hair Dye,https://www.tesco.com/groceries/en-GB/shop/health-and-beauty/all?department=Hair%20Colourants%20%26%20Dyes&viewAll=department&page=,£6.50,£6.50/each,,,/groceries/en-GB/products/258021758,https://digitalcontent.api.tesco.com/v2/media/ghs/4ab5879f-f029-4ea5-98d5-c8d4e3f51f40/fe885cc7-e447-476f-b5e7-2ee08f5b154b_823559308.jpeg?h=225&w=225
294959591,Schwarzkopf Live Ultra Bright 098 Steel Silver 80G,https://www.tesco.com/groceries/en-GB/shop/health-and-beauty/all?department=Hair%20Colourants%20%26%20Dyes&viewAll=department&page=,£6.50,£8.13/100g,,,/groceries/en-GB/products/294959591,https://digitalcontent.api.tesco.com/v2/media/ghs/fd865ed4-a9b6-43d7-a5b6-0e4d21c50e9d/d0d226f6-3205-4aa8-9446-6d71836f1ff7_99833672.jpeg?h=225&w=225
311210973,L'oreal Paris Excel Universal Nudes Blonde,https://www.tesco.com/groceries/en-GB/shop/health-and-beauty/all?department=Hair%20Colourants%20%26%20Dyes&viewAll=department&page=,£9.00,£9.00/each,Any 2 for £13 Clubcard Price - Selected Loreal Excellence Hair Colourants,,/groceries/en-GB/products/311210973,https://digitalcontent.api.tesco.com/v2/media/ghs/4eed61bc-6566-4f8e-82c9-cb1874743b45/a92ab7f7-1d18-4c59-84ce-b61b2a677b0d_1403522123.jpeg?h=225&w=225
305252315,Schwarzkopf Brights Pretty Pastels Lilac Semi Permanent,https://www.tesco.com/groceries/en-GB/shop/health-and-beauty/all?department=Hair%20Colourants%20%26%20Dyes&viewAll=department&page=,£6.50,£6.50/each,,,/groceries/en-GB/products/305252315,https://digitalcontent.api.tesco.com/v2/media/ghs/95249837-bc87-4968-be2e-1fa20b6c9bc0/880f9a36-8849-41fd-930e-e03f4e0de216_1310031331.jpeg?h=225&w=225
278045089,Schwarzkopf Live Ultra Brights 095 Electric Blue Hair Dye,https://www.tesco.com/groceries/en-GB/shop/health-and-beauty/all?department=Hair%20Colourants%20%26%20Dyes&viewAll=department&page=,£6.50,£6.50/each,,,/groceries/en-GB/products/278045089,https://digitalcontent.api.tesco.com/v2/media/ghs/429fce6b-6cef-4566-9cb7-050a46b5bf40/373ab032-6a1f-49af-b12b-3e5a6ed23162_2042467345.jpeg?h=225&w=225
275459065,Schwarzkopf Live Ultra Brights 091 Raspberry Rebel Hair Dye,https://www.tesco.com/groceries/en-GB/shop/health-and-beauty/all?department=Hair%20Colourants%20%26%20Dyes&viewAll=department&page=,£6.50,£6.50/each,,,/groceries/en-GB/products/275459065,https://digitalcontent.api.tesco.com/v2/media/ghs/4f8d6c0e-1b31-4e74-8a53-5af21c94e9fb/e557c53b-532a-43da-82de-1d2d2cc636b0_278203643.jpeg?h=225&w=225
291570386,L'oreal Magic Retouch Root Touch Up Black 75Ml,https://www.tesco.com/groceries/en-GB/shop/health-and-beauty/all?department=Hair%20Colourants%20%26%20Dyes&viewAll=department&page=,£9.00,£120.00/litre,£6.00 Clubcard Price,,/groceries/en-GB/products/291570386,https://digitalcontent.api.tesco.com/v2/media/ghs/c243b3f5-df19-44ff-b14b-ef8b6d109f86/81d2b46f-b9fd-43e3-a18c-da21990d9b42_485348486.jpeg?h=225&w=225
264643366,L'oreal Casting Creme Gloss 323 Dark Chocolate Brown Semi-Permanent Hair Dye,https://www.tesco.com/groceries/en-GB/shop/health-and-beauty/all?department=Hair%20Colourants%20%26%20Dyes&viewAll=department&page=,£8.00,£8.00/each,Any 2 for £12 Clubcard Price - Selected Loreal Hair Colourants,,/groceries/en-GB/products/264643366,https://digitalcontent.api.tesco.com/v2/media/ghs/383ddc2f-51d2-41f3-8a12-5c665efaa0a7/d0211942-4be7-45bd-a99d-0967d4dcf073_1423151920.jpeg?h=225&w=225
311447353,L'oreal Excellence 5U Light Brown Permanent Hair Dye,https://www.tesco.com/groceries/en-GB/shop/health-and-beauty/all?department=Hair%20Colourants%20%26%20Dyes&viewAll=department&page=,£9.00,£9.00/each,Any 2 for £13 Clubcard Price - Selected Loreal Excellence Hair Colourants,,/groceries/en-GB/products/311447353,https://digitalcontent.api.tesco.com/v2/media/ghs/daf791c2-9085-4169-a421-f4b3fdfac74b/24f542e9-30b7-4192-923b-b6ae9f824fcf_1795169485.jpeg?h=225&w=225
309749217,Bleach London The Big Pink Hair Colour 150Ml,https://www.tesco.com/groceries/en-GB/shop/health-and-beauty/all?department=Hair%20Colourants%20%26%20Dyes&viewAll=department&page=,£6.00,£4.00/100ml,,,/groceries/en-GB/products/309749217,https://digitalcontent.api.tesco.com/v2/media/ghs/f2ccbfed-624c-4622-817e-97db09552274/53190e6a-6787-4f8f-bfa1-850d29f14d23_1762769148.jpeg?h=225&w=225
311448156,L'oreal Paris Excel Universal Nudes Brown,https://www.tesco.com/groceries/en-GB/shop/health-and-beauty/all?department=Hair%20Colourants%20%26%20Dyes&viewAll=department&page=,£9.00,£9.00/each,Any 2 for £13 Clubcard Price - Selected Loreal Excellence Hair Colourants,,/groceries/en-GB/products/311448156,https://digitalcontent.api.tesco.com/v2/media/ghs/03732a61-671b-4c74-836a-8a415971d404/b87d59cc-776b-4d77-870c-954cd5afb6ea_1982228569.jpeg?h=225&w=225
299624386,Schwarzkopf Live Lightner+ Twist Mauve Kiss 142G,https://www.tesco.com/groceries/en-GB/shop/health-and-beauty/all?department=Hair%20Colourants%20%26%20Dyes&viewAll=department&page=,£6.50,£6.50/each,,,/groceries/en-GB/products/299624386,https://digitalcontent.api.tesco.com/v2/media/ghs/196082e5-3a4a-4fb4-a854-cfde591fa2f2/13bdb941-91fd-46d1-9d2e-ff32eb2019db_1150349423.jpeg?h=225&w=225
305251570,Schwarzkopf Live U72 Urban Metallics Dusty Silver Hair Dye,https://www.tesco.com/groceries/en-GB/shop/health-and-beauty/all?department=Hair%20Colourants%20%26%20Dyes&viewAll=department&page=,£6.50,£6.50/each,,,/groceries/en-GB/products/305251570,https://digitalcontent.api.tesco.com/v2/media/ghs/f07e7f2d-35c6-43ad-9d73-627b5fc64c03/98f2bbb5-addd-4144-9574-12d394a2e2e7_1402492625.jpeg?h=225&w=225
278411612,Garnier Olia 7.4 Intense Copper Permanent Hair Dye,https://www.tesco.com/groceries/en-GB/shop/health-and-beauty/all?department=Hair%20Colourants%20%26%20Dyes&viewAll=department&page=,£8.00,£8.00/each,Any 2 for £12 Clubcard Price - Selected Garnier Olia Hair Colourants,,/groceries/en-GB/products/278411612,https://digitalcontent.api.tesco.com/v2/media/ghs/f075a07c-4020-404c-9c0a-36ad25909b80/774f9699-002f-4ec5-89ff-bf52e8d130a4_735972404.jpeg?h=225&w=225
311267053,Garnier Nutrisse 9.12 Pearly Blonde Permanent Hair Dye,https://www.tesco.com/groceries/en-GB/shop/health-and-beauty/all?department=Hair%20Colourants%20%26%20Dyes&viewAll=department&page=,£6.50,£6.50/each,Any 2 for £9.50 Clubcard Price - Selected Garnier Nutrisse Hair Colourants,,/groceries/en-GB/products/311267053,https://digitalcontent.api.tesco.com/v2/media/ghs/737dcd4e-7896-46b9-a6ba-aa8a03c9cd8d/09b78837-e803-4eb3-baf9-1df970b06766_1808644688.jpeg?h=225&w=225
311432595,L'oreal Paris Preference Deep Black,https://www.tesco.com/groceries/en-GB/shop/health-and-beauty/all?department=Hair%20Colourants%20%26%20Dyes&viewAll=department&page=,£7.00,£7.00/each,Any 2 for £10 Clubcard Price - Selected Loreal Preference Hair Colour,,/groceries/en-GB/products/311432595,https://digitalcontent.api.tesco.com/v2/media/ghs/18c899ac-51a4-47ea-b759-62fb4d0f2e91/17053365-fafd-443a-9749-4c6a9884f88e_1838566189.jpeg?h=225&w=225
250979893,Just For Men Hair Colourant Real Black,https://www.tesco.com/groceries/en-GB/shop/health-and-beauty/all?department=Hair%20Colourants%20%26%20Dyes&viewAll=department&page=,£6.75,£6.75/each,£5.40 Clubcard Price,,/groceries/en-GB/products/250979893,https://digitalcontent.api.tesco.com/v2/media/ghs/9203426f-93c4-47a5-97ad-5561e5e2871b/b1a2531e-5016-4718-b492-871b211b1508_736575310.jpeg?h=225&w=225
293465560,Jerome Russell Bblonde Silver Toner 75Ml,https://www.tesco.com/groceries/en-GB/shop/health-and-beauty/all?department=Hair%20Colourants%20%26%20Dyes&viewAll=department&page=,£4.50,£6.00/100ml,,,/groceries/en-GB/products/293465560,https://digitalcontent.api.tesco.com/v2/media/ghs/f135f385-d928-44a7-81b2-879f2f1fb1ce/614359f2-7bd8-4666-a4a9-01846b4bd333_1859577967.jpeg?h=225&w=225
258022613,Schwarzkopf Live Intense Lightener 00A Absolute Platinum Hair Dye,https://www.tesco.com/groceries/en-GB/shop/health-and-beauty/all?department=Hair%20Colourants%20%26%20Dyes&viewAll=department&page=,£6.50,£6.50/each,,,/groceries/en-GB/products/258022613,https://digitalcontent.api.tesco.com/v2/media/ghs/81e702f9-798f-4c66-b9c9-bb9a2d5e5c57/94f5df2a-e62d-4b3c-b710-f438fa8313f9_97970744.jpeg?h=225&w=225
309487463,L'oreal Paris Magic Retouch Dark Brown 8Ml,https://www.tesco.com/groceries/en-GB/shop/health-and-beauty/all?department=Hair%20Colourants%20%26%20Dyes&viewAll=department&page=,£9.00,£112.50/100ml,£6.00 Clubcard Price,,/groceries/en-GB/products/309487463,https://digitalcontent.api.tesco.com/v2/media/ghs/45d571d1-f912-400a-ad64-3ea4e8a3b1a5/ae468dd2-8d54-4351-b386-a2925b78ec8f_1748719144.jpeg?h=225&w=225
311220811,Garnier Nutrisse 8.11 Ashy Blonde Permanent Hair Dye,https://www.tesco.com/groceries/en-GB/shop/health-and-beauty/all?department=Hair%20Colourants%20%26%20Dyes&viewAll=department&page=,£6.50,£6.50/each,Any 2 for £9.50 Clubcard Price - Selected Garnier Nutrisse Hair Colourants,,/groceries/en-GB/products/311220811,https://digitalcontent.api.tesco.com/v2/media/ghs/0c24a887-1f91-426d-b132-12853240d2c9/db5695be-c687-492e-99a5-f0be7107170b_1057190387.jpeg?h=225&w=225
309483191,Jerome Russell Bblonde No.2 Max Highlighting Kit,https://www.tesco.com/groceries/en-GB/shop/health-and-beauty/all?department=Hair%20Colourants%20%26%20Dyes&viewAll=department&page=,£6.00,£6.00/each,,,/groceries/en-GB/products/309483191,https://digitalcontent.api.tesco.com/v2/media/ghs/fcb094d5-621d-4615-a5c7-214547cdc427/6b1c9108-53f4-41fa-971d-8ab2200d684a_1536859202.jpeg?h=225&w=225
261583324,Jerome Russell B Blonde Maximum Blonding Kit,https://www.tesco.com/groceries/en-GB/shop/health-and-beauty/all?department=Hair%20Colourants%20%26%20Dyes&viewAll=department&page=,£6.00,£6.00/each,,,/groceries/en-GB/products/261583324,https://digitalcontent.api.tesco.com/v2/media/ghs/41f848f6-b375-4f91-bfc8-22accc5ead1e/2f6c7823-fd99-4d21-813d-390e819a4301_73002347.jpeg?h=225&w=225
309482939,Schwarzkopf Oleo Beige Blonde 8-05 Permanent Hair Dye,https://www.tesco.com/groceries/en-GB/shop/health-and-beauty/all?department=Hair%20Colourants%20%26%20Dyes&viewAll=department&page=,£4.00,£4.00/each,,,/groceries/en-GB/products/309482939,https://digitalcontent.api.tesco.com/v2/media/ghs/adafe20a-ec73-4c29-b51d-1d16e424c3f8/1ed00817-07d9-4ab5-bed4-f442c17c2bbd_1335006522.jpeg?h=225&w=225
309495695,Garnier Nutrisse Permanent Hair Dye 5.21 Intense Lilac,https://www.tesco.com/groceries/en-GB/shop/health-and-beauty/all?department=Hair%20Colourants%20%26%20Dyes&viewAll=department&page=,£6.50,£6.50/each,Any 2 for £9.50 Clubcard Price - Selected Garnier Nutrisse Hair Colourants,,/groceries/en-GB/products/309495695,https://digitalcontent.api.tesco.com/v2/media/ghs/2b695112-b5aa-4150-8069-fe1a63173c5f/a2b5dc4b-2270-4fde-8054-a7fa8c6ca943_307938106.jpeg?h=225&w=225
273026650,L'oreal Paris Elvive Extraordinary Oil Colour 100Ml,https://www.tesco.com/groceries/en-GB/shop/health-and-beauty/all?department=Hair%20Colourants%20%26%20Dyes&viewAll=department&page=,£10.00,£10.00/100ml,£6.50 Clubcard Price,,/groceries/en-GB/products/273026650,https://digitalcontent.api.tesco.com/v2/media/ghs/110cb341-c7ed-459a-9881-62a84b579c18/cbf66734-5c3d-44b3-b959-b7b60304b49b_2037389283.jpeg?h=225&w=225
309197610,Schwarzkopf Natural Nourishing Light Brown 560 Permanent Hair Colour,https://www.tesco.com/groceries/en-GB/shop/health-and-beauty/all?department=Hair%20Colourants%20%26%20Dyes&viewAll=department&page=,£5.00,£5.00/each,,,/groceries/en-GB/products/309197610,https://digitalcontent.api.tesco.com/v2/media/ghs/4b5245ac-1218-4dc2-bbbd-3745cb4fa783/5c864a31-e78f-48bb-8212-c0b67297495c_2078889675.jpeg?h=225&w=225
309481170,Schwarzkopf Natural & Nourishing Dark Brown 570 Permanent Hair Colour,https://www.tesco.com/groceries/en-GB/shop/health-and-beauty/all?department=Hair%20Colourants%20%26%20Dyes&viewAll=department&page=,£5.00,£5.00/each,,,/groceries/en-GB/products/309481170,https://digitalcontent.api.tesco.com/v2/media/ghs/60a9ce38-2a37-4cf4-8a57-bb88367cccb8/6cea5bd8-ffa4-4646-9f89-7725bfd21aef_275800516.jpeg?h=225&w=225
309458291,Schwarzkopf Natural Nourishing Dark Gold Brown 565 Permanent Hair Colour,https://www.tesco.com/groceries/en-GB/shop/health-and-beauty/all?department=Hair%20Colourants%20%26%20Dyes&viewAll=department&page=,£5.00,£5.00/each,,,/groceries/en-GB/products/309458291,https://digitalcontent.api.tesco.com/v2/media/ghs/681c6674-bbc0-4ae0-9565-cda21fc8c6cb/51a21859-f82d-4443-a967-0ffe45ea932e_1619293892.jpeg?h=225&w=225
258209756,Nice'n Easy No Ammonia Dark Brown 79 Hair Dye,https://www.tesco.com/groceries/en-GB/shop/health-and-beauty/all?department=Hair%20Colourants%20%26%20Dyes&viewAll=department&page=,£5.00,£5.00/each,,,/groceries/en-GB/products/258209756,https://digitalcontent.api.tesco.com/v2/media/ghs/121d4176-85a7-448d-94f1-2c6caec26324/f58ca4af-83d3-42e2-8f9c-3ac4151c76bc_1633378323.jpeg?h=225&w=225
251693658,Nice'n Easy No Ammonia Ash Blonde 73 Hair Dye,https://www.tesco.com/groceries/en-GB/shop/health-and-beauty/all?department=Hair%20Colourants%20%26%20Dyes&viewAll=department&page=,£5.00,£5.00/each,,,/groceries/en-GB/products/251693658,https://digitalcontent.api.tesco.com/v2/media/ghs/2f42f9ff-6b0b-4118-80e9-5cc57ab24be7/941d20e7-0e69-4729-a720-b74c76b140ae_1417724079.jpeg?h=225&w=225
252842458,Nice'n Easy No Ammonia Light Ash Brown 75 Hair Dye,https://www.tesco.com/groceries/en-GB/shop/health-and-beauty/all?department=Hair%20Colourants%20%26%20Dyes&viewAll=department&page=,£5.00,£5.00/each,,,/groceries/en-GB/products/252842458,https://digitalcontent.api.tesco.com/v2/media/ghs/7bdc856a-b3ee-4d4a-8b8d-9d238ea90c06/65fee336-321c-44b1-8637-0e9b9b4703b1_198804672.jpeg?h=225&w=225
258209670,Nice'n Easy No Ammonia Medium Brown 765 Hair Dye,https://www.tesco.com/groceries/en-GB/shop/health-and-beauty/all?department=Hair%20Colourants%20%26%20Dyes&viewAll=department&page=,£5.00,£5.00/each,,,/groceries/en-GB/products/258209670,https://digitalcontent.api.tesco.com/v2/media/ghs/433ea8bc-b5b0-4553-b079-c3a2c7dd8bb9/18f03f1f-fd9e-4553-9b9c-c1bcebe01e4d_1682219988.jpeg?h=225&w=225
309787217,Pro Voke Root Perfector Blonde Spray 150Ml,https://www.tesco.com/groceries/en-GB/shop/health-and-beauty/all?department=Hair%20Colourants%20%26%20Dyes&viewAll=department&page=,£4.20,£2.80/100ml,,,/groceries/en-GB/products/309787217,https://digitalcontent.api.tesco.com/v2/media/ghs/88e007a5-a16f-4d51-a2b1-32caeb050df9/b998b14e-cd08-484d-a515-b2798b7f6159_933154928.jpeg?h=225&w=225
309208403,Pro Voke Root Perfector Light Brown Spray 150Ml,https://www.tesco.com/groceries/en-GB/shop/health-and-beauty/all?department=Hair%20Colourants%20%26%20Dyes&viewAll=department&page=,£4.20,£2.80/100ml,,,/groceries/en-GB/products/309208403,https://digitalcontent.api.tesco.com/v2/media/ghs/30286bc4-b28c-423d-af73-77a83ae3b768/280e1e6c-0884-404d-8959-c88fec523d76_567013067.jpeg?h=225&w=225
309164033,Pro Voke Root Perfector Dark Brown Spray 150Ml,https://www.tesco.com/groceries/en-GB/shop/health-and-beauty/all?department=Hair%20Colourants%20%26%20Dyes&viewAll=department&page=,£4.20,£2.80/100ml,,,/groceries/en-GB/products/309164033,https://digitalcontent.api.tesco.com/v2/media/ghs/5814d504-51be-4e5d-ab22-af7a5fa06da6/d4575ca4-2cc2-4dfe-b33d-55700f7e7eb1_911821.jpeg?h=225&w=225
309472060,Schwarzkopf Oleo Light Brown 5-10 Permanent Hair Dye,https://www.tesco.com/groceries/en-GB/shop/health-and-beauty/all?department=Hair%20Colourants%20%26%20Dyes&viewAll=department&page=,£4.00,£4.00/each,,,/groceries/en-GB/products/309472060,https://digitalcontent.api.tesco.com/v2/media/ghs/4502e0bb-a1c8-4178-b256-3447252553e1/732831cd-2b7c-4471-8956-80dfa4ab32fb_448281904.jpeg?h=225&w=225
305946733,Knight & Wilson Pureplex Hair Repair System,https://www.tesco.com/groceries/en-GB/shop/health-and-beauty/all?department=Hair%20Colourants%20%26%20Dyes&viewAll=department&page=,£13.00,£13.00/each,,,/groceries/en-GB/products/305946733,https://digitalcontent.api.tesco.com/v2/media/ghs/14f5e8b2-6580-45f1-9570-0aab87a8aa40/ba779dea-d20c-4a1f-a2cb-82ac82a6b986_556868653.jpeg?h=225&w=225
309496193,Jerome Russell Bblonde Ice White Toner Kit,https://www.tesco.com/groceries/en-GB/shop/health-and-beauty/all?department=Hair%20Colourants%20%26%20Dyes&viewAll=department&page=,£8.00,£8.00/each,,,/groceries/en-GB/products/309496193,https://digitalcontent.api.tesco.com/v2/media/ghs/0545a0ee-f041-4f71-80b0-9aae5bb253f7/07067fac-6dfc-4684-8187-f4008e526002_1972598352.jpeg?h=225&w=225
309465938,Jerome Russell Bblonde Silver Grey Toner Kit,https://www.tesco.com/groceries/en-GB/shop/health-and-beauty/all?department=Hair%20Colourants%20%26%20Dyes&viewAll=department&page=,£8.00,£8.00/each,,,/groceries/en-GB/products/309465938,https://digitalcontent.api.tesco.com/v2/media/ghs/c699e6d5-f184-4a23-9274-6b22d0b7b7c5/89564229-6d7b-4f1d-b409-29e25ef10d0b_1560865641.jpeg?h=225&w=225
278045008,Schwarzkopf Live Color Ultra Bright Shocking Pink,https://www.tesco.com/groceries/en-GB/shop/health-and-beauty/all?department=Hair%20Colourants%20%26%20Dyes&viewAll=department&page=,£6.50,£6.50/each,,,/groceries/en-GB/products/278045008,https://digitalcontent.api.tesco.com/v2/media/ghs/6adaaaf0-7f4a-4850-beaa-10b18a2fa0e2/26690dbb-2f15-4709-bd66-ca39fcd95d50_1326154316.jpeg?h=225&w=225
299597929,Live Colour Urban Metallics Blue Mercury,https://www.tesco.com/groceries/en-GB/shop/health-and-beauty/all?department=Hair%20Colourants%20%26%20Dyes&viewAll=department&page=,£6.50,£6.50/each,,,/groceries/en-GB/products/299597929,https://digitalcontent.api.tesco.com/v2/media/ghs/70b02b18-b351-49e7-b011-a47e126989d9/6cf2d12e-4b4b-4ce9-be28-930608f6d0f2_213929718.jpeg?h=225&w=225
309760767,Bleach London Plex Bleach Kit,https://www.tesco.com/groceries/en-GB/shop/health-and-beauty/all?department=Hair%20Colourants%20%26%20Dyes&viewAll=department&page=,£11.00,£11.00/each,,,/groceries/en-GB/products/309760767,https://digitalcontent.api.tesco.com/v2/media/ghs/0526ec7c-ba02-4ed3-8cf6-9ab9833da2e8/fe600733-829d-4594-a7a4-78c7e71763a3_1456137894.jpeg?h=225&w=225
264650148,Schwarzkopf Live Intensive Color 880 Tempting Chocolate Hair Dye,https://www.tesco.com/groceries/en-GB/shop/health-and-beauty/all?department=Hair%20Colourants%20%26%20Dyes&viewAll=department&page=,£6.50,£6.50/each,,,/groceries/en-GB/products/264650148,https://digitalcontent.api.tesco.com/v2/media/ghs/e87ce308-3659-4821-974f-9cf13b44a0ad/d2f0f0de-9b7d-49c3-afff-3e193559063c_777718000.jpeg?h=225&w=225
280304005,Schwarzkopf Live Intensive Color 088 Urban Brown Hair Dye,https://www.tesco.com/groceries/en-GB/shop/health-and-beauty/all?department=Hair%20Colourants%20%26%20Dyes&viewAll=department&page=,£6.50,£6.50/each,,,/groceries/en-GB/products/280304005,https://digitalcontent.api.tesco.com/v2/media/ghs/2366c28d-a1f6-4071-b002-b089a9af72af/b11979a1-d96b-4a04-a010-a679cc2e2b6f_897822548.jpeg?h=225&w=225
278045043,Schwarzkopf Live Ultra Brights 094 Purple Punk Hair Dye,https://www.tesco.com/groceries/en-GB/shop/health-and-beauty/all?department=Hair%20Colourants%20%26%20Dyes&viewAll=department&page=,£6.50,£6.50/each,,,/groceries/en-GB/products/278045043,https://digitalcontent.api.tesco.com/v2/media/ghs/867f2d91-c857-4a18-81aa-9bff22765efd/00efda45-d759-45fb-9891-341d29d93c9b_1432676129.jpeg?h=225&w=225
257200681,L'oreal Paris Preference 3.66 Dark Red Ultra Violet,https://www.tesco.com/groceries/en-GB/shop/health-and-beauty/all?department=Hair%20Colourants%20%26%20Dyes&viewAll=department&page=,£10.00,£10.00/each,Any 2 for £14 Clubcard Price - Selected Loreal Preference Hair Colourants,,/groceries/en-GB/products/257200681,https://digitalcontent.api.tesco.com/v2/media/ghs/d9f7d72a-4be1-4ef8-862a-5d9dfc5b99f0/4feb6690-74ee-4e94-8ea2-d1203d558fdc_1819947321.jpeg?h=225&w=225
311804524,Hair Boss Tinted Conditioning Foam Pink 200Ml,https://www.tesco.com/groceries/en-GB/shop/health-and-beauty/all?department=Hair%20Colourants%20%26%20Dyes&viewAll=department&page=,£10.00,£5.00/100ml,,,/groceries/en-GB/products/311804524,https://digitalcontent.api.tesco.com/v2/media/ghs/ac9b3978-2d8a-4b0e-bcc9-9c1c3d9db608/d149a46a-3c07-4d30-97d4-144ad67b27ac_681018008.jpeg?h=225&w=225
255317523,Wella Hair Streaking Kit Natural Light Blonde Highlights Hair Dye,https://www.tesco.com/groceries/en-GB/shop/health-and-beauty/all?department=Hair%20Colourants%20%26%20Dyes&viewAll=department&page=,£6.95,£6.95/each,,,/groceries/en-GB/products/255317523,https://digitalcontent.api.tesco.com/v2/media/ghs/772dfaf8-9413-4c9f-9331-6043e246b8ec/298cd126-8f0d-4f20-9dff-e99031da0db8_1578807381.jpeg?h=225&w=225
311684244,Clairol Colour Toning Gloss Warm Caramel Brownie 130Ml,https://www.tesco.com/groceries/en-GB/shop/health-and-beauty/all?department=Hair%20Colourants%20%26%20Dyes&viewAll=department&page=,£8.99,£6.92/100ml,,,/groceries/en-GB/products/311684244,https://digitalcontent.api.tesco.com/v2/media/ghs/e4755572-3eb8-4aa9-a6bc-257543274224/3c64b758-5ef1-4330-8737-1df83416de0b_2124910202.jpeg?h=225&w=225
261583399,Jerome Russell B Blonde Highlighting Kit,https://www.tesco.com/groceries/en-GB/shop/health-and-beauty/all?department=Hair%20Colourants%20%26%20Dyes&viewAll=department&page=,£6.00,£6.00/each,,,/groceries/en-GB/products/261583399,https://digitalcontent.api.tesco.com/v2/media/ghs/920eb9be-d4a0-4480-8a3b-db88bcfd3663/08cbb210-22b8-4a55-83e6-89a1ed873728_492891038.jpeg?h=225&w=225
302284839,Maui Moisture Colour Protection Plus Sea/Min Conditioner 385Ml,https://www.tesco.com/groceries/en-GB/shop/health-and-beauty/all?department=Hair%20Colourants%20%26%20Dyes&viewAll=department&page=,£8.50,£2.21/100ml,,,/groceries/en-GB/products/302284839,https://digitalcontent.api.tesco.com/v2/media/ghs/0801fe57-93c8-4bad-a8bb-359e378713da/ca3c9054-cf65-4cfa-bd2d-f3a1841e262a_1168611987.jpeg?h=225&w=225
305982849,Knight & Wilson Pureplex Bond Conditioner 200Ml,https://www.tesco.com/groceries/en-GB/shop/health-and-beauty/all?department=Hair%20Colourants%20%26%20Dyes&viewAll=department&page=,£8.00,£4.00/100ml,,,/groceries/en-GB/products/305982849,https://digitalcontent.api.tesco.com/v2/media/ghs/f616c4c8-ec7e-4621-a57b-ca160a17ab15/86752f17-225f-411e-99d2-5e02c8e0b784_325514277.jpeg?h=225&w=225
305042662,Schwarzkopf Ultra Brigt Pretty Pastels Rose Gold Hair Dye,https://www.tesco.com/groceries/en-GB/shop/health-and-beauty/all?department=Hair%20Colourants%20%26%20Dyes&viewAll=department&page=,£6.50,£6.50/each,,,/groceries/en-GB/products/305042662,https://digitalcontent.api.tesco.com/v2/media/ghs/95621101-6d81-4145-a538-94ae49a333a1/fd7a34c5-93fe-4e18-9d03-b481c107bd58_1122643897.jpeg?h=225&w=225
297745758,Live Colour Urban Metallics Silver 142G,https://www.tesco.com/groceries/en-GB/shop/health-and-beauty/all?department=Hair%20Colourants%20%26%20Dyes&viewAll=department&page=,£6.50,£6.50/each,,,/groceries/en-GB/products/297745758,https://digitalcontent.api.tesco.com/v2/media/ghs/4f608f8f-8ee3-4bcd-b09e-6f4223e66280/f62b2015-e234-4b69-8cf5-00c4f544311d_342233652.jpeg?h=225&w=225
309772690,Bleach London Champagne Super Toner Kit,https://www.tesco.com/groceries/en-GB/shop/health-and-beauty/all?department=Hair%20Colourants%20%26%20Dyes&viewAll=department&page=,£8.00,£8.00/each,,,/groceries/en-GB/products/309772690,https://digitalcontent.api.tesco.com/v2/media/ghs/abd07254-95c2-4fa9-a449-33376cc299a4/e3c0c0ff-8fde-4a8c-9824-1f03b7f8738c_1078962400.jpeg?h=225&w=225
309774054,Bleach London White Toner Kit,https://www.tesco.com/groceries/en-GB/shop/health-and-beauty/all?department=Hair%20Colourants%20%26%20Dyes&viewAll=department&page=,£8.00,£8.00/each,,,/groceries/en-GB/products/309774054,https://digitalcontent.api.tesco.com/v2/media/ghs/1be13944-ad18-45b2-aa9e-70f0e93deb0b/9119ffbe-3107-4914-910b-19cb1cb5640e_1779761269.jpeg?h=225&w=225
309473773,Schwarzkopf Root Retouch Spray Brown 120Ml,https://www.tesco.com/groceries/en-GB/shop/health-and-beauty/all?department=Hair%20Colourants%20%26%20Dyes&viewAll=department&page=,£7.00,£5.84/100ml,,,/groceries/en-GB/products/309473773,https://digitalcontent.api.tesco.com/v2/media/ghs/bc0f3e44-38ec-40e6-8659-56e8894c3d77/75d4f862-815e-47c7-8b01-31d3aedebe2a_868746813.jpeg?h=225&w=225
309481728,Schwarzkopf Root Retouch Spray Dark Brown 120Ml,https://www.tesco.com/groceries/en-GB/shop/health-and-beauty/all?department=Hair%20Colourants%20%26%20Dyes&viewAll=department&page=,£7.00,£5.84/100ml,,,/groceries/en-GB/products/309481728,https://digitalcontent.api.tesco.com/v2/media/ghs/93e078c7-bc46-46b0-baa0-20290d7bd3b4/ed48348f-84b0-4f40-b67a-859a8a47b9fd_1137721843.jpeg?h=225&w=225
309482877,Schwarzkopf Root Retouch Spray Dark Blonde 120Ml,https://www.tesco.com/groceries/en-GB/shop/health-and-beauty/all?department=Hair%20Colourants%20%26%20Dyes&viewAll=department&page=,£7.00,£5.84/100ml,,,/groceries/en-GB/products/309482877,https://digitalcontent.api.tesco.com/v2/media/ghs/e1243765-5459-4888-8e3f-98d716576fc0/f4e858aa-bc06-4b77-85a7-b0e67a43b98c_1699965958.jpeg?h=225&w=225
309468866,Schwarzkopf Live Intense Spicy Blonde B09 Permanent Hair Dye,https://www.tesco.com/groceries/en-GB/shop/health-and-beauty/all?department=Hair%20Colourants%20%26%20Dyes&viewAll=department&page=,£6.50,£6.50/each,,,/groceries/en-GB/products/309468866,https://digitalcontent.api.tesco.com/v2/media/ghs/db3e372a-f7d3-4f23-9137-9b95dbbf3967/9150227f-6b63-4563-8a8e-56c2f0ba1652_990388136.jpeg?h=225&w=225
309464824,Schwarzkopf Live Intense Cool Blonde B10 Permanent Hair Dye,https://www.tesco.com/groceries/en-GB/shop/health-and-beauty/all?department=Hair%20Colourants%20%26%20Dyes&viewAll=department&page=,£6.50,£6.50/each,,,/groceries/en-GB/products/309464824,https://digitalcontent.api.tesco.com/v2/media/ghs/414d749a-ab13-45f8-ab0f-a04d4c6d8698/adfde8b6-7025-4a82-9c31-befd07035bcf_595729734.jpeg?h=225&w=225
309462498,Schwarzkopf Live Intensive Color Beach Blonde B12 Hair Dye,https://www.tesco.com/groceries/en-GB/shop/health-and-beauty/all?department=Hair%20Colourants%20%26%20Dyes&viewAll=department&page=,£6.50,£6.50/each,,,/groceries/en-GB/products/309462498,https://digitalcontent.api.tesco.com/v2/media/ghs/8e277f3b-05b9-4152-ad76-af7c10705b4b/371e8578-ae95-4f19-92a2-522f933acf3c_1864070523.jpeg?h=225&w=225
294497192,Henna Hair Colour Natural-Brown,https://www.tesco.com/groceries/en-GB/shop/health-and-beauty/all?department=Hair%20Colourants%20%26%20Dyes&viewAll=department&page=,£5.00,£8.34/100g,,,/groceries/en-GB/products/294497192,https://digitalcontent.api.tesco.com/v2/media/ghs/906a9e62-9245-49c4-96e3-4da6096f46c5/ee5d7244-2328-4dc4-b790-89c8b3ef83da_1234890989.jpeg?h=225&w=225
276824674,Jerome Russell B Blonde High Lift Powder Bleach,https://www.tesco.com/groceries/en-GB/shop/health-and-beauty/all?department=Hair%20Colourants%20%26%20Dyes&viewAll=department&page=,£4.00,£4.00/each,,,/groceries/en-GB/products/276824674,https://digitalcontent.api.tesco.com/v2/media/ghs/97951b14-eb3f-4a09-b31a-c2a352b7d0fb/3ea1c09c-4db3-4592-b6df-7718d18cae07_738774606.jpeg?h=225&w=225
294497170,Henna Hair Colour Natural-Black,https://www.tesco.com/groceries/en-GB/shop/health-and-beauty/all?department=Hair%20Colourants%20%26%20Dyes&viewAll=department&page=,£5.00,£8.34/100g,,,/groceries/en-GB/products/294497170,https://digitalcontent.api.tesco.com/v2/media/ghs/3f333780-8dbc-423a-8ae9-6d8327470e4f/16eb42ce-19a6-40b0-a736-b172b76904d0_1264997521.jpeg?h=225&w=225
294497210,Henna Hair Colour Dark-Brown,https://www.tesco.com/groceries/en-GB/shop/health-and-beauty/all?department=Hair%20Colourants%20%26%20Dyes&viewAll=department&page=,£5.00,£8.34/100g,,,/groceries/en-GB/products/294497210,https://digitalcontent.api.tesco.com/v2/media/ghs/a7f542f6-660f-47ee-958c-1194cc7efbc0/42d04999-d9b5-43e0-9fdb-25253c5984a2_1519238515.jpeg?h=225&w=225
309200043,Schwarzkopf Natural Nourishing Light Blonde 530 Permanent Hair Colour,https://www.tesco.com/groceries/en-GB/shop/health-and-beauty/all?department=Hair%20Colourants%20%26%20Dyes&viewAll=department&page=,£5.00,£5.00/each,,,/groceries/en-GB/products/309200043,https://digitalcontent.api.tesco.com/v2/media/ghs/6c4a1098-7808-4db7-b773-7644aedd028c/eec37696-0cd5-4b25-b2ee-b0219cc2c9c7_23626052.jpeg?h=225&w=225
309456517,Schwarzkopf Natural Nourishing Darkest Brown 580 Permanent Hair Colour,https://www.tesco.com/groceries/en-GB/shop/health-and-beauty/all?department=Hair%20Colourants%20%26%20Dyes&viewAll=department&page=,£5.00,£5.00/each,,,/groceries/en-GB/products/309456517,https://digitalcontent.api.tesco.com/v2/media/ghs/9b2072c4-6d2b-493d-a53a-75396c149ccb/5edb8fb1-2f6e-44e3-bab3-4b5149642887_1375688573.jpeg?h=225&w=225
258209785,Nice'n Easy No Ammonia Black 83 Hair Dye,https://www.tesco.com/groceries/en-GB/shop/health-and-beauty/all?department=Hair%20Colourants%20%26%20Dyes&viewAll=department&page=,£5.00,£5.00/each,,,/groceries/en-GB/products/258209785,https://digitalcontent.api.tesco.com/v2/media/ghs/3412fda9-db91-4247-8802-ef0564fd5918/a55f6ec2-599e-4d33-a076-33837f010cfb_221940083.jpeg?h=225&w=225
258209629,Nice'n Easy No Ammonia Medium Golden Brown 78 Hair Dye,https://www.tesco.com/groceries/en-GB/shop/health-and-beauty/all?department=Hair%20Colourants%20%26%20Dyes&viewAll=department&page=,£5.00,£5.00/each,,,/groceries/en-GB/products/258209629,https://digitalcontent.api.tesco.com/v2/media/ghs/b00089b8-1a16-476f-b967-77ff6bbfec8f/89835158-0f6d-4e78-8381-7d328d43219a_56348949.jpeg?h=225&w=225
263691636,Nice'n Easy No Ammonia Dark Blonde 91 Hair Dye,https://www.tesco.com/groceries/en-GB/shop/health-and-beauty/all?department=Hair%20Colourants%20%26%20Dyes&viewAll=department&page=,£5.00,£5.00/each,,,/groceries/en-GB/products/263691636,https://digitalcontent.api.tesco.com/v2/media/ghs/58b9a38b-ef72-4431-9e86-c9be7ec9382c/fa150d3c-995e-48a7-a9da-7fe4eae21473_2105912444.jpeg?h=225&w=225
258209595,Nice'n Easy No Ammonia Light Brown 755 Hair Dye,https://www.tesco.com/groceries/en-GB/shop/health-and-beauty/all?department=Hair%20Colourants%20%26%20Dyes&viewAll=department&page=,£5.00,£5.00/each,,,/groceries/en-GB/products/258209595,https://digitalcontent.api.tesco.com/v2/media/ghs/8dbb2a76-ad69-422b-9c17-f479f794a29a/54b4a8f6-e938-46de-b738-8c0683031c50_1763526646.jpeg?h=225&w=225
309188834,Jerome Russell Bblonde Atomic Blonde Toner 75Ml,https://www.tesco.com/groceries/en-GB/shop/health-and-beauty/all?department=Hair%20Colourants%20%26%20Dyes&viewAll=department&page=,£4.50,£6.00/100ml,,,/groceries/en-GB/products/309188834,https://digitalcontent.api.tesco.com/v2/media/ghs/26a4bf8d-7b1e-41e9-acda-ba165af52314/66d3dab1-363b-4e22-a343-39464da59c18_1215830281.jpeg?h=225&w=225
311278307,Schwarzkopf Oleo Intense Permanent Oil Hair Dye Black Brown 2-10,https://www.tesco.com/groceries/en-GB/shop/health-and-beauty/all?department=Hair%20Colourants%20%26%20Dyes&viewAll=department&page=,£4.00,£4.00/each,,New,/groceries/en-GB/products/311278307,https://digitalcontent.api.tesco.com/v2/media/ghs-mktg/b0b04216-fa73-466d-a9d7-c9fcfa1ce9b3/no-image.jpeg
311792337,Clairol Colour Toning Gloss Terra Copper 130Ml,https://www.tesco.com/groceries/en-GB/shop/health-and-beauty/all?department=Hair%20Colourants%20%26%20Dyes&viewAll=department&page=,£8.99,£6.92/100ml,,,/groceries/en-GB/products/311792337,https://digitalcontent.api.tesco.com/v2/media/ghs/e2a425f8-095e-4166-bbba-bd5a9fb5eb23/8d551e9c-2072-49eb-bcfa-a9dd21a0c9dd_513934598.jpeg?h=225&w=225
311681647,Clairol Colour Toning Gloss Hot Espresso 130Ml,https://www.tesco.com/groceries/en-GB/shop/health-and-beauty/all?department=Hair%20Colourants%20%26%20Dyes&viewAll=department&page=,£8.99,£6.92/100ml,,,/groceries/en-GB/products/311681647,https://digitalcontent.api.tesco.com/v2/media/ghs/dbcbe259-6e82-4d25-bbd8-204579bb97c9/a2587991-7390-45d9-ae62-bd9486fcb2d1_840461570.jpeg?h=225&w=225
312360263,Baylis & Harding Goodness Rose & Geranium Hand Wash 500Ml,https://www.tesco.com/groceries/en-GB/shop/health-and-beauty/all?department=Shower%2C%20Bath%20%26%20Hand%20Hygiene&viewAll=department&page=,£4.00,£0.80/100ml,,New,/groceries/en-GB/products/312360263,https://digitalcontent.api.tesco.com/v2/media/ghs/811ef111-d1cb-4d52-96c6-cf1c9d78bae0/a599b214-6228-4fdc-8708-92ad1709bd14_1631590619.jpeg?h=225&w=225
311427331,Sanex Biomeprotect Moisturising Shower Gel Refill 1000Ml,https://www.tesco.com/groceries/en-GB/shop/health-and-beauty/all?department=Shower%2C%20Bath%20%26%20Hand%20Hygiene&viewAll=department&page=,£3.50,£0.35/100ml,,New,/groceries/en-GB/products/311427331,https://digitalcontent.api.tesco.com/v2/media/ghs/7512df78-fa55-42bf-a4f4-0177e5fe5336/9db3e24a-0393-4293-b711-19a07827fa51_54564973.jpeg?h=225&w=225
291333322,Carex Handwash Original Refill 1 Litre,https://www.tesco.com/groceries/en-GB/shop/health-and-beauty/all?department=Shower%2C%20Bath%20%26%20Hand%20Hygiene&viewAll=department&page=,£3.30,£0.33/100ml,,,/groceries/en-GB/products/291333322,https://digitalcontent.api.tesco.com/v2/media/ghs/1a2d7478-46e9-4ab2-abfc-d5967e1a80cc/ce0758b3-b68b-4f5a-b463-28a9563347a6_273195468.jpeg?h=225&w=225
307356299,Baylis & Harding Pink Blossom & Lotus Flower Hand Wash 500Ml,https://www.tesco.com/groceries/en-GB/shop/health-and-beauty/all?department=Shower%2C%20Bath%20%26%20Hand%20Hygiene&viewAll=department&page=,£3.00,£0.60/100ml,£1.75 Clubcard Price,,/groceries/en-GB/products/307356299,https://digitalcontent.api.tesco.com/v2/media/ghs/9b4f5b9f-a68f-4315-bd69-aabdc065b549/125e10ce-4c23-4eb4-9e99-1af188c266ec_1450467795.jpeg?h=225&w=225
304784021,Baylis & Harding White Tea & Neroli Hand Wash 500Ml,https://www.tesco.com/groceries/en-GB/shop/health-and-beauty/all?department=Shower%2C%20Bath%20%26%20Hand%20Hygiene&viewAll=department&page=,£3.00,£0.60/100ml,£1.75 Clubcard Price,,/groceries/en-GB/products/304784021,https://digitalcontent.api.tesco.com/v2/media/ghs/f6b14f2c-6032-46bc-92e8-cee222d553b2/5fa56969-8d8a-4855-b38c-e9e509fa7504_355842871.jpeg?h=225&w=225
297446899,Carex Moisture Handwash Refill 500Ml,https://www.tesco.com/groceries/en-GB/shop/health-and-beauty/all?department=Shower%2C%20Bath%20%26%20Hand%20Hygiene&viewAll=department&page=,£1.90,£0.38/100ml,,,/groceries/en-GB/products/297446899,https://digitalcontent.api.tesco.com/v2/media/ghs/9030807b-0121-46e5-b1ef-f27b0cc47fa1/0069bc1b-44d2-4cf3-9901-1a95b3b85ae6_1430244714.jpeg?h=225&w=225
310845085,Dove Original Cream Beauty Bar Soap 6X90g,https://www.tesco.com/groceries/en-GB/shop/health-and-beauty/all?department=Shower%2C%20Bath%20%26%20Hand%20Hygiene&viewAll=department&page=,£3.50,£0.65/100g,,,/groceries/en-GB/products/310845085,https://digitalcontent.api.tesco.com/v2/media/ghs/eaa8136f-9b85-4abc-99eb-83458a6ffc5c/36328dc7-06a5-48ae-a558-dbd112f94a77_1109739675.jpeg?h=225&w=225
304377866,Dove Deeply Nourishing Body Wash 450Ml,https://www.tesco.com/groceries/en-GB/shop/health-and-beauty/all?department=Shower%2C%20Bath%20%26%20Hand%20Hygiene&viewAll=department&page=,£2.00,£0.44/100ml,,,/groceries/en-GB/products/304377866,https://digitalcontent.api.tesco.com/v2/media/ghs/18738c13-46fa-4af0-8e91-4852338a03bc/1e7abded-2a77-47f5-8c4f-f5e2eadf1b31_922912052.jpeg?h=225&w=225
304385804,Dove Shea Butter & Vanilla Body Wash 450Ml,https://www.tesco.com/groceries/en-GB/shop/health-and-beauty/all?department=Shower%2C%20Bath%20%26%20Hand%20Hygiene&viewAll=department&page=,£2.00,£0.44/100ml,,,/groceries/en-GB/products/304385804,https://digitalcontent.api.tesco.com/v2/media/ghs/a2a09c12-e01e-4971-82bd-b84a5e3e3559/96f268a1-e9a7-4efc-ae25-02c782c16bd6_99148880.jpeg?h=225&w=225
252736481,Simple Kind To Skin Moisturising Handwash 250Ml,https://www.tesco.com/groceries/en-GB/shop/health-and-beauty/all?department=Shower%2C%20Bath%20%26%20Hand%20Hygiene&viewAll=department&page=,£1.00,£0.40/100ml,,,/groceries/en-GB/products/252736481,https://digitalcontent.api.tesco.com/v2/media/ghs/9f11f322-6b36-42a0-9b5e-593820193405/ae7f15c1-dc92-4a09-914b-3904f3c244e9_1717123034.jpeg?h=225&w=225
288836716,Simple Kind To Skin Refreshing Shower Gel 500Ml,https://www.tesco.com/groceries/en-GB/shop/health-and-beauty/all?department=Shower%2C%20Bath%20%26%20Hand%20Hygiene&viewAll=department&page=,£1.49,£0.30/100ml,,,/groceries/en-GB/products/288836716,https://digitalcontent.api.tesco.com/v2/media/ghs/012b9129-b514-48d8-a1ef-f766876abc1d/26e965cf-7472-4625-8bf9-7e3b3ab98b25_2125055552.jpeg?h=225&w=225
268544061,Original Source Vanilla &R/Berry Shower Gel 250Ml,https://www.tesco.com/groceries/en-GB/shop/health-and-beauty/all?department=Shower%2C%20Bath%20%26%20Hand%20Hygiene&viewAll=department&page=,£1.50,£0.60/100ml,,,/groceries/en-GB/products/268544061,https://digitalcontent.api.tesco.com/v2/media/ghs/5df50d77-8958-4b97-974c-c43c92b090ab/eb7e679d-0772-4b32-81e2-19fb8f364b33_1075464987.jpeg?h=225&w=225
300953467,Tesco Extracts Coconut Shower Gel 500Ml,https://www.tesco.com/groceries/en-GB/shop/health-and-beauty/all?department=Shower%2C%20Bath%20%26%20Hand%20Hygiene&viewAll=department&page=,£1.00,£0.20/100ml,,,/groceries/en-GB/products/300953467,https://digitalcontent.api.tesco.com/v2/media/ghs/1443f02a-cba9-47c2-a286-429ea60c8c35/6d4895cb-573e-48af-9fd1-abb42042f1e8_1039131624.jpeg?h=225&w=225
257205923,Carex Handwash Sensitive 250Ml,https://www.tesco.com/groceries/en-GB/shop/health-and-beauty/all?department=Shower%2C%20Bath%20%26%20Hand%20Hygiene&viewAll=department&page=,£1.20,£0.48/100ml,,,/groceries/en-GB/products/257205923,https://digitalcontent.api.tesco.com/v2/media/ghs/0e5f68a6-249b-4b0a-baf8-b6a8e4ae6ab4/88bf1899-989c-4b8e-b9fa-e048eb4daec6_1664932332.jpeg?h=225&w=225
261609096,Carex Handwash Moisture Plus 250Ml,https://www.tesco.com/groceries/en-GB/shop/health-and-beauty/all?department=Shower%2C%20Bath%20%26%20Hand%20Hygiene&viewAll=department&page=,£1.20,£0.48/100ml,,,/groceries/en-GB/products/261609096,https://digitalcontent.api.tesco.com/v2/media/ghs/5b875de6-3581-4e03-9caa-5389df7a70bb/618483f0-c0f4-47ff-a210-2d04619c8750_936822324.jpeg?h=225&w=225
305732767,Tesco Luxury Soft Coconut Oil 40 Flushable Wipes,https://www.tesco.com/groceries/en-GB/shop/health-and-beauty/all?department=Shower%2C%20Bath%20%26%20Hand%20Hygiene&viewAll=department&page=,£0.65,£1.63/100sht,,,/groceries/en-GB/products/305732767,https://digitalcontent.api.tesco.com/v2/media/ghs/4edf7717-40c5-4c7b-8144-0c4275d56003/a427ae77-7cef-4b8d-9489-5f96729428a2_1897935188.jpeg?h=225&w=225
305730061,Tesco Luxury Soft Spring Fresh 40 Flushable Wipes,https://www.tesco.com/groceries/en-GB/shop/health-and-beauty/all?department=Shower%2C%20Bath%20%26%20Hand%20Hygiene&viewAll=department&page=,£0.65,£1.63/100sht,,,/groceries/en-GB/products/305730061,https://digitalcontent.api.tesco.com/v2/media/ghs/e7aaa9ec-97eb-49ef-9d13-6298e66ad741/bba86dfc-f23b-45f2-b7ce-d1652175f028_696154144.jpeg?h=225&w=225
258509257,Simple Kind To Skin Antibacterial Handwash 250Ml,https://www.tesco.com/groceries/en-GB/shop/health-and-beauty/all?department=Shower%2C%20Bath%20%26%20Hand%20Hygiene&viewAll=department&page=,£1.00,£0.40/100ml,,,/groceries/en-GB/products/258509257,https://digitalcontent.api.tesco.com/v2/media/ghs/ca1c046c-6ee6-4be7-bdd9-8adbfeaf364a/a793dbd1-586a-460c-a2be-c2c2b2d7adae_605887646.jpeg?h=225&w=225
258116232,Carex Handwash Original 250Ml,https://www.tesco.com/groceries/en-GB/shop/health-and-beauty/all?department=Shower%2C%20Bath%20%26%20Hand%20Hygiene&viewAll=department&page=,£1.20,£0.48/100ml,,,/groceries/en-GB/products/258116232,https://digitalcontent.api.tesco.com/v2/media/ghs/30ad736a-99e9-4f6c-b737-741cf385e85a/c2aa6467-9dad-4e96-8f8d-114496b6c008_1210989855.jpeg?h=225&w=225
305728871,Tesco Luxury Soft Sensitive 40 Flushable Wipes,https://www.tesco.com/groceries/en-GB/shop/health-and-beauty/all?department=Shower%2C%20Bath%20%26%20Hand%20Hygiene&viewAll=department&page=,£0.65,£1.63/100sht,,,/groceries/en-GB/products/305728871,https://digitalcontent.api.tesco.com/v2/media/ghs/ee9770cc-313c-4275-b1c3-dec4f7afbe13/2e184aac-6663-4b07-8211-fc76139d4def_996866615.jpeg?h=225&w=225
251729802,Carex Handwash Aloe Vera 250Ml,https://www.tesco.com/groceries/en-GB/shop/health-and-beauty/all?department=Shower%2C%20Bath%20%26%20Hand%20Hygiene&viewAll=department&page=,£1.20,£0.48/100ml,,,/groceries/en-GB/products/251729802,https://digitalcontent.api.tesco.com/v2/media/ghs/fb221646-99f4-4e8f-91e1-683f4f04ae59/a1196ab1-3112-4e94-a716-7cfc90b54a40_902917422.jpeg?h=225&w=225
311789077,Cussons Samphire & Lily Antibacterial Handwash 500Ml,https://www.tesco.com/groceries/en-GB/shop/health-and-beauty/all?department=Shower%2C%20Bath%20%26%20Hand%20Hygiene&viewAll=department&page=,£0.95,£0.19/100ml,,,/groceries/en-GB/products/311789077,https://digitalcontent.api.tesco.com/v2/media/ghs/23e4810d-2a9a-4fd1-be33-0c3631115faf/02c421c3-df74-44c6-81cf-009ffa56ca8b_940360151.jpeg?h=225&w=225
311790967,Cussons Creations Handwash Peony & Cherry Blossom 500Ml,https://www.tesco.com/groceries/en-GB/shop/health-and-beauty/all?department=Shower%2C%20Bath%20%26%20Hand%20Hygiene&viewAll=department&page=,£0.95,£0.19/100ml,,,/groceries/en-GB/products/311790967,https://digitalcontent.api.tesco.com/v2/media/ghs/8856ce4d-2b74-433b-8f42-239838177168/12198c1e-e7b2-4367-b5e8-937e0897b00b_2085706164.jpeg?h=225&w=225
300953784,Tesco Extracts Magnolia Antibacterial Hand Wash 500Ml,https://www.tesco.com/groceries/en-GB/shop/health-and-beauty/all?department=Shower%2C%20Bath%20%26%20Hand%20Hygiene&viewAll=department&page=,£0.90,£0.18/100ml,,,/groceries/en-GB/products/300953784,https://digitalcontent.api.tesco.com/v2/media/ghs/afbf0e41-95e0-4054-8c9f-56bce891b6cd/10589dc8-d205-4415-95a9-3203f29a5703_757049928.jpeg?h=225&w=225
311779858,Cussons Creations Vanilla & Shea Butter Hand Wash 500Ml,https://www.tesco.com/groceries/en-GB/shop/health-and-beauty/all?department=Shower%2C%20Bath%20%26%20Hand%20Hygiene&viewAll=department&page=,£0.95,£0.19/100ml,,,/groceries/en-GB/products/311779858,https://digitalcontent.api.tesco.com/v2/media/ghs/a3aead33-b662-4522-8940-1f5b5e6ce1e3/855f20a1-9563-4b7f-8999-2bde905fcc97_830898727.jpeg?h=225&w=225
251690108,Palmolive Milk & Honey Liquid Handwash 300Ml,https://www.tesco.com/groceries/en-GB/shop/health-and-beauty/all?department=Shower%2C%20Bath%20%26%20Hand%20Hygiene&viewAll=department&page=,£1.00,£0.33/100ml,,,/groceries/en-GB/products/251690108,https://digitalcontent.api.tesco.com/v2/media/ghs/b0babc8c-ec0c-4405-8c18-9af1e512dda7/77f483a3-8670-4f91-9270-73a082b0698e_1231986798.jpeg?h=225&w=225
300953749,Tesco Extracts Eucalyptus Antibacterial Handwash 500Ml,https://www.tesco.com/groceries/en-GB/shop/health-and-beauty/all?department=Shower%2C%20Bath%20%26%20Hand%20Hygiene&viewAll=department&page=,£0.90,£0.18/100ml,,,/groceries/en-GB/products/300953749,https://digitalcontent.api.tesco.com/v2/media/ghs/147f3342-9368-42ae-99cd-3266a40603b3/568b8ca7-4722-40f9-b203-5da43ee5253b_1794616353.jpeg?h=225&w=225
278340954,Radox Feel Uplifted Shower Gel 250Ml,https://www.tesco.com/groceries/en-GB/shop/health-and-beauty/all?department=Shower%2C%20Bath%20%26%20Hand%20Hygiene&viewAll=department&page=,£0.99,£0.40/100ml,,,/groceries/en-GB/products/278340954,https://digitalcontent.api.tesco.com/v2/media/ghs/a0711a9a-8c63-4cbc-831d-cec2ce14bc74/1b4cdef1-c3d6-48f7-90fe-fa325f56b249_464744836.jpeg?h=225&w=225
254310138,Radox For Men 2 In 1 Feel Awake Shower Gel 250Ml,https://www.tesco.com/groceries/en-GB/shop/health-and-beauty/all?department=Shower%2C%20Bath%20%26%20Hand%20Hygiene&viewAll=department&page=,£0.99,£0.40/100ml,,,/groceries/en-GB/products/254310138,https://digitalcontent.api.tesco.com/v2/media/ghs/3d4da9fe-0032-4e61-a474-b3f5b61b1482/18b9d27c-a0f2-4507-be8a-01519a27efd4_1460104756.jpeg?h=225&w=225
262157880,Nivea Shower Cashmere Moments 250Ml,https://www.tesco.com/groceries/en-GB/shop/health-and-beauty/all?department=Shower%2C%20Bath%20%26%20Hand%20Hygiene&viewAll=department&page=,£1.00,£0.40/100ml,,,/groceries/en-GB/products/262157880,https://digitalcontent.api.tesco.com/v2/media/ghs/6e7f5649-953f-41ef-b94d-6a75abcd0568/90675e7a-038d-407e-a334-3df2cfd8cf3f_927061717.jpeg?h=225&w=225
257929562,Radox Muscle Soak Bath Soak 500Ml,https://www.tesco.com/groceries/en-GB/shop/health-and-beauty/all?department=Shower%2C%20Bath%20%26%20Hand%20Hygiene&viewAll=department&page=,£1.19,£0.24/100ml,,,/groceries/en-GB/products/257929562,https://digitalcontent.api.tesco.com/v2/media/ghs/052bb10c-6bb8-4075-bf5c-c580d3ee5a65/a60e10c9-9c43-4692-9cb1-653d9806a35d_696249713.jpeg?h=225&w=225
311806568,Cussons Marshmallow Shower Gel 250Ml,https://www.tesco.com/groceries/en-GB/shop/health-and-beauty/all?department=Shower%2C%20Bath%20%26%20Hand%20Hygiene&viewAll=department&page=,£0.95,£0.38/100ml,,,/groceries/en-GB/products/311806568,https://digitalcontent.api.tesco.com/v2/media/ghs/3f502892-cba7-4b19-b2fb-8bc566ddb446/a41163ea-df75-4949-9e07-87333c6bbb67_682827028.jpeg?h=225&w=225
271668664,Palmolive Naturals Moisture Care 4X90g Bar Soap,https://www.tesco.com/groceries/en-GB/shop/health-and-beauty/all?department=Shower%2C%20Bath%20%26%20Hand%20Hygiene&viewAll=department&page=,£1.25,£0.35/100g,,,/groceries/en-GB/products/271668664,https://digitalcontent.api.tesco.com/v2/media/ghs/6a7e4f11-80b5-4d5d-8065-5b93b51e445d/2b07de96-1dc1-4580-bc7d-206aefd67511_455999316.jpeg?h=225&w=225
311264010,Dove 3In1 Beauty Cream Bar 2X90g,https://www.tesco.com/groceries/en-GB/shop/health-and-beauty/all?department=Shower%2C%20Bath%20%26%20Hand%20Hygiene&viewAll=department&page=,£1.15,£0.64/100g,,,/groceries/en-GB/products/311264010,https://digitalcontent.api.tesco.com/v2/media/ghs/440eeb49-cea2-4bab-babd-3d688b795709/9001ef38-1862-450d-b692-797e8a0c025f_527938748.jpeg?h=225&w=225
311783904,Cussons Creations The Moon & Back Shower Gel 250Ml,https://www.tesco.com/groceries/en-GB/shop/health-and-beauty/all?department=Shower%2C%20Bath%20%26%20Hand%20Hygiene&viewAll=department&page=,£0.95,£0.38/100ml,,,/groceries/en-GB/products/311783904,https://digitalcontent.api.tesco.com/v2/media/ghs/056a4499-9934-4200-b85b-e1f1fdec6b99/0abd3597-2a8d-4fb9-aa42-3ead77d170c0_1952898176.jpeg?h=225&w=225
254308228,Radox Feel Active Shower Gel 250Ml,https://www.tesco.com/groceries/en-GB/shop/health-and-beauty/all?department=Shower%2C%20Bath%20%26%20Hand%20Hygiene&viewAll=department&page=,£0.99,£0.40/100ml,,,/groceries/en-GB/products/254308228,https://digitalcontent.api.tesco.com/v2/media/ghs/17ca848f-d825-4434-87a7-6fd37de352b4/314f40cf-b727-4bc3-9947-b58d66a5b352_669868002.jpeg?h=225&w=225
306660579,Radox Relaxed Waterlily & Lavender Shower Gel 250Ml,https://www.tesco.com/groceries/en-GB/shop/health-and-beauty/all?department=Shower%2C%20Bath%20%26%20Hand%20Hygiene&viewAll=department&page=,£0.99,£0.40/100ml,,,/groceries/en-GB/products/306660579,https://digitalcontent.api.tesco.com/v2/media/ghs/41e6c7be-51a0-440c-8b78-87fb1eb61f8f/0b4edea7-a178-43d5-8c59-f8417b552f24_798953480.jpeg?h=225&w=225
295569175,Radox Moisturise Chamomile & Jojoba Oil 250Ml,https://www.tesco.com/groceries/en-GB/shop/health-and-beauty/all?department=Shower%2C%20Bath%20%26%20Hand%20Hygiene&viewAll=department&page=,£0.99,£0.40/100ml,,,/groceries/en-GB/products/295569175,https://digitalcontent.api.tesco.com/v2/media/ghs/7c8765e1-ee49-4acc-ae03-75032a59aefe/1de7ceb0-f477-40ca-b401-daa5dcb8a7d0_925638623.jpeg?h=225&w=225
278340897,Radox Feel Energised Shower Gel 250Ml,https://www.tesco.com/groceries/en-GB/shop/health-and-beauty/all?department=Shower%2C%20Bath%20%26%20Hand%20Hygiene&viewAll=department&page=,£0.99,£0.40/100ml,,,/groceries/en-GB/products/278340897,https://digitalcontent.api.tesco.com/v2/media/ghs/c7c9af0d-12c6-45ca-b080-7360ed5b0e07/970e8db6-cdb7-466c-9feb-2d9b243e6a9c_1173058171.jpeg?h=225&w=225
254309918,Radox Feel Refreshed Shower Gel 250Ml,https://www.tesco.com/groceries/en-GB/shop/health-and-beauty/all?department=Shower%2C%20Bath%20%26%20Hand%20Hygiene&viewAll=department&page=,£0.99,£0.40/100ml,,,/groceries/en-GB/products/254309918,https://digitalcontent.api.tesco.com/v2/media/ghs/781331d1-213f-4392-9384-9efca9787e09/d7c2d0dd-81ab-40a3-bea2-6da48a3626fc_1879248767.jpeg?h=225&w=225
292501174,Radox Feel Ready Shower Gel 250Ml,https://www.tesco.com/groceries/en-GB/shop/health-and-beauty/all?department=Shower%2C%20Bath%20%26%20Hand%20Hygiene&viewAll=department&page=,£0.99,£0.40/100ml,,,/groceries/en-GB/products/292501174,https://digitalcontent.api.tesco.com/v2/media/ghs/891fe253-d9d4-40f2-8419-119ba0bfd322/1adb59ae-49ac-4fe1-957e-6d0cfc7ad935_1549961536.jpeg?h=225&w=225
278340995,Radox Feel Revived Shower Gel 250Ml,https://www.tesco.com/groceries/en-GB/shop/health-and-beauty/all?department=Shower%2C%20Bath%20%26%20Hand%20Hygiene&viewAll=department&page=,£0.99,£0.40/100ml,,,/groceries/en-GB/products/278340995,https://digitalcontent.api.tesco.com/v2/media/ghs/3adc2e84-a1a2-405d-940a-a110385e04dc/81dcfac3-7296-4acc-ab53-42c45c6f40b4_501475996.jpeg?h=225&w=225
298512537,Radox Feel Detoxed Shower Gel 250Ml,https://www.tesco.com/groceries/en-GB/shop/health-and-beauty/all?department=Shower%2C%20Bath%20%26%20Hand%20Hygiene&viewAll=department&page=,£0.99,£0.40/100ml,,,/groceries/en-GB/products/298512537,https://digitalcontent.api.tesco.com/v2/media/ghs/fa6d2c0f-d44f-4d92-8e64-6122bbedfad5/e063225e-e367-470e-b290-ce91a21e1238_496648047.jpeg?h=225&w=225
300953421,Tesco Extracts Muscle Soak Bath Foam 1 L,https://www.tesco.com/groceries/en-GB/shop/health-and-beauty/all?department=Shower%2C%20Bath%20%26%20Hand%20Hygiene&viewAll=department&page=,£0.90,£0.09/100ml,,,/groceries/en-GB/products/300953421,https://digitalcontent.api.tesco.com/v2/media/ghs/1087310a-1788-4b71-b9d6-00f42b3e216e/d53d9e58-a0d2-4cc8-bb41-c8e47a350b67_293188193.jpeg?h=225&w=225
300953381,Tesco Extracts Magnolia Bath Foam 1 L,https://www.tesco.com/groceries/en-GB/shop/health-and-beauty/all?department=Shower%2C%20Bath%20%26%20Hand%20Hygiene&viewAll=department&page=,£0.90,£0.09/100ml,,,/groceries/en-GB/products/300953381,https://digitalcontent.api.tesco.com/v2/media/ghs/855bb150-3fd4-40cb-9fa6-889a406d927c/cd556df4-e3bf-4d6a-ba77-b0bd349e4b52_30905293.jpeg?h=225&w=225
300953640,Tesco Essentials Hand Wash 500Ml,https://www.tesco.com/groceries/en-GB/shop/health-and-beauty/all?department=Shower%2C%20Bath%20%26%20Hand%20Hygiene&viewAll=department&page=,£0.60,£0.12/100ml,,,/groceries/en-GB/products/300953640,https://digitalcontent.api.tesco.com/v2/media/ghs/61cabea6-79c0-4b4c-aba9-25621734cc17/357e2c50-2d78-4a5d-a7f0-fc56d26e6ba5_1933783625.jpeg?h=225&w=225
301219846,Tesco Essentials Soap 125G,https://www.tesco.com/groceries/en-GB/shop/health-and-beauty/all?department=Shower%2C%20Bath%20%26%20Hand%20Hygiene&viewAll=department&page=,£0.15,£0.12/100g,,,/groceries/en-GB/products/301219846,https://digitalcontent.api.tesco.com/v2/media/ghs/f80774ca-0f4a-4a14-9d37-7553c9d9be6e/9eb0151d-cc9f-4f8a-ae9a-e8a3a12995fe_61424651.jpeg?h=225&w=225
300953529,Tesco Essentials Shower Gel 250Ml,https://www.tesco.com/groceries/en-GB/shop/health-and-beauty/all?department=Shower%2C%20Bath%20%26%20Hand%20Hygiene&viewAll=department&page=,£0.30,£0.12/100ml,,,/groceries/en-GB/products/300953529,https://digitalcontent.api.tesco.com/v2/media/ghs/0a78a81a-f8ed-4708-ac44-a24bdcc07990/cd55302c-0541-489f-8a6d-01ac726ea89f_199467339.jpeg?h=225&w=225
291421074,Baylis & Harding Antibacterial Handwash Jasmine & Apple 500Ml,https://www.tesco.com/groceries/en-GB/shop/health-and-beauty/all?department=Shower%2C%20Bath%20%26%20Hand%20Hygiene&viewAll=department&page=,£2.25,£0.45/100ml,,,/groceries/en-GB/products/291421074,https://digitalcontent.api.tesco.com/v2/media/ghs/082d221d-5aa7-4771-ac9f-820a320ca4a6/fbfdd7c6-93d1-4ce0-87a2-2bf6256e76cd_1198832133.jpeg?h=225&w=225
268303295,Femfresh Daily Intimate Wash 250Ml,https://www.tesco.com/groceries/en-GB/shop/health-and-beauty/all?department=Shower%2C%20Bath%20%26%20Hand%20Hygiene&viewAll=department&page=,£2.75,£1.10/100ml,,,/groceries/en-GB/products/268303295,https://digitalcontent.api.tesco.com/v2/media/ghs/03bd5b8c-122b-49db-bf16-0dafeeaaf729/5ee925ce-83c0-4761-8574-1106d08244f6_280331545.jpeg?h=225&w=225
266548751,Palmolive Naturals Milk & Honey Shower Cream 750Ml,https://www.tesco.com/groceries/en-GB/shop/health-and-beauty/all?department=Shower%2C%20Bath%20%26%20Hand%20Hygiene&viewAll=department&page=,£2.80,£0.37/100ml,,,/groceries/en-GB/products/266548751,https://digitalcontent.api.tesco.com/v2/media/ghs/411ef665-56e0-452c-a7e2-d6ebfb05ad4a/97a60034-b43a-4aaa-9be2-f44d2a139497_318441199.jpeg?h=225&w=225
311666911,Palmolive Natural Milk & Honey Handwash Refill 1L,https://www.tesco.com/groceries/en-GB/shop/health-and-beauty/all?department=Shower%2C%20Bath%20%26%20Hand%20Hygiene&viewAll=department&page=,£3.00,£0.30/100ml,,New,/groceries/en-GB/products/311666911,https://digitalcontent.api.tesco.com/v2/media/ghs/adccbdb6-efb8-4b14-ab2c-84dcdf8bd261/82283138-7955-4f81-8cf5-95c1de9befd2_1052249726.jpeg?h=225&w=225
308852453,Sanex Biomeprotect Moisturising Shower Cream 450Ml,https://www.tesco.com/groceries/en-GB/shop/health-and-beauty/all?department=Shower%2C%20Bath%20%26%20Hand%20Hygiene&viewAll=department&page=,£3.00,£6.67/litre,£2.20 Clubcard Price,,/groceries/en-GB/products/308852453,https://digitalcontent.api.tesco.com/v2/media/ghs/d304d56a-9a63-44a9-a560-2e2aa3858ef1/262efb59-b57e-45c0-b152-02328e5c620a_1658757808.jpeg?h=225&w=225
308453849,Sanex Zero % Sensitive Skin Shower Gel 450Ml,https://www.tesco.com/groceries/en-GB/shop/health-and-beauty/all?department=Shower%2C%20Bath%20%26%20Hand%20Hygiene&viewAll=department&page=,£3.00,£6.67/litre,£2.20 Clubcard Price,,/groceries/en-GB/products/308453849,https://digitalcontent.api.tesco.com/v2/media/ghs/752777e0-99b6-43e9-ae58-f7f81c6f35af/d4ba7097-f1d3-4f14-a95f-1f49f54218e8_1081718754.jpeg?h=225&w=225
307159037,Baylis & Harding Elements Dark Amber & Fig Luxury Hand Wash 500Ml,https://www.tesco.com/groceries/en-GB/shop/health-and-beauty/all?department=Shower%2C%20Bath%20%26%20Hand%20Hygiene&viewAll=department&page=,£3.00,£0.60/100ml,£1.75 Clubcard Price,,/groceries/en-GB/products/307159037,https://digitalcontent.api.tesco.com/v2/media/ghs/303b9217-0cde-47f8-b210-95355e3a2cc1/13cf6a39-7af7-4f54-8a40-80e4d0ce84e1_154690541.jpeg?h=225&w=225
308492589,Sanex Biomeprotect Sensitive Shower Cream 450Ml,https://www.tesco.com/groceries/en-GB/shop/health-and-beauty/all?department=Shower%2C%20Bath%20%26%20Hand%20Hygiene&viewAll=department&page=,£3.00,£6.67/litre,£2.20 Clubcard Price,,/groceries/en-GB/products/308492589,https://digitalcontent.api.tesco.com/v2/media/ghs/74de17eb-8f13-4a61-b654-8ce90ec9e950/366da864-d799-4252-8b7d-660436c0729f_1587622848.jpeg?h=225&w=225
304393126,Andrex Ultra Care Flushable Washlet 36 Wipes,https://www.tesco.com/groceries/en-GB/shop/health-and-beauty/all?department=Shower%2C%20Bath%20%26%20Hand%20Hygiene&viewAll=department&page=,£1.75,£4.87/100sht,,,/groceries/en-GB/products/304393126,https://digitalcontent.api.tesco.com/v2/media/ghs/df5cc4e8-8ae1-4077-86b2-fc94403ece7b/4f313638-5a95-4644-8b04-69255ce3ef37_1813558990.jpeg?h=225&w=225
301841650,Carex Advanced Care Macadamia Oil Hand Wash 250Ml,https://www.tesco.com/groceries/en-GB/shop/health-and-beauty/all?department=Shower%2C%20Bath%20%26%20Hand%20Hygiene&viewAll=department&page=,£1.80,£0.72/100ml,,,/groceries/en-GB/products/301841650,https://digitalcontent.api.tesco.com/v2/media/ghs/d8c3ab6a-c729-4786-816d-0665cbc8d001/0ed6fcb7-420b-4e01-828d-27e8c9a58990_1643396767.jpeg?h=225&w=225
305438494,Dove Body Wash Hydrating Care 450Ml,https://www.tesco.com/groceries/en-GB/shop/health-and-beauty/all?department=Shower%2C%20Bath%20%26%20Hand%20Hygiene&viewAll=department&page=,£2.00,£0.44/100ml,,,/groceries/en-GB/products/305438494,https://digitalcontent.api.tesco.com/v2/media/ghs/d775bf5b-662d-4045-b330-9b5599efae14/c01c69a0-ef3a-44f7-9858-cd0bc06d304b_259301843.jpeg?h=225&w=225
311684993,Simple Pure Bar Soap For Sensitive Skin 4X125g,https://www.tesco.com/groceries/en-GB/shop/health-and-beauty/all?department=Shower%2C%20Bath%20%26%20Hand%20Hygiene&viewAll=department&page=,£2.50,£0.50/100g,,,/groceries/en-GB/products/311684993,https://digitalcontent.api.tesco.com/v2/media/ghs/12c146bf-92a8-4e0b-9b6d-cd1c8cec4ebb/47fdd0d0-2d4b-4dc4-bff6-2f95c5c5e0fe_590044859.jpeg?h=225&w=225
285398340,Bath Essentials Body Puff (Coloured),https://www.tesco.com/groceries/en-GB/shop/health-and-beauty/all?department=Shower%2C%20Bath%20%26%20Hand%20Hygiene&viewAll=department&page=,£1.00,£1.00/each,,,/groceries/en-GB/products/285398340,https://digitalcontent.api.tesco.com/v2/media/ghs/cef0e436-f1e5-4e20-b1ea-3ac48367b6ad/f69abbbb-7e95-423c-bedb-213fe516f623_1237480932.jpeg?h=225&w=225
302220220,Carex Advanced Care Shea Butter Handwash 250Ml,https://www.tesco.com/groceries/en-GB/shop/health-and-beauty/all?department=Shower%2C%20Bath%20%26%20Hand%20Hygiene&viewAll=department&page=,£1.80,£0.72/100ml,,,/groceries/en-GB/products/302220220,https://digitalcontent.api.tesco.com/v2/media/ghs/6af04baa-86ab-46bc-bd6c-a0d68c8731d3/30c63b0c-72e8-450a-b02d-433efc15a91e_836921061.jpeg?h=225&w=225
301841598,Carex Advanced Protect Moisturising Hand Wash 250Ml,https://www.tesco.com/groceries/en-GB/shop/health-and-beauty/all?department=Shower%2C%20Bath%20%26%20Hand%20Hygiene&viewAll=department&page=,£1.80,£0.72/100ml,,,/groceries/en-GB/products/301841598,https://digitalcontent.api.tesco.com/v2/media/ghs/f45691c9-b95f-4da0-8146-b31d18c3dde5/bc601799-a128-4bf3-83ec-85abd7b8cde1_345591960.jpeg?h=225&w=225
309759015,Andrex Pure Care Washlets Toilet Tissue 36 Sheets,https://www.tesco.com/groceries/en-GB/shop/health-and-beauty/all?department=Shower%2C%20Bath%20%26%20Hand%20Hygiene&viewAll=department&page=,£1.75,£4.87/100sht,£1.00 Clubcard Price,,/groceries/en-GB/products/309759015,https://digitalcontent.api.tesco.com/v2/media/ghs/973235f9-440a-46b2-ac00-27b8f337b7aa/2ae334e4-1a2e-4baa-be88-ddf11dcb14e8_1070036876.jpeg?h=225&w=225
253059399,Original Source Mint Shower Gel 250Ml,https://www.tesco.com/groceries/en-GB/shop/health-and-beauty/all?department=Shower%2C%20Bath%20%26%20Hand%20Hygiene&viewAll=department&page=,£1.50,£0.60/100ml,,,/groceries/en-GB/products/253059399,https://digitalcontent.api.tesco.com/v2/media/ghs/56112434-acc0-4b2b-b7f3-51a0155e03ac/cdea95b7-5845-4d90-9f97-d000b891a38d_946792991.jpeg?h=225&w=225
253059635,Original Source Lime Shower Gel 250Ml,https://www.tesco.com/groceries/en-GB/shop/health-and-beauty/all?department=Shower%2C%20Bath%20%26%20Hand%20Hygiene&viewAll=department&page=,£1.50,£0.60/100ml,,,/groceries/en-GB/products/253059635,https://digitalcontent.api.tesco.com/v2/media/ghs/93753b99-417e-4f13-9214-e78aebd24a59/9b4a5bcb-d7b8-4923-87f2-b9fd2dcd7c67_256548184.jpeg?h=225&w=225
252953995,Original Source Lemon & Tea Tree Shower Gel 250Ml,https://www.tesco.com/groceries/en-GB/shop/health-and-beauty/all?department=Shower%2C%20Bath%20%26%20Hand%20Hygiene&viewAll=department&page=,£1.50,£0.60/100ml,,,/groceries/en-GB/products/252953995,https://digitalcontent.api.tesco.com/v2/media/ghs/14a22670-7bad-4096-b0fd-c6be98ef4fe8/0d3c2abe-83fd-4b48-8d51-b16fc05cf64a_145608695.jpeg?h=225&w=225
305250219,Nivea Men Sensitive Shower Gel 400Ml,https://www.tesco.com/groceries/en-GB/shop/health-and-beauty/all?department=Shower%2C%20Bath%20%26%20Hand%20Hygiene&viewAll=department&page=,£1.49,£0.37/100ml,,,/groceries/en-GB/products/305250219,https://digitalcontent.api.tesco.com/v2/media/ghs/320fb72c-ea54-411d-be36-93500edb72ba/25350f92-bfa0-42ff-acf2-96cef5df4f38_564861408.jpeg?h=225&w=225
254312363,Radox Feel Awake Shower Gel & Shampoo 500Ml,https://www.tesco.com/groceries/en-GB/shop/health-and-beauty/all?department=Shower%2C%20Bath%20%26%20Hand%20Hygiene&viewAll=department&page=,£1.65,£0.33/100ml,,,/groceries/en-GB/products/254312363,https://digitalcontent.api.tesco.com/v2/media/ghs/935267a1-f0aa-4ceb-9959-e2d1c29cdfca/e81eb7aa-89d6-4922-a8e9-a821d6006a17_514641350.jpeg?h=225&w=225
305054734,Nivea Men Energy Shower Gel 400Ml,https://www.tesco.com/groceries/en-GB/shop/health-and-beauty/all?department=Shower%2C%20Bath%20%26%20Hand%20Hygiene&viewAll=department&page=,£1.49,£0.37/100ml,,,/groceries/en-GB/products/305054734,https://digitalcontent.api.tesco.com/v2/media/ghs/52615be9-aed2-423f-8d46-b8af0ad0cb16/d8df0107-650e-480c-82e0-1791dcfd4fcc_1949024382.jpeg?h=225&w=225
288836676,Simple Kind To Skin Nourishing Shower Cream 500Ml,https://www.tesco.com/groceries/en-GB/shop/health-and-beauty/all?department=Shower%2C%20Bath%20%26%20Hand%20Hygiene&viewAll=department&page=,£1.49,£0.30/100ml,,,/groceries/en-GB/products/288836676,https://digitalcontent.api.tesco.com/v2/media/ghs/90deb638-7062-45f3-9011-415fb527ba0a/863b688e-5ca3-42b0-b40a-8062ab9aae40_1558696567.jpeg?h=225&w=225
300953444,Tesco Extracts Sea Minerals Shower Gel 500Ml,https://www.tesco.com/groceries/en-GB/shop/health-and-beauty/all?department=Shower%2C%20Bath%20%26%20Hand%20Hygiene&viewAll=department&page=,£1.00,£0.20/100ml,,,/groceries/en-GB/products/300953444,https://digitalcontent.api.tesco.com/v2/media/ghs/64f8e89d-43db-468f-b8e1-1a73f6a7278c/eceb944c-a2e1-4b8e-bfaa-ffe47e13cbf1_734739749.jpeg?h=225&w=225
300953489,Tesco Extracts Tropical Shower Gel 500Ml,https://www.tesco.com/groceries/en-GB/shop/health-and-beauty/all?department=Shower%2C%20Bath%20%26%20Hand%20Hygiene&viewAll=department&page=,£1.00,£0.20/100ml,,,/groceries/en-GB/products/300953489,https://digitalcontent.api.tesco.com/v2/media/ghs/8845d863-18bd-4f45-9a5c-f11d84e7494a/5a203e78-2958-475c-a2fd-1fce1f0ed821_498885898.jpeg?h=225&w=225
278363933,Original Source Coconut Shower 250Ml,https://www.tesco.com/groceries/en-GB/shop/health-and-beauty/all?department=Shower%2C%20Bath%20%26%20Hand%20Hygiene&viewAll=department&page=,£1.50,£0.60/100ml,,,/groceries/en-GB/products/278363933,https://digitalcontent.api.tesco.com/v2/media/ghs/3b1a439a-e26c-40e8-a7b0-4fa4e9cab090/0de4d433-a81b-4b70-9e66-75d3ef74d1d2_1674453652.jpeg?h=225&w=225
311791226,Imperial Leather Cotton & Vanilla Body Wash 250Ml,https://www.tesco.com/groceries/en-GB/shop/health-and-beauty/all?department=Shower%2C%20Bath%20%26%20Hand%20Hygiene&viewAll=department&page=,£1.50,£0.60/100ml,£1.00 Clubcard Price,,/groceries/en-GB/products/311791226,https://digitalcontent.api.tesco.com/v2/media/ghs/729fa3d5-848f-4f31-8752-ddf8eee835d5/ca5de792-dbc0-481e-8cbb-8939f04f81b5_434407672.jpeg?h=225&w=225
291359764,Pears Amber Bar Soap 2X100g,https://www.tesco.com/groceries/en-GB/shop/health-and-beauty/all?department=Shower%2C%20Bath%20%26%20Hand%20Hygiene&viewAll=department&page=,£1.25,£0.62/100g,,,/groceries/en-GB/products/291359764,https://digitalcontent.api.tesco.com/v2/media/ghs/dc7ce648-c939-429a-a2ad-b2c32e8d0642/75390a72-7131-425a-963f-7a2fbc2ab71f_1937977415.jpeg?h=225&w=225
311684532,Imperial Leather Mandarin& Neroli Body Wash 250M,https://www.tesco.com/groceries/en-GB/shop/health-and-beauty/all?department=Shower%2C%20Bath%20%26%20Hand%20Hygiene&viewAll=department&page=,£1.50,£0.60/100ml,£1.00 Clubcard Price,,/groceries/en-GB/products/311684532,https://digitalcontent.api.tesco.com/v2/media/ghs/37d0c65d-bbb0-4af7-8016-7282aba5cfc5/0311bc54-d97b-4fe0-9a11-20a630e7047b_696922747.jpeg?h=225&w=225
298454559,Original Source Rhubarb & Raspberry Shower Gel 250Ml,https://www.tesco.com/groceries/en-GB/shop/health-and-beauty/all?department=Shower%2C%20Bath%20%26%20Hand%20Hygiene&viewAll=department&page=,£1.50,£0.60/100ml,,,/groceries/en-GB/products/298454559,https://digitalcontent.api.tesco.com/v2/media/ghs/7ad1ab92-ee69-4bbe-9fc1-111c4b5bc60d/9915d87f-e474-4858-9359-9d275efdfb7c_863433085.jpeg?h=225&w=225
251759714,Dove Original Beauty Hand Wash 250Ml,https://www.tesco.com/groceries/en-GB/shop/health-and-beauty/all?department=Shower%2C%20Bath%20%26%20Hand%20Hygiene&viewAll=department&page=,£1.25,£0.50/100ml,,,/groceries/en-GB/products/251759714,https://digitalcontent.api.tesco.com/v2/media/ghs/59072d5b-95f2-428e-9360-7426009e8f88/b905de13-e3bb-476e-b276-e7dc6313600a_629099189.jpeg?h=225&w=225
250991664,Palmolive Liquid Handwash Aquarium 300Ml,https://www.tesco.com/groceries/en-GB/shop/health-and-beauty/all?department=Shower%2C%20Bath%20%26%20Hand%20Hygiene&viewAll=department&page=,£1.00,£0.33/100ml,,,/groceries/en-GB/products/250991664,https://digitalcontent.api.tesco.com/v2/media/ghs/7b3c2658-74a3-485b-b970-51aeb80b2fe9/51581967-920d-4038-b89d-db23951f0cd5_433052211.jpeg?h=225&w=225
311690553,Cussons Creations Apple & Elderflower Hand Wash 500Ml,https://www.tesco.com/groceries/en-GB/shop/health-and-beauty/all?department=Shower%2C%20Bath%20%26%20Hand%20Hygiene&viewAll=department&page=,£0.95,£0.19/100ml,,,/groceries/en-GB/products/311690553,https://digitalcontent.api.tesco.com/v2/media/ghs/97ae12db-4217-42ed-907d-ff0ae088736f/14b47d2d-3cf9-493a-8900-8902766c9b61_702938352.jpeg?h=225&w=225
262155012,Nivea Creme Soft Shower Creme 250Ml,https://www.tesco.com/groceries/en-GB/shop/health-and-beauty/all?department=Shower%2C%20Bath%20%26%20Hand%20Hygiene&viewAll=department&page=,£1.00,£0.40/100ml,,,/groceries/en-GB/products/262155012,https://digitalcontent.api.tesco.com/v2/media/ghs/42b28b04-f22c-43c0-8e7b-9fb74bc57844/fb97b6b5-a004-41c7-89e3-6b934cffcfe4_1464390308.jpeg?h=225&w=225
308468159,Lynx Africa Body Wash 225Ml,https://www.tesco.com/groceries/en-GB/shop/health-and-beauty/all?department=Shower%2C%20Bath%20%26%20Hand%20Hygiene&viewAll=department&page=,£0.95,£0.42/100ml,,,/groceries/en-GB/products/308468159,https://digitalcontent.api.tesco.com/v2/media/ghs/1ecf59c0-1cb0-42f5-9cd2-5742edbec879/cbe85f4e-68bb-47c5-bd7a-bfb877a31641_914905111.jpeg?h=225&w=225
292380027,Carex Love Hearts Handwash 250Ml,https://www.tesco.com/groceries/en-GB/shop/health-and-beauty/all?department=Shower%2C%20Bath%20%26%20Hand%20Hygiene&viewAll=department&page=,£1.20,£0.48/100ml,,,/groceries/en-GB/products/292380027,https://digitalcontent.api.tesco.com/v2/media/ghs/38b27555-c189-4a2e-bb91-a1d4f78c1a99/be69ff5c-bb03-4231-b759-a3437662d125_793482321.jpeg?h=225&w=225
262156306,Nivea Men Energy Shower Gel 250Ml,https://www.tesco.com/groceries/en-GB/shop/health-and-beauty/all?department=Shower%2C%20Bath%20%26%20Hand%20Hygiene&viewAll=department&page=,£1.00,£0.40/100ml,,,/groceries/en-GB/products/262156306,https://digitalcontent.api.tesco.com/v2/media/ghs/5ed44138-bc85-460e-9faa-ba3f062f516b/c8f895b0-bcdc-4bed-a192-8d166762a933_696444421.jpeg?h=225&w=225
304388939,Dove Deeply Nourishing Body Wash 225Ml,https://www.tesco.com/groceries/en-GB/shop/health-and-beauty/all?department=Shower%2C%20Bath%20%26%20Hand%20Hygiene&viewAll=department&page=,£1.15,£0.51/100ml,,,/groceries/en-GB/products/304388939,https://digitalcontent.api.tesco.com/v2/media/ghs/dec66bf3-0f75-444b-9595-e5905924d620/ecc9946c-21d2-48e5-b561-7f6c00bfb44f_1352246277.jpeg?h=225&w=225
273798034,Palmolive Hygiene Sensitive Liquid Handwash 300Ml,https://www.tesco.com/groceries/en-GB/shop/health-and-beauty/all?department=Shower%2C%20Bath%20%26%20Hand%20Hygiene&viewAll=department&page=,£0.90,£0.30/100ml,,,/groceries/en-GB/products/273798034,https://digitalcontent.api.tesco.com/v2/media/ghs/83e1547c-d051-4666-942a-77af1c37f184/598402ed-d3d3-4196-a613-2982cbfb5c6a_756121702.jpeg?h=225&w=225
290239021,Radox Feel Pampered Bath Soak 500Ml,https://www.tesco.com/groceries/en-GB/shop/health-and-beauty/all?department=Shower%2C%20Bath%20%26%20Hand%20Hygiene&viewAll=department&page=,£1.19,£0.24/100ml,,,/groceries/en-GB/products/290239021,https://digitalcontent.api.tesco.com/v2/media/ghs/ed35fe8a-1088-45c2-8757-91a565da32d3/6e18751f-c500-4106-a165-109c51038b67_1782740210.jpeg?h=225&w=225
257929798,Radox Stress Relief Bath Soak 500Ml,https://www.tesco.com/groceries/en-GB/shop/health-and-beauty/all?department=Shower%2C%20Bath%20%26%20Hand%20Hygiene&viewAll=department&page=,£1.19,£0.24/100ml,,,/groceries/en-GB/products/257929798,https://digitalcontent.api.tesco.com/v2/media/ghs/7ef72d0d-5382-47d8-96cf-02eee67993a5/snapshotimagehandler_302951832.jpeg?h=225&w=225
306813486,Radox Relaxed Lavender & Waterlily Bath Soak 500Ml,https://www.tesco.com/groceries/en-GB/shop/health-and-beauty/all?department=Shower%2C%20Bath%20%26%20Hand%20Hygiene&viewAll=department&page=,£1.19,£0.24/100ml,,,/groceries/en-GB/products/306813486,https://digitalcontent.api.tesco.com/v2/media/ghs/1601940b-51dd-42b3-aab0-fa08811766c5/7e1bb4a4-d261-45da-9320-fea350090a51_1223331193.jpeg?h=225&w=225
263719289,Radox Muscle Therapy Bath Soak 500Ml,https://www.tesco.com/groceries/en-GB/shop/health-and-beauty/all?department=Shower%2C%20Bath%20%26%20Hand%20Hygiene&viewAll=department&page=,£1.19,£0.24/100ml,,,/groceries/en-GB/products/263719289,https://digitalcontent.api.tesco.com/v2/media/ghs/d4ad6fa8-2c08-4e94-b2db-7153edc218e3/355bde28-58dd-4f81-bb1c-dac9e8de96b1_62465326.jpeg?h=225&w=225
271663497,Imperial Leather Gentle Care Soap 4X100g,https://www.tesco.com/groceries/en-GB/shop/health-and-beauty/all?department=Shower%2C%20Bath%20%26%20Hand%20Hygiene&viewAll=department&page=,£2.00,£0.50/100g,,,/groceries/en-GB/products/271663497,https://digitalcontent.api.tesco.com/v2/media/ghs/b12c0825-92d1-4438-914c-7ccc7e39dd3e/13ef43f1-a82b-466a-b371-89d9cfeb3ce9_1367279775.jpeg?h=225&w=225
303106441,Palmolive Milk And Honey Shower Cream 500Ml,https://www.tesco.com/groceries/en-GB/shop/health-and-beauty/all?department=Shower%2C%20Bath%20%26%20Hand%20Hygiene&viewAll=department&page=,£1.25,£0.25/100ml,,,/groceries/en-GB/products/303106441,https://digitalcontent.api.tesco.com/v2/media/ghs/24baff1d-71ef-4b03-98dd-81caa269c6f3/a2079011-abae-405f-95bf-c5a359e297fd_1531611667.jpeg?h=225&w=225
300953369,Tesco Essentials Bath Foam 750Ml,https://www.tesco.com/groceries/en-GB/shop/health-and-beauty/all?department=Shower%2C%20Bath%20%26%20Hand%20Hygiene&viewAll=department&page=,£0.65,£0.09/100ml,,,/groceries/en-GB/products/300953369,https://digitalcontent.api.tesco.com/v2/media/ghs/60aaba6c-4414-4026-b989-e7055815c347/91b36e57-21fd-46d5-8e32-793566e197e1_596528928.jpeg?h=225&w=225
303106464,Palmolive Coconut Shower Cream 500Ml,https://www.tesco.com/groceries/en-GB/shop/health-and-beauty/all?department=Shower%2C%20Bath%20%26%20Hand%20Hygiene&viewAll=department&page=,£1.25,£0.25/100ml,,,/groceries/en-GB/products/303106464,https://digitalcontent.api.tesco.com/v2/media/ghs/3e392df0-9682-4c3b-8e1d-9e8a79a72206/eae25bb7-a4d2-42f8-909b-f232d87d94db_1989035794.jpeg?h=225&w=225
309773867,Xprt. For Men Stimulating Shower Gel 300Ml,https://www.tesco.com/groceries/en-GB/shop/health-and-beauty/all?department=Shower%2C%20Bath%20%26%20Hand%20Hygiene&viewAll=department&page=,£0.60,£0.20/100ml,,,/groceries/en-GB/products/309773867,https://digitalcontent.api.tesco.com/v2/media/ghs/a71598f6-70d8-46a8-96ff-ca420aa984b2/0fe428b3-1a77-4913-88c0-72dc92cb15d6_1462676684.jpeg?h=225&w=225
261609394,Baylis & Harding Mandarin & Grapefruit Hand Wash 500Ml,https://www.tesco.com/groceries/en-GB/shop/health-and-beauty/all?department=Shower%2C%20Bath%20%26%20Hand%20Hygiene&viewAll=department&page=,£2.25,£0.45/100ml,,,/groceries/en-GB/products/261609394,https://digitalcontent.api.tesco.com/v2/media/ghs/511bc972-930b-4c45-ba3d-03cc63a683a4/8f29041f-3fc7-493e-b86d-e5355e949b77_1231565971.jpeg?h=225&w=225
280847192,"Baylis & Harding Jojoba, Silk & Almond Oil Hand Wash 500Ml",https://www.tesco.com/groceries/en-GB/shop/health-and-beauty/all?department=Shower%2C%20Bath%20%26%20Hand%20Hygiene&viewAll=department&page=,£2.25,£0.45/100ml,,,/groceries/en-GB/products/280847192,https://digitalcontent.api.tesco.com/v2/media/ghs/21c11cca-7126-4808-8b04-83fb6b83086f/080d78a7-52d6-41f1-afd0-823ffdf51698_1160046363.jpeg?h=225&w=225
311786210,Imperial Leather Bergomot Sea/Min Foamburst 200Ml,https://www.tesco.com/groceries/en-GB/shop/health-and-beauty/all?department=Shower%2C%20Bath%20%26%20Hand%20Hygiene&viewAll=department&page=,£3.00,£1.50/100ml,,,/groceries/en-GB/products/311786210,https://digitalcontent.api.tesco.com/v2/media/ghs/7ab26abe-deb9-49b9-95c3-a6d3c3ae0535/cd617078-b8b6-4a73-bf10-9f1ca62d1600_1879683648.jpeg?h=225&w=225
311423047,Imperial Leather Jasmine & Vanilla Foamburst 200Ml,https://www.tesco.com/groceries/en-GB/shop/health-and-beauty/all?department=Shower%2C%20Bath%20%26%20Hand%20Hygiene&viewAll=department&page=,£3.00,£1.50/100ml,,,/groceries/en-GB/products/311423047,https://digitalcontent.api.tesco.com/v2/media/ghs/83db4045-883d-4834-9cab-10fe021982aa/39e8b1f6-239c-4256-b6d7-22813df32bcf_793359687.jpeg?h=225&w=225
283741162,Baylis & Harding Seasonal Hand Wash 500Ml,https://www.tesco.com/groceries/en-GB/shop/health-and-beauty/all?department=Shower%2C%20Bath%20%26%20Hand%20Hygiene&viewAll=department&page=,£2.25,£0.45/100ml,,,/groceries/en-GB/products/283741162,https://digitalcontent.api.tesco.com/v2/media/ghs/050dad7c-7529-40bf-834a-bc9a120895ce/086d8473-cdd6-47e3-be84-f9df9cf3532a_214521462.jpeg?h=225&w=225
308488538,Sanex Micellar Hypo Allergic Shower Gel 515,https://www.tesco.com/groceries/en-GB/shop/health-and-beauty/all?department=Shower%2C%20Bath%20%26%20Hand%20Hygiene&viewAll=department&page=,£3.00,£0.58/100ml,,,/groceries/en-GB/products/308488538,https://digitalcontent.api.tesco.com/v2/media/ghs/54a7d3c6-53de-40c1-8a9a-597d07cf02d6/4870c742-d44d-4c4b-8ea4-aeacc7b9da3a_1645449847.jpeg?h=225&w=225
302554487,Kleenex 40 Water Fresh Antibacterial Wet Wipes,https://www.tesco.com/groceries/en-GB/shop/health-and-beauty/all?department=Shower%2C%20Bath%20%26%20Hand%20Hygiene&viewAll=department&page=,£2.00,£5.00/100sht,,,/groceries/en-GB/products/302554487,https://digitalcontent.api.tesco.com/v2/media/ghs/ff588599-0568-409f-a713-1148a2484515/32f89fda-26c8-4668-ba39-e9c8cfb62151_1112337576.jpeg?h=225&w=225
308458540,Sanex Micellar Biomeprotect Soothing Shower Gel 515Ml,https://www.tesco.com/groceries/en-GB/shop/health-and-beauty/all?department=Shower%2C%20Bath%20%26%20Hand%20Hygiene&viewAll=department&page=,£3.00,£0.58/100ml,,,/groceries/en-GB/products/308458540,https://digitalcontent.api.tesco.com/v2/media/ghs/db8aaacc-284d-43fe-8dbe-98d8951a470a/c8e81958-155d-4ecd-87df-7f0d73bf72e9_2141827112.jpeg?h=225&w=225
291127336,Sanex Men Sensitive Skin Shower Gel 500Ml,https://www.tesco.com/groceries/en-GB/shop/health-and-beauty/all?department=Shower%2C%20Bath%20%26%20Hand%20Hygiene&viewAll=department&page=,£2.50,£0.50/100ml,,,/groceries/en-GB/products/291127336,https://digitalcontent.api.tesco.com/v2/media/ghs/a2ede747-dc6f-4f1e-bc72-f38e99f29a02/13c05b3b-5b3f-4f68-80eb-5cce38e7287b_858647847.jpeg?h=225&w=225
311672195,Imperial Leather Plum & Cashmere Foamburst 200Ml,https://www.tesco.com/groceries/en-GB/shop/health-and-beauty/all?department=Shower%2C%20Bath%20%26%20Hand%20Hygiene&viewAll=department&page=,£3.00,£1.50/100ml,,,/groceries/en-GB/products/311672195,https://digitalcontent.api.tesco.com/v2/media/ghs/62f325ad-7153-4875-a185-4a4f4cb686ef/309ec0d5-5f13-4cc0-bcc9-f249a82e81e9_1290174118.jpeg?h=225&w=225
311684751,Carex Advanced Care+ Macadamia Handwash Refill 500Ml,https://www.tesco.com/groceries/en-GB/shop/health-and-beauty/all?department=Shower%2C%20Bath%20%26%20Hand%20Hygiene&viewAll=department&page=,£2.20,£0.44/100ml,£1.75 Clubcard Price,,/groceries/en-GB/products/311684751,https://digitalcontent.api.tesco.com/v2/media/ghs/04434b2a-4206-4aef-8cac-4ab3b8ca21b2/8ed1a524-9b09-4c6c-8f54-85c214930323_2018067903.jpeg?h=225&w=225
305253631,Lynx Black Bodywash 500Ml,https://www.tesco.com/groceries/en-GB/shop/health-and-beauty/all?department=Shower%2C%20Bath%20%26%20Hand%20Hygiene&viewAll=department&page=,£2.50,£0.50/100ml,,,/groceries/en-GB/products/305253631,https://digitalcontent.api.tesco.com/v2/media/ghs/113b4b24-8e13-4656-938d-261a32a1a502/3b3e165c-453e-49d8-ab34-431d8c6f842e_1295549524.jpeg?h=225&w=225
264252942,Treaclemoon My Coconut Island Shower Gel 500Ml,https://www.tesco.com/groceries/en-GB/shop/health-and-beauty/all?department=Shower%2C%20Bath%20%26%20Hand%20Hygiene&viewAll=department&page=,£1.95,£0.39/100ml,,,/groceries/en-GB/products/264252942,https://digitalcontent.api.tesco.com/v2/media/ghs/032d56c7-5138-4a3b-b0f0-6f31944d56d2/c92ce171-ad72-4b9c-84a7-c903f0223565_664458352.jpeg?h=225&w=225
300953824,Tesco Health Antibacterial Hand Gel 200Ml,https://www.tesco.com/groceries/en-GB/shop/health-and-beauty/all?department=Shower%2C%20Bath%20%26%20Hand%20Hygiene&viewAll=department&page=,£1.50,£0.75/100ml,,,/groceries/en-GB/products/300953824,https://digitalcontent.api.tesco.com/v2/media/ghs/409ddbee-84d2-4e96-af90-e06cb0c2b819/a972c647-755a-4806-8919-4c7fe94df60a_977512503.jpeg?h=225&w=225
308848418,Sanex Biomeprotect Kids Head To Toe Wash 450Ml,https://www.tesco.com/groceries/en-GB/shop/health-and-beauty/all?department=Shower%2C%20Bath%20%26%20Hand%20Hygiene&viewAll=department&page=,£3.00,£0.67/100ml,£2.25 Clubcard Price,,/groceries/en-GB/products/308848418,https://digitalcontent.api.tesco.com/v2/media/ghs/a989dbe8-0ecd-46ee-8f43-18f2ff0178d9/f4ece843-c808-4109-8aeb-afce8bbc2609_1848690107.jpeg?h=225&w=225
305251380,Lynx Bodywash Africa 500Ml,https://www.tesco.com/groceries/en-GB/shop/health-and-beauty/all?department=Shower%2C%20Bath%20%26%20Hand%20Hygiene&viewAll=department&page=,£2.50,£0.50/100ml,,,/groceries/en-GB/products/305251380,https://digitalcontent.api.tesco.com/v2/media/ghs/50809edc-47c4-4d5c-84b3-ffa44ea1a11a/2ea854ac-3b67-466e-bafa-9bd9b8fb03ff_1779297725.jpeg?h=225&w=225
311422327,Imperial Leather Handwash Mandarin & Neoli 500Ml,https://www.tesco.com/groceries/en-GB/shop/health-and-beauty/all?department=Shower%2C%20Bath%20%26%20Hand%20Hygiene&viewAll=department&page=,£2.00,£0.40/100ml,,,/groceries/en-GB/products/311422327,https://digitalcontent.api.tesco.com/v2/media/ghs/33247a49-af92-4334-b7e6-f5972a895e70/711ca96d-5fde-433f-93f9-84c2d8266412_656225998.jpeg?h=225&w=225
274066859,Tesco Kids Sensitive Bath And Bodywash 500Ml,https://www.tesco.com/groceries/en-GB/shop/health-and-beauty/all?department=Shower%2C%20Bath%20%26%20Hand%20Hygiene&viewAll=department&page=,£1.50,£0.30/100ml,,,/groceries/en-GB/products/274066859,https://digitalcontent.api.tesco.com/v2/media/ghs/50bcf0dc-d231-47cf-b038-3caa25427309/ff5f76dc-ffd2-4ec0-ab3d-b4eabc5c2da1_1515489806.jpeg?h=225&w=225
305051023,Lynx Excite Shower Gel 500Ml,https://www.tesco.com/groceries/en-GB/shop/health-and-beauty/all?department=Shower%2C%20Bath%20%26%20Hand%20Hygiene&viewAll=department&page=,£2.50,£0.50/100ml,,,/groceries/en-GB/products/305051023,https://digitalcontent.api.tesco.com/v2/media/ghs/f785831d-7799-4f35-9d25-e9db514f6e47/80667171-437d-4b33-9247-b3c15f302bd9_846180284.jpeg?h=225&w=225
309160999,Dove Caring Handwash Refill 500Ml,https://www.tesco.com/groceries/en-GB/shop/health-and-beauty/all?department=Shower%2C%20Bath%20%26%20Hand%20Hygiene&viewAll=department&page=,£1.80,£0.36/100ml,,,/groceries/en-GB/products/309160999,https://digitalcontent.api.tesco.com/v2/media/ghs/45179735-579c-4850-ab5f-b9e7f23d960f/0f4787b7-58b1-4666-929c-83f1b436cc8f_1557323700.jpeg?h=225&w=225
296936160,Original Source Mint & Tea Tree Shower Gel 500Ml,https://www.tesco.com/groceries/en-GB/shop/health-and-beauty/all?department=Shower%2C%20Bath%20%26%20Hand%20Hygiene&viewAll=department&page=,£1.90,£0.38/100ml,,,/groceries/en-GB/products/296936160,https://digitalcontent.api.tesco.com/v2/media/ghs/edd35ac7-29cb-4521-8e21-e85e2c519665/7a83399b-905b-45d8-9feb-7a057017096f_3882414.jpeg?h=225&w=225
301841615,Carex Advanced Protect Marine Mineral Hand Wash 250Ml,https://www.tesco.com/groceries/en-GB/shop/health-and-beauty/all?department=Shower%2C%20Bath%20%26%20Hand%20Hygiene&viewAll=department&page=,£1.80,£0.72/100ml,,,/groceries/en-GB/products/301841615,https://digitalcontent.api.tesco.com/v2/media/ghs/ed14e858-58fc-4140-bcb1-de431085c4da/d5be2139-9f0a-4496-90d1-111a20d29a6b_1134377182.jpeg?h=225&w=225
304407613,Dove Silk Glow Body Wash 450Ml,https://www.tesco.com/groceries/en-GB/shop/health-and-beauty/all?department=Shower%2C%20Bath%20%26%20Hand%20Hygiene&viewAll=department&page=,£2.00,£0.44/100ml,,,/groceries/en-GB/products/304407613,https://digitalcontent.api.tesco.com/v2/media/ghs/6f4108af-b7d9-4c9e-858b-4c45f5529a79/4ecd11fc-37e6-4b58-9c12-223e53ce600a_1638418850.jpeg?h=225&w=225
304399402,Dove Pro Age Body Wash 450Ml,https://www.tesco.com/groceries/en-GB/shop/health-and-beauty/all?department=Shower%2C%20Bath%20%26%20Hand%20Hygiene&viewAll=department&page=,£2.00,£0.44/100ml,,,/groceries/en-GB/products/304399402,https://digitalcontent.api.tesco.com/v2/media/ghs/8aaabbf5-0b9d-48e8-83f0-197006390790/d3231562-38dc-4d0d-b187-ee80379b4e85_1364650689.jpeg?h=225&w=225
311254241,Dove Anti Stress Bodywash 450Ml,https://www.tesco.com/groceries/en-GB/shop/health-and-beauty/all?department=Shower%2C%20Bath%20%26%20Hand%20Hygiene&viewAll=department&page=,£2.00,£4.45/litre,,,/groceries/en-GB/products/311254241,https://digitalcontent.api.tesco.com/v2/media/ghs/b52c901f-d690-4008-9d58-e42face48c08/459eb770-3d75-46eb-8a01-fafead9ea888_1543528604.jpeg?h=225&w=225
296936223,Original Source Coconut Shower Gel 500Ml,https://www.tesco.com/groceries/en-GB/shop/health-and-beauty/all?department=Shower%2C%20Bath%20%26%20Hand%20Hygiene&viewAll=department&page=,£1.90,£0.38/100ml,,,/groceries/en-GB/products/296936223,https://digitalcontent.api.tesco.com/v2/media/ghs/dfd725a1-1420-4e6f-b6bd-1643c77f10ff/e40f4bad-4c22-4dae-b81f-1b2240889c7b_1278274291.jpeg?h=225&w=225
305038725,Nivea Men Power Fresh Shower Gel 400Ml,https://www.tesco.com/groceries/en-GB/shop/health-and-beauty/all?department=Shower%2C%20Bath%20%26%20Hand%20Hygiene&viewAll=department&page=,£1.49,£0.37/100ml,,,/groceries/en-GB/products/305038725,https://digitalcontent.api.tesco.com/v2/media/ghs/022e02bf-252a-40d8-af2c-50a82a0bb1ec/037d7c34-c6e0-4ae5-be26-06924502b902_2034289728.jpeg?h=225&w=225
309777575,Sanex Zero % Sensitive Skin Shower Gel 225Ml,https://www.tesco.com/groceries/en-GB/shop/health-and-beauty/all?department=Shower%2C%20Bath%20%26%20Hand%20Hygiene&viewAll=department&page=,£1.15,£0.51/100ml,,,/groceries/en-GB/products/309777575,https://digitalcontent.api.tesco.com/v2/media/ghs/552b1979-b63d-4027-88c1-9d47c6cf4bc1/331515ae-de23-4871-a512-38d15eb73f27_800126008.jpeg?h=225&w=225
311788337,Imperial Leather Cypress & Eucalyptus Body Wash 250Ml,https://www.tesco.com/groceries/en-GB/shop/health-and-beauty/all?department=Shower%2C%20Bath%20%26%20Hand%20Hygiene&viewAll=department&page=,£1.50,£0.60/100ml,£1.00 Clubcard Price,,/groceries/en-GB/products/311788337,https://digitalcontent.api.tesco.com/v2/media/ghs/c8d1c0a7-69d8-480f-a767-ecc70b1eed23/adec35e5-81fe-41d2-b861-13f012d38f57_525041595.jpeg?h=225&w=225
305052575,Nivea Men Sport Shower Gel 400Ml,https://www.tesco.com/groceries/en-GB/shop/health-and-beauty/all?department=Shower%2C%20Bath%20%26%20Hand%20Hygiene&viewAll=department&page=,£1.49,£0.37/100ml,,,/groceries/en-GB/products/305052575,https://digitalcontent.api.tesco.com/v2/media/ghs/d177170d-f342-426d-8ea4-a835cc9aaae6/f0e60e3d-8c6b-4ce6-b6c2-7e831eea59a2_1397440737.jpeg?h=225&w=225
255422467,Radox Muscle Soak Bath Salts 400G,https://www.tesco.com/groceries/en-GB/shop/health-and-beauty/all?department=Shower%2C%20Bath%20%26%20Hand%20Hygiene&viewAll=department&page=,£1.25,£0.31/100g,,,/groceries/en-GB/products/255422467,https://digitalcontent.api.tesco.com/v2/media/ghs/d0d2a596-5abe-49a1-81b7-0d79728a6830/1a4cf8d4-f318-4e65-97f4-80a7460f3dfc_85137152.jpeg?h=225&w=225
255421900,Dove Silk Hand Wash 250Ml,https://www.tesco.com/groceries/en-GB/shop/health-and-beauty/all?department=Shower%2C%20Bath%20%26%20Hand%20Hygiene&viewAll=department&page=,£1.25,£0.50/100ml,,,/groceries/en-GB/products/255421900,https://digitalcontent.api.tesco.com/v2/media/ghs/c83a19f7-e481-4b7b-a9c3-2f9665111195/5ccc5744-c698-4b92-b667-81e6c2202639_1766260759.jpeg?h=225&w=225
311795435,Imperial Leather Mallow & Rose Milk Body Wash 250Ml,https://www.tesco.com/groceries/en-GB/shop/health-and-beauty/all?department=Shower%2C%20Bath%20%26%20Hand%20Hygiene&viewAll=department&page=,£1.50,£0.60/100ml,£1.00 Clubcard Price,,/groceries/en-GB/products/311795435,https://digitalcontent.api.tesco.com/v2/media/ghs/ca4603b2-538b-44cc-9d03-5f5ea41a92d4/4634c114-8aeb-4f40-a92e-4d945b0732cc_1036924525.jpeg?h=225&w=225
311788277,Imperial Leather Bergamot & Sea Salt Bath Soak 500Ml,https://www.tesco.com/groceries/en-GB/shop/health-and-beauty/all?department=Shower%2C%20Bath%20%26%20Hand%20Hygiene&viewAll=department&page=,£1.60,£0.32/100ml,£1.20 Clubcard Price,,/groceries/en-GB/products/311788277,https://digitalcontent.api.tesco.com/v2/media/ghs/6d655349-fa8a-4333-854e-8b078c99d290/7faf4d34-1c39-4544-bcd5-b7fbd7fd7f49_1578326409.jpeg?h=225&w=225
276795102,Dove Men Clean Comfort Body & Face Wash 400Ml,https://www.tesco.com/groceries/en-GB/shop/health-and-beauty/all?department=Shower%2C%20Bath%20%26%20Hand%20Hygiene&viewAll=department&page=,£1.80,£0.45/100ml,,,/groceries/en-GB/products/276795102,https://digitalcontent.api.tesco.com/v2/media/ghs/c42c65e9-2e8d-4cf7-a706-450343f624e3/2353c305-6883-4f68-8084-d0a9aa62ed29_69012039.jpeg?h=225&w=225
311683619,Imperial Leather Lavender & Iris Bath Soak 500Ml,https://www.tesco.com/groceries/en-GB/shop/health-and-beauty/all?department=Shower%2C%20Bath%20%26%20Hand%20Hygiene&viewAll=department&page=,£1.60,£0.32/100ml,£1.20 Clubcard Price,,/groceries/en-GB/products/311683619,https://digitalcontent.api.tesco.com/v2/media/ghs/db96ce70-c6ad-4e8e-b1e1-de613a5d2217/55c15ae2-5e84-4c86-bba8-b7a7ad942a35_342753872.jpeg?h=225&w=225
311780936,Imperial Leather Cotton & Vanilla Bath Soak 500Ml,https://www.tesco.com/groceries/en-GB/shop/health-and-beauty/all?department=Shower%2C%20Bath%20%26%20Hand%20Hygiene&viewAll=department&page=,£1.60,£0.32/100ml,£1.20 Clubcard Price,,/groceries/en-GB/products/311780936,https://digitalcontent.api.tesco.com/v2/media/ghs/a72028e6-9ac6-4efc-8b75-0102a89201c1/bd75eb41-5e5e-471e-9d03-7925a6e82249_1012949652.jpeg?h=225&w=225
311425143,Cussons Creations Marshmallow Skies Bath Soak 500Ml,https://www.tesco.com/groceries/en-GB/shop/health-and-beauty/all?department=Shower%2C%20Bath%20%26%20Hand%20Hygiene&viewAll=department&page=,£1.00,£0.20/100ml,,,/groceries/en-GB/products/311425143,https://digitalcontent.api.tesco.com/v2/media/ghs/3caaaf83-eeca-453a-8dc3-bbbf520d04cc/55476ee3-f557-4f81-a623-98690c19d77c_1463224578.jpeg?h=225&w=225
311268037,Cussons Creations The Moon & Back Bath Soak 500Ml,https://www.tesco.com/groceries/en-GB/shop/health-and-beauty/all?department=Shower%2C%20Bath%20%26%20Hand%20Hygiene&viewAll=department&page=,£1.00,£0.20/100ml,,,/groceries/en-GB/products/311268037,https://digitalcontent.api.tesco.com/v2/media/ghs/af95c57f-6e73-4301-8fe9-6178f4d9cb66/89f1bbd9-ca16-4955-b20b-c48e6e2281f8_1059711938.jpeg?h=225&w=225
311225253,Dove 3In1 Sensitive Skin Beauty Bar 2X90g,https://www.tesco.com/groceries/en-GB/shop/health-and-beauty/all?department=Shower%2C%20Bath%20%26%20Hand%20Hygiene&viewAll=department&page=,£1.15,£0.64/100g,,,/groceries/en-GB/products/311225253,https://digitalcontent.api.tesco.com/v2/media/ghs/a4423aee-c2ca-4bb8-9351-4645094536a5/9543d79d-6590-4caa-9faa-332097fd6eb1_1983239678.jpeg?h=225&w=225
304411285,Dove Pomegranate & Verbena Scent Body Wash 225Ml,https://www.tesco.com/groceries/en-GB/shop/health-and-beauty/all?department=Shower%2C%20Bath%20%26%20Hand%20Hygiene&viewAll=department&page=,£1.15,£0.51/100ml,,,/groceries/en-GB/products/304411285,https://digitalcontent.api.tesco.com/v2/media/ghs/8de2d156-8aed-4169-b4f3-4c0eae8bcdc0/727e766e-5f4b-4003-bc0f-49ea16d3ae88_286801883.jpeg?h=225&w=225
262156633,Nivea Men Sensitive Shower Gel 250Ml,https://www.tesco.com/groceries/en-GB/shop/health-and-beauty/all?department=Shower%2C%20Bath%20%26%20Hand%20Hygiene&viewAll=department&page=,£1.00,£0.40/100ml,,,/groceries/en-GB/products/262156633,https://digitalcontent.api.tesco.com/v2/media/ghs/795a6a8d-3078-49bd-b04d-14ab17b298af/af28cf63-6b97-4193-9f0b-2099be4715b0_1343111599.jpeg?h=225&w=225
312584240,Wrights Traditional Soap 125G,https://www.tesco.com/groceries/en-GB/shop/health-and-beauty/all?department=Shower%2C%20Bath%20%26%20Hand%20Hygiene&viewAll=department&page=,£0.80,£0.64/100g,,,/groceries/en-GB/products/312584240,https://digitalcontent.api.tesco.com/v2/media/ghs/9a74eafb-f857-4b09-ad0d-8d911123385d/94ce2f64-3659-46ad-8765-d73e023331b9_705373557.jpeg?h=225&w=225
259743265,Nivea Creme Soft Handwash 250Ml,https://www.tesco.com/groceries/en-GB/shop/health-and-beauty/all?department=Shower%2C%20Bath%20%26%20Hand%20Hygiene&viewAll=department&page=,£1.00,£0.40/100ml,,,/groceries/en-GB/products/259743265,https://digitalcontent.api.tesco.com/v2/media/ghs/55bb9c76-685f-4456-baba-d6ad37fb0541/87b5260e-a956-4910-b0ab-17e90efa0f5c_1964882957.jpeg?h=225&w=225
301219881,Tesco Extracts Lemon & Mandarin Soap 4X125g,https://www.tesco.com/groceries/en-GB/shop/health-and-beauty/all?department=Shower%2C%20Bath%20%26%20Hand%20Hygiene&viewAll=department&page=,£1.35,£0.27/100g,,,/groceries/en-GB/products/301219881,https://digitalcontent.api.tesco.com/v2/media/ghs/8b762773-c448-4cb6-a382-177b3261dfde/9a37ec3f-3e84-4dbb-a244-69364a0fa8fa_1746719204.jpeg?h=225&w=225
308098907,L’Oreal Men Expert Hydra. Energetic Shower Gel 400Ml,https://www.tesco.com/groceries/en-GB/shop/health-and-beauty/all?department=Shower%2C%20Bath%20%26%20Hand%20Hygiene&viewAll=department&page=,£2.25,£0.56/100ml,,,/groceries/en-GB/products/308098907,https://digitalcontent.api.tesco.com/v2/media/ghs/f93c4f35-4aa8-4f18-8ee4-3cb9ebb823d0/35870425-83b4-4fc7-9789-9b83d32a7980_1212898311.jpeg?h=225&w=225
308103914,L'oreal Men Expert Total Clean Shower Gel 400Ml,https://www.tesco.com/groceries/en-GB/shop/health-and-beauty/all?department=Shower%2C%20Bath%20%26%20Hand%20Hygiene&viewAll=department&page=,£2.25,£0.56/100ml,,,/groceries/en-GB/products/308103914,https://digitalcontent.api.tesco.com/v2/media/ghs/922fb45a-0404-41b9-8b41-ecdaccabb9a8/3a884da9-4310-4b85-b5d1-82e0ea9ad0d7_1334712587.jpeg?h=225&w=225
283740212,Method Foaming Handwash Green Tea 300Ml,https://www.tesco.com/groceries/en-GB/shop/health-and-beauty/all?department=Shower%2C%20Bath%20%26%20Hand%20Hygiene&viewAll=department&page=,£3.25,£10.84/litre,,,/groceries/en-GB/products/283740212,https://digitalcontent.api.tesco.com/v2/media/ghs/2dcb2db9-a83f-425d-bcdb-f58bfd19dfaa/812c0e85-3c3e-4fd9-bfaa-d753094ed079_1407901924.jpeg?h=225&w=225
266527718,"Badedas Revitalising Shower Gel , Shampoo & Conditioner 200Ml",https://www.tesco.com/groceries/en-GB/shop/health-and-beauty/all?department=Shower%2C%20Bath%20%26%20Hand%20Hygiene&viewAll=department&page=,£2.50,£1.25/100ml,,,/groceries/en-GB/products/266527718,https://digitalcontent.api.tesco.com/v2/media/ghs/359cfc0e-0b51-45af-9daa-37f64228252c/5b6da036-45ce-4b9c-b47c-3028d9145c07_799114692.jpeg?h=225&w=225
307337950,Westlab 100% Pure Epsom Salts 1Kg,https://www.tesco.com/groceries/en-GB/shop/health-and-beauty/all?department=Shower%2C%20Bath%20%26%20Hand%20Hygiene&viewAll=department&page=,£2.80,£0.28/100g,,,/groceries/en-GB/products/307337950,https://digitalcontent.api.tesco.com/v2/media/ghs/64b949c5-5fe2-4bc0-bef0-eee429542738/b5b2577a-29d0-46a9-ac69-8e1ffa35584d_382626431.jpeg?h=225&w=225
311801815,Baylis & Harding Jasmine & Apple Blossom Handwash Refill 1 Litre,https://www.tesco.com/groceries/en-GB/shop/health-and-beauty/all?department=Shower%2C%20Bath%20%26%20Hand%20Hygiene&viewAll=department&page=,£3.00,£0.30/100ml,,,/groceries/en-GB/products/311801815,https://digitalcontent.api.tesco.com/v2/media/ghs/c2c47e9b-6561-482d-87e8-0c51b126434c/72c89e4d-49b8-4ee5-9761-a41d5108b3c7_1859969432.jpeg?h=225&w=225
298909420,Femfresh Soothing Wash 250Ml,https://www.tesco.com/groceries/en-GB/shop/health-and-beauty/all?department=Shower%2C%20Bath%20%26%20Hand%20Hygiene&viewAll=department&page=,£2.75,£1.10/100ml,,,/groceries/en-GB/products/298909420,https://digitalcontent.api.tesco.com/v2/media/ghs/b762fbf7-4827-4305-bc3d-adaf3d8f3b95/c76f10d8-00cc-46c9-8cba-60a56d45efaa_2021604525.jpeg?h=225&w=225
308473469,Sanex Biome Protect Moisturising Shower Gel 720Ml,https://www.tesco.com/groceries/en-GB/shop/health-and-beauty/all?department=Shower%2C%20Bath%20%26%20Hand%20Hygiene&viewAll=department&page=,£3.50,£0.49/100ml,,,/groceries/en-GB/products/308473469,https://digitalcontent.api.tesco.com/v2/media/ghs/bc091a73-d2c4-40d1-8bb3-eafd121c86e0/3075a68e-57b6-45c6-8838-4919d62d9b5b_828692425.jpeg?h=225&w=225
301831269,Radox Muscle Relax Bath Salts 900G,https://www.tesco.com/groceries/en-GB/shop/health-and-beauty/all?department=Shower%2C%20Bath%20%26%20Hand%20Hygiene&viewAll=department&page=,£2.50,£0.28/100g,,,/groceries/en-GB/products/301831269,https://digitalcontent.api.tesco.com/v2/media/ghs/b2d2e63d-075f-4f0d-8353-805491675cd6/284ff16b-e201-468f-a7f6-5424d3af311d_134877421.jpeg?h=225&w=225
309753684,Alice Scott Body Polisher,https://www.tesco.com/groceries/en-GB/shop/health-and-beauty/all?department=Shower%2C%20Bath%20%26%20Hand%20Hygiene&viewAll=department&page=,£2.00,£2.00/each,,,/groceries/en-GB/products/309753684,https://digitalcontent.api.tesco.com/v2/media/ghs/ba2446ac-568a-416f-aa9f-7f516dca870a/20aa89e7-eeb1-481a-af5c-d2f9ebe2ec58_1052535688.jpeg?h=225&w=225
308853008,Sanex Biomeprotect Moisturising Bath Foam 450Ml,https://www.tesco.com/groceries/en-GB/shop/health-and-beauty/all?department=Shower%2C%20Bath%20%26%20Hand%20Hygiene&viewAll=department&page=,£3.00,£6.67/litre,£2.20 Clubcard Price,,/groceries/en-GB/products/308853008,https://digitalcontent.api.tesco.com/v2/media/ghs/f053e2c3-a232-480f-a549-bf10d2c0f25c/30a8c99c-dcf8-4da7-85f6-9012d719801a_716975427.jpeg?h=225&w=225
264250282,Pears Liquid Hand Wash 250Ml,https://www.tesco.com/groceries/en-GB/shop/health-and-beauty/all?department=Shower%2C%20Bath%20%26%20Hand%20Hygiene&viewAll=department&page=,£2.25,£0.90/100ml,,,/groceries/en-GB/products/264250282,https://digitalcontent.api.tesco.com/v2/media/ghs/f8bd8661-9e7d-4f7b-b0ad-aa5696554422/bfbf0ab5-a56d-438b-ae39-1782e0be1dbf_689695689.jpeg?h=225&w=225
308460277,Sanex Biomeprotect Sensitive Bath Foam 450Ml,https://www.tesco.com/groceries/en-GB/shop/health-and-beauty/all?department=Shower%2C%20Bath%20%26%20Hand%20Hygiene&viewAll=department&page=,£3.00,£6.67/litre,£2.20 Clubcard Price,,/groceries/en-GB/products/308460277,https://digitalcontent.api.tesco.com/v2/media/ghs/34371792-dffb-4c36-89ff-94199251df21/e1781e7c-62e7-4091-b73e-c9d4a7497e73_1421651551.jpeg?h=225&w=225
308863048,Sanex Biomeprotect Pro Hydrate Shower Cream 450Ml,https://www.tesco.com/groceries/en-GB/shop/health-and-beauty/all?department=Shower%2C%20Bath%20%26%20Hand%20Hygiene&viewAll=department&page=,£3.00,£6.67/litre,£2.20 Clubcard Price,,/groceries/en-GB/products/308863048,https://digitalcontent.api.tesco.com/v2/media/ghs/fcf415aa-7be6-4cf3-b11d-30e7009c81c1/e3c9e1ca-a78d-4dd3-8e54-a298a6cbce1d_2085652269.jpeg?h=225&w=225
285293452,Treaclemoon Honeycomb Bath & Shower Gel 500Ml,https://www.tesco.com/groceries/en-GB/shop/health-and-beauty/all?department=Shower%2C%20Bath%20%26%20Hand%20Hygiene&viewAll=department&page=,£1.95,£0.39/100ml,,,/groceries/en-GB/products/285293452,https://digitalcontent.api.tesco.com/v2/media/ghs/39a9a83d-27c2-4801-a981-9760ff2fe616/56d51d8b-c8a6-446d-98fd-57af139e9c57_1726453824.jpeg?h=225&w=225
301073821,Tesco Free Spirit Intimate Wash 250Ml,https://www.tesco.com/groceries/en-GB/shop/health-and-beauty/all?department=Shower%2C%20Bath%20%26%20Hand%20Hygiene&viewAll=department&page=,£1.60,£0.64/100ml,,,/groceries/en-GB/products/301073821,https://digitalcontent.api.tesco.com/v2/media/ghs/8f030e9d-2fe8-425b-9b0b-e1a62818c487/56133d8e-a111-4321-834e-13fde0eca31f_717936913.jpeg?h=225&w=225
312098017,Imperial Leather Mallow & Blossom Foamburst 200Ml,https://www.tesco.com/groceries/en-GB/shop/health-and-beauty/all?department=Shower%2C%20Bath%20%26%20Hand%20Hygiene&viewAll=department&page=,£3.00,£1.50/100ml,,,/groceries/en-GB/products/312098017,https://digitalcontent.api.tesco.com/v2/media/ghs/be291878-1aa9-450f-a5ec-757ae94416d9/f546fa31-cb1d-451e-b5d2-8a0ae9a8a223_1131657889.jpeg?h=225&w=225
264250322,Pears Shower Gel 250Ml,https://www.tesco.com/groceries/en-GB/shop/health-and-beauty/all?department=Shower%2C%20Bath%20%26%20Hand%20Hygiene&viewAll=department&page=,£2.00,£0.80/100ml,,,/groceries/en-GB/products/264250322,https://digitalcontent.api.tesco.com/v2/media/ghs/04cbaf7e-a5ac-4c0b-ad24-6d991a96cebd/f33a2f0a-5376-44af-b574-5deae0a77afb_937288014.jpeg?h=225&w=225
299918776,Little Soap Company Natural Bar Soap Cleansing Lemon 100G,https://www.tesco.com/groceries/en-GB/shop/health-and-beauty/all?department=Shower%2C%20Bath%20%26%20Hand%20Hygiene&viewAll=department&page=,£2.30,£2.30/100g,,,/groceries/en-GB/products/299918776,https://digitalcontent.api.tesco.com/v2/media/ghs/345840ab-2d76-4047-9651-bdb789c9890b/bbd2dccc-45aa-40cf-86db-d15127126432_951454086.jpeg?h=225&w=225
311785378,Imperial Leather Moisting Flower & Vanilla Wash 500Ml,https://www.tesco.com/groceries/en-GB/shop/health-and-beauty/all?department=Shower%2C%20Bath%20%26%20Hand%20Hygiene&viewAll=department&page=,£2.00,£0.40/100ml,,,/groceries/en-GB/products/311785378,https://digitalcontent.api.tesco.com/v2/media/ghs/277015e5-3c6c-47f3-a6a6-ab4d2499c271/b40b072f-3546-4cd1-b4bb-1380ff5c455b_2028805919.jpeg?h=225&w=225
305049050,Lynx Ice Chill Shower Gel 500Ml,https://www.tesco.com/groceries/en-GB/shop/health-and-beauty/all?department=Shower%2C%20Bath%20%26%20Hand%20Hygiene&viewAll=department&page=,£2.50,£0.50/100ml,,,/groceries/en-GB/products/305049050,https://digitalcontent.api.tesco.com/v2/media/ghs/34642985-2cbb-4c2e-9dab-61d9e78bc375/61daba67-0ea0-42e0-924e-ac712e611d07_216498483.jpeg?h=225&w=225
258938152,Funky Farm Bath & Shower Gel 1 Litre,https://www.tesco.com/groceries/en-GB/shop/health-and-beauty/all?department=Shower%2C%20Bath%20%26%20Hand%20Hygiene&viewAll=department&page=,£2.00,£0.20/100ml,,,/groceries/en-GB/products/258938152,https://digitalcontent.api.tesco.com/v2/media/ghs/cc71e181-e6ef-4cf3-b555-2f5366e6cbe0/cd2bf49d-20db-4092-8441-41b040484949_1377365748.jpeg?h=225&w=225
266552342,Matey Molly Bubble Bath 500Ml,https://www.tesco.com/groceries/en-GB/shop/health-and-beauty/all?department=Shower%2C%20Bath%20%26%20Hand%20Hygiene&viewAll=department&page=,£2.50,£0.50/100ml,£2.00 Clubcard Price,,/groceries/en-GB/products/266552342,https://digitalcontent.api.tesco.com/v2/media/ghs/31e26dbf-468a-4f20-90c4-e4df90255051/3dcd05d4-3f85-49b8-8ac5-d94346b1d930_1939159440.jpeg?h=225&w=225
307364842,Baylis & Harding Elements White Tea & Neroli Body Wash 500Ml,https://www.tesco.com/groceries/en-GB/shop/health-and-beauty/all?department=Shower%2C%20Bath%20%26%20Hand%20Hygiene&viewAll=department&page=,£3.00,£0.60/100ml,£1.75 Clubcard Price,,/groceries/en-GB/products/307364842,https://digitalcontent.api.tesco.com/v2/media/ghs/863f82b3-7120-4a45-8e54-b5d4cd1efd21/1c746964-e04e-4c79-9d1a-c0d349112876_814597522.jpeg?h=225&w=225
304411999,Dove Caring Bath Indulging Cream 450Ml,https://www.tesco.com/groceries/en-GB/shop/health-and-beauty/all?department=Shower%2C%20Bath%20%26%20Hand%20Hygiene&viewAll=department&page=,£2.00,£0.44/100ml,,,/groceries/en-GB/products/304411999,https://digitalcontent.api.tesco.com/v2/media/ghs/c7917e08-cd08-4415-8ded-a14d0b60c946/63f40a73-6160-4f7f-9b56-64fac00892f8_809183472.jpeg?h=225&w=225
308493249,L'oreal Men Expert Stress Resist Shower Gel 400Ml,https://www.tesco.com/groceries/en-GB/shop/health-and-beauty/all?department=Shower%2C%20Bath%20%26%20Hand%20Hygiene&viewAll=department&page=,£2.25,£0.56/100ml,,,/groceries/en-GB/products/308493249,https://digitalcontent.api.tesco.com/v2/media/ghs/beae174f-583b-4c7d-b364-379ad3d3d6d1/96933dbf-69cc-4c89-b27a-176c3c848553_1096664454.jpeg?h=225&w=225
274260082,Bath Essentials Double Sided Nailbrush,https://www.tesco.com/groceries/en-GB/shop/health-and-beauty/all?department=Shower%2C%20Bath%20%26%20Hand%20Hygiene&viewAll=department&page=,£1.00,£1.00/each,,,/groceries/en-GB/products/274260082,https://digitalcontent.api.tesco.com/v2/media/ghs/47bc4047-a7e3-4a71-98d9-eae2b0c83382/3fecf923-131b-4403-92a8-0f687a006511_752112943.jpeg?h=225&w=225
304388369,Dove Bath Shea Butter With Warm Vanilla 450Ml,https://www.tesco.com/groceries/en-GB/shop/health-and-beauty/all?department=Shower%2C%20Bath%20%26%20Hand%20Hygiene&viewAll=department&page=,£2.00,£0.44/100ml,,,/groceries/en-GB/products/304388369,https://digitalcontent.api.tesco.com/v2/media/ghs/f95451cb-ef8a-49a0-b768-a3b51cef2334/203f19c2-fcfe-46d1-b0a4-7abb031a0b4c_1101852644.jpeg?h=225&w=225
303760736,Radox Liquid Handwash Care & Nourish 500Ml,https://www.tesco.com/groceries/en-GB/shop/health-and-beauty/all?department=Shower%2C%20Bath%20%26%20Hand%20Hygiene&viewAll=department&page=,£1.50,£0.30/100ml,,,/groceries/en-GB/products/303760736,https://digitalcontent.api.tesco.com/v2/media/ghs/d362026f-ac9b-47d7-8487-fda17e24ba56/snapshotimagehandler_554274694.jpeg?h=225&w=225
292484348,Radox Feel Uplifted Shower Gel 500Ml,https://www.tesco.com/groceries/en-GB/shop/health-and-beauty/all?department=Shower%2C%20Bath%20%26%20Hand%20Hygiene&viewAll=department&page=,£1.65,£0.33/100ml,,,/groceries/en-GB/products/292484348,https://digitalcontent.api.tesco.com/v2/media/ghs/57aab1b8-c198-4f32-9128-7003b0eeff4f/a1de402a-11d9-41d7-a9a9-e74100ea857f_1996137922.jpeg?h=225&w=225
268644910,Shield Bar Soap Aqua 4X115g,https://www.tesco.com/groceries/en-GB/shop/health-and-beauty/all?department=Shower%2C%20Bath%20%26%20Hand%20Hygiene&viewAll=department&page=,£2.50,£0.54/100g,,,/groceries/en-GB/products/268644910,https://digitalcontent.api.tesco.com/v2/media/ghs/9823fbd5-c142-44f5-8052-e2ed29cf0103/dae5b627-0c40-4e37-a79b-554029f7d92b_1038897704.jpeg?h=225&w=225
311790627,Carex Tropical Twist Hand Wash 250Ml,https://www.tesco.com/groceries/en-GB/shop/health-and-beauty/all?department=Shower%2C%20Bath%20%26%20Hand%20Hygiene&viewAll=department&page=,£1.20,£0.48/100ml,,,/groceries/en-GB/products/311790627,https://digitalcontent.api.tesco.com/v2/media/ghs/a69f3c3b-b5c5-40a6-a21a-efd8e3006bc8/2b765184-e390-4794-ab2a-7e74e689d987_1238863870.jpeg?h=225&w=225
274260237,Bath Essentials Facecloth,https://www.tesco.com/groceries/en-GB/shop/health-and-beauty/all?department=Shower%2C%20Bath%20%26%20Hand%20Hygiene&viewAll=department&page=,£1.00,£1.00/each,,,/groceries/en-GB/products/274260237,https://digitalcontent.api.tesco.com/v2/media/ghs/dfcbbcd5-9bce-4162-8551-21a366fe5c18/af6b4f36-3c14-4c31-a17d-3dda53426317_381273883.jpeg?h=225&w=225
274260122,Bath Essentials Exfoliating Gloves,https://www.tesco.com/groceries/en-GB/shop/health-and-beauty/all?department=Shower%2C%20Bath%20%26%20Hand%20Hygiene&viewAll=department&page=,£1.00,£1.00/each,,,/groceries/en-GB/products/274260122,https://digitalcontent.api.tesco.com/v2/media/ghs/23297fcf-4b0d-4e86-b28c-6565bfb38c83/e6f992d8-b0f1-44a3-846c-1d40947a3259_616274509.jpeg?h=225&w=225
264251281,Carex Moisture Plus Hand Gel 50Ml,https://www.tesco.com/groceries/en-GB/shop/health-and-beauty/all?department=Shower%2C%20Bath%20%26%20Hand%20Hygiene&viewAll=department&page=,£1.30,£2.60/100ml,£1.00 Clubcard Price,,/groceries/en-GB/products/264251281,https://digitalcontent.api.tesco.com/v2/media/ghs/b7165e62-f1bd-4d1d-915c-2a9ee1c9852d/bf25e000-38f8-48ef-b43b-ba21df8a8897_1784497224.jpeg?h=225&w=225
261609077,Carex Hand Gel Aloe Vera 50Ml,https://www.tesco.com/groceries/en-GB/shop/health-and-beauty/all?department=Shower%2C%20Bath%20%26%20Hand%20Hygiene&viewAll=department&page=,£1.30,£2.60/100ml,£1.00 Clubcard Price,,/groceries/en-GB/products/261609077,https://digitalcontent.api.tesco.com/v2/media/ghs/a685a3f7-123a-43a8-bf85-7f3ada1efb8a/c51642f8-b081-4585-b828-159fbe713c6c_1936712838.jpeg?h=225&w=225
311443075,Imperial Leather Mallow & Rose Milk Bath Soak 500Ml,https://www.tesco.com/groceries/en-GB/shop/health-and-beauty/all?department=Shower%2C%20Bath%20%26%20Hand%20Hygiene&viewAll=department&page=,£1.60,£0.32/100ml,£1.20 Clubcard Price,,/groceries/en-GB/products/311443075,https://digitalcontent.api.tesco.com/v2/media/ghs/ec899a79-359c-4de7-8e67-1973b3cd24ae/ce0dc85d-895b-4ddb-81c4-e3bc861e0155_1141197193.jpeg?h=225&w=225
311422175,Carex Hygiene Antibacterial Wipes Biodegradable 15 Pack,https://www.tesco.com/groceries/en-GB/shop/health-and-beauty/all?department=Shower%2C%20Bath%20%26%20Hand%20Hygiene&viewAll=department&page=,£1.30,£0.09/each,,,/groceries/en-GB/products/311422175,https://digitalcontent.api.tesco.com/v2/media/ghs/158c9af6-2117-4a35-941d-67cd20338c82/5d8b74f2-69eb-4494-904b-1023032229ab_1154441977.jpeg?h=225&w=225
308476823,Dove Men+Care Sport 3-In-1 Shower Gel 400Ml,https://www.tesco.com/groceries/en-GB/shop/health-and-beauty/all?department=Shower%2C%20Bath%20%26%20Hand%20Hygiene&viewAll=department&page=,£1.80,£0.45/100ml,,,/groceries/en-GB/products/308476823,https://digitalcontent.api.tesco.com/v2/media/ghs/da5c7ae9-f541-495a-9340-b6652dd29f0a/1e3cd5e4-7965-42ff-8632-7e38b692466c_2092847299.jpeg?h=225&w=225
307134389,Lifebuoy Hygiene Antibacterial Liquid Handwash 250Ml,https://www.tesco.com/groceries/en-GB/shop/health-and-beauty/all?department=Shower%2C%20Bath%20%26%20Hand%20Hygiene&viewAll=department&page=,£1.00,£0.40/100ml,,,/groceries/en-GB/products/307134389,https://digitalcontent.api.tesco.com/v2/media/ghs/41c048ea-1650-4a58-829e-b36144325e70/d81ac0f8-14f3-4135-8970-783ffcfe4352_910818863.jpeg?h=225&w=225
310174849,Palmolive Secret View Shower Gel 250Ml,https://www.tesco.com/groceries/en-GB/shop/health-and-beauty/all?department=Shower%2C%20Bath%20%26%20Hand%20Hygiene&viewAll=department&page=,£1.00,£0.40/100ml,,,/groceries/en-GB/products/310174849,https://digitalcontent.api.tesco.com/v2/media/ghs/e40ecb20-2e7f-4691-b248-08560a07793c/dc9c4cd0-b93b-4ab4-bcea-f4a47502b9d7_2071473510.jpeg?h=225&w=225
307364829,Lifebuoy Caring Antibacterial Handwash 250Ml,https://www.tesco.com/groceries/en-GB/shop/health-and-beauty/all?department=Shower%2C%20Bath%20%26%20Hand%20Hygiene&viewAll=department&page=,£1.00,£0.40/100ml,,,/groceries/en-GB/products/307364829,https://digitalcontent.api.tesco.com/v2/media/ghs/f67eb336-f596-4f3a-a49b-5f200be19902/d5fa8b4e-27e7-46f1-ac32-5904c6b6a62c_123576587.jpeg?h=225&w=225
308498624,L'oreal Men Expert Hydrating Power Shower Gel 400Ml,https://www.tesco.com/groceries/en-GB/shop/health-and-beauty/all?department=Shower%2C%20Bath%20%26%20Hand%20Hygiene&viewAll=department&page=,£2.25,£0.56/100ml,,,/groceries/en-GB/products/308498624,https://digitalcontent.api.tesco.com/v2/media/ghs/57f901bc-19af-481c-b966-bab69804fcd4/b47ae6d2-8d67-4723-9496-57dcd741221c_1798562473.jpeg?h=225&w=225
291590419,Method Handsoap Botanical Garden 354Ml,https://www.tesco.com/groceries/en-GB/shop/health-and-beauty/all?department=Shower%2C%20Bath%20%26%20Hand%20Hygiene&viewAll=department&page=,£3.25,£9.19/litre,,,/groceries/en-GB/products/291590419,https://digitalcontent.api.tesco.com/v2/media/ghs/509acbde-aeef-44ee-9a99-f2593f12a8d6/07c59308-916f-489d-aec4-ca460adad665_639084918.jpeg?h=225&w=225
309789371,Andrex Ultra Care Flushable Washlet 4X36 Wipes,https://www.tesco.com/groceries/en-GB/shop/health-and-beauty/all?department=Shower%2C%20Bath%20%26%20Hand%20Hygiene&viewAll=department&page=,£6.00,£4.17/100sht,£5.00 Clubcard Price,,/groceries/en-GB/products/309789371,https://digitalcontent.api.tesco.com/v2/media/ghs/41b5d22a-b257-40e6-9022-fdc1ff82c0f6/1a1967ae-b0f6-45f7-905f-2cdb8fe0745d_1623776851.jpeg?h=225&w=225
308476564,Original Source Plant-Based Lavender & Rosemary Hand Wash 335Ml,https://www.tesco.com/groceries/en-GB/shop/health-and-beauty/all?department=Shower%2C%20Bath%20%26%20Hand%20Hygiene&viewAll=department&page=,£3.00,£0.90/100ml,,,/groceries/en-GB/products/308476564,https://digitalcontent.api.tesco.com/v2/media/ghs/1edcf675-e768-4e6e-85cb-513cee6f3433/774c0f4a-91fb-487f-be2c-858e9593dbf1_986272576.jpeg?h=225&w=225
308463182,Original Source I'm Plant Based Lemongrass & Orange H/Wash335ml,https://www.tesco.com/groceries/en-GB/shop/health-and-beauty/all?department=Shower%2C%20Bath%20%26%20Hand%20Hygiene&viewAll=department&page=,£3.00,£0.90/100ml,,,/groceries/en-GB/products/308463182,https://digitalcontent.api.tesco.com/v2/media/ghs/7870bf05-8616-4cd3-b937-1d1bacf2ada1/8eef622a-de23-4e4f-8777-7235f3b32d1f_148940646.jpeg?h=225&w=225
308851523,Sanex Biomeprotect Atopicare Bath & Shower Oil 515Ml,https://www.tesco.com/groceries/en-GB/shop/health-and-beauty/all?department=Shower%2C%20Bath%20%26%20Hand%20Hygiene&viewAll=department&page=,£3.00,£0.58/100ml,,,/groceries/en-GB/products/308851523,https://digitalcontent.api.tesco.com/v2/media/ghs/ae27928b-6ea0-4a70-aec5-15aa0945cbde/0444ccd6-150b-4463-9168-fe4ed2908a22_677509842.jpeg?h=225&w=225
308863872,Original Source Plant-Based Lemongrass & Orange Body Wash 335Ml,https://www.tesco.com/groceries/en-GB/shop/health-and-beauty/all?department=Shower%2C%20Bath%20%26%20Hand%20Hygiene&viewAll=department&page=,£3.00,£0.90/100ml,,,/groceries/en-GB/products/308863872,https://digitalcontent.api.tesco.com/v2/media/ghs/2f3d6aaf-99f9-4e09-b886-afda9bbb7eb0/e28ea819-80ee-4d37-9190-d1df3b15c999_1658154593.jpeg?h=225&w=225
311668537,Baylis & Harding Sweet Mandarin & Grapefruit Hand Wash Refill 1 Litre,https://www.tesco.com/groceries/en-GB/shop/health-and-beauty/all?department=Shower%2C%20Bath%20%26%20Hand%20Hygiene&viewAll=department&page=,£3.00,£0.30/100ml,,,/groceries/en-GB/products/311668537,https://digitalcontent.api.tesco.com/v2/media/ghs/6b4c3f8c-8a20-4c18-bd32-f33b8c05a3db/647104c4-cd01-40ef-bc65-18ebd3b94ce0_6293131.jpeg?h=225&w=225
299226742,Mancave Lemon & Oak Shower Gel 200Ml,https://www.tesco.com/groceries/en-GB/shop/health-and-beauty/all?department=Shower%2C%20Bath%20%26%20Hand%20Hygiene&viewAll=department&page=,£5.25,£2.63/100ml,£2.50 Clubcard Price,,/groceries/en-GB/products/299226742,https://digitalcontent.api.tesco.com/v2/media/ghs/0f596c2d-7723-454a-94cf-b3fe20b55212/5cc8761f-72a8-4c8b-946b-d1112a39d3c4_712011292.jpeg?h=225&w=225
299226673,Mancave Cedarwood Shower Gel 200Ml,https://www.tesco.com/groceries/en-GB/shop/health-and-beauty/all?department=Shower%2C%20Bath%20%26%20Hand%20Hygiene&viewAll=department&page=,£5.25,£2.63/100ml,£2.50 Clubcard Price,,/groceries/en-GB/products/299226673,https://digitalcontent.api.tesco.com/v2/media/ghs/e7e66093-c591-427b-abd1-c085c7662c19/3248ea39-e8d1-4c9c-8640-bd882ebc74f0_747247872.jpeg?h=225&w=225
311273840,Original Source Mint & Tea Tree Shower Gel Refill 1L,https://www.tesco.com/groceries/en-GB/shop/health-and-beauty/all?department=Shower%2C%20Bath%20%26%20Hand%20Hygiene&viewAll=department&page=,£3.30,£0.33/100ml,£2.95 Clubcard Price,,/groceries/en-GB/products/311273840,https://digitalcontent.api.tesco.com/v2/media/ghs/2077b1d8-1d24-43eb-90eb-a5ebc664184b/256e88b5-8b86-4901-b3fe-6501d8d5bf37_1476392034.jpeg?h=225&w=225
311277467,Original Source Coconut & Shea Butter Shower Gel Refill 1L,https://www.tesco.com/groceries/en-GB/shop/health-and-beauty/all?department=Shower%2C%20Bath%20%26%20Hand%20Hygiene&viewAll=department&page=,£3.30,£0.33/100ml,£2.95 Clubcard Price,,/groceries/en-GB/products/311277467,https://digitalcontent.api.tesco.com/v2/media/ghs/8e55ed5a-a157-4979-af6f-2f83dafc189c/02d1212e-9a0e-431e-8a64-38b90f445352_101803483.jpeg?h=225&w=225
307355369,Westlab 100% Pure Dead Sea Bath Salts 1Kg,https://www.tesco.com/groceries/en-GB/shop/health-and-beauty/all?department=Shower%2C%20Bath%20%26%20Hand%20Hygiene&viewAll=department&page=,£2.80,£0.28/100g,,,/groceries/en-GB/products/307355369,https://digitalcontent.api.tesco.com/v2/media/ghs/80924127-de58-4553-a2cb-6dc8904164e3/ce18daff-539f-4073-8e2e-a5fa342493be_1101128631.jpeg?h=225&w=225
308451956,Original Source Plant-Based Lavender & Rosemary Body Wash 335Ml,https://www.tesco.com/groceries/en-GB/shop/health-and-beauty/all?department=Shower%2C%20Bath%20%26%20Hand%20Hygiene&viewAll=department&page=,£3.00,£0.90/100ml,,,/groceries/en-GB/products/308451956,https://digitalcontent.api.tesco.com/v2/media/ghs/6773896a-6b21-48c4-bebe-9139b6ac28d8/971673f2-18c6-4c3f-a7be-59bfa56ba2d3_2094364633.jpeg?h=225&w=225
311841289,Fox & Ivy Hygro Tencel 2Pack Face Cloth Silver,https://www.tesco.com/groceries/en-GB/shop/health-and-beauty/all?department=Shower%2C%20Bath%20%26%20Hand%20Hygiene&viewAll=department&page=,£3.00,£1.50/each,,New,/groceries/en-GB/products/311841289,https://digitalcontent.api.tesco.com/v2/media/ghs/e594b7a2-b9f9-4db5-88ba-13d90eb1764a/fd310a47-db4f-4adc-a9db-6e6b42f7e2bc_1563664045.jpeg?h=225&w=225
311735732,Tesco Dark Grey Antimicrobial Hot Cloths 7Pk,https://www.tesco.com/groceries/en-GB/shop/health-and-beauty/all?department=Shower%2C%20Bath%20%26%20Hand%20Hygiene&viewAll=department&page=,£3.00,£0.43/each,,New,/groceries/en-GB/products/311735732,https://digitalcontent.api.tesco.com/v2/media/ghs/e837b752-1fa6-43b6-bb3a-87a6f50ca516/0a0f1925-70af-42df-8cf3-2a9971ce4052_1932702500.jpeg?h=225&w=225
307345243,Lifebuoy Hand Sanitiser Gel 250Ml,https://www.tesco.com/groceries/en-GB/shop/health-and-beauty/all?department=Shower%2C%20Bath%20%26%20Hand%20Hygiene&viewAll=department&page=,£2.50,£1.00/100ml,,,/groceries/en-GB/products/307345243,https://digitalcontent.api.tesco.com/v2/media/ghs/9cd727bd-6698-4f50-9eb6-a2084322f70c/f771f39b-bcc1-4cb2-80da-dfb233adb66d_2070488211.jpeg?h=225&w=225
309789676,Nivea Kids 2 In 1 Shower & Shampoo Magic Apple 500Ml,https://www.tesco.com/groceries/en-GB/shop/health-and-beauty/all?department=Shower%2C%20Bath%20%26%20Hand%20Hygiene&viewAll=department&page=,£3.00,£0.60/100ml,,,/groceries/en-GB/products/309789676,https://digitalcontent.api.tesco.com/v2/media/ghs/70422d22-ba2e-4d76-b9fb-bfd7691ddaa5/49505f24-6d08-46ba-ac37-41f24c6244a9_716938570.jpeg?h=225&w=225
306492870,Cuticura Original Anti Bacterial Hand Gel 250Ml,https://www.tesco.com/groceries/en-GB/shop/health-and-beauty/all?department=Shower%2C%20Bath%20%26%20Hand%20Hygiene&viewAll=department&page=,£2.50,£1.00/100ml,,,/groceries/en-GB/products/306492870,https://digitalcontent.api.tesco.com/v2/media/ghs/5bdda409-07cc-4eab-b945-493acd58d44a/5ece1c51-8d55-4715-bddb-8035cfa7fd75_262141834.jpeg?h=225&w=225
301831345,Radox Detoxed Bath Salts Acai Berry 900G,https://www.tesco.com/groceries/en-GB/shop/health-and-beauty/all?department=Shower%2C%20Bath%20%26%20Hand%20Hygiene&viewAll=department&page=,£2.50,£0.28/100g,,,/groceries/en-GB/products/301831345,https://digitalcontent.api.tesco.com/v2/media/ghs/3f15e35d-bc83-446e-8b8b-3066f10678f5/672afc38-da6d-491c-9914-ce0400b40937_1181917702.jpeg?h=225&w=225
306496566,Carex Aloe Vera Hand Gel 300Ml,https://www.tesco.com/groceries/en-GB/shop/health-and-beauty/all?department=Shower%2C%20Bath%20%26%20Hand%20Hygiene&viewAll=department&page=,£3.50,£1.17/100ml,,,/groceries/en-GB/products/306496566,https://digitalcontent.api.tesco.com/v2/media/ghs/992668a2-d014-49bd-bdfe-cdaa5faeadb0/78af79b2-3c4b-4a0f-9e0d-a0683fda38fe_66426304.jpeg?h=225&w=225
308832206,Sanex Zero % Kids Head To Toe Wash 450Ml,https://www.tesco.com/groceries/en-GB/shop/health-and-beauty/all?department=Shower%2C%20Bath%20%26%20Hand%20Hygiene&viewAll=department&page=,£2.75,£6.12/litre,,,/groceries/en-GB/products/308832206,https://digitalcontent.api.tesco.com/v2/media/ghs/2ff2ab2e-c706-4a76-9dc5-435c6086b399/4f5160ce-2d48-4bb5-abe6-03777043a81d_949179626.jpeg?h=225&w=225
308484698,Sanex Men Pure Detox 3 In 1 Shower Gel 500Ml,https://www.tesco.com/groceries/en-GB/shop/health-and-beauty/all?department=Shower%2C%20Bath%20%26%20Hand%20Hygiene&viewAll=department&page=,£2.50,£0.50/100ml,,,/groceries/en-GB/products/308484698,https://digitalcontent.api.tesco.com/v2/media/ghs/18381d55-f3ce-4014-b626-a2616f078961/db130757-46ef-4556-8c8e-7c4e443e8ac7_2100166418.jpeg?h=225&w=225
308868567,Sanex Zero % Normal Skin Bath Foam 450Ml,https://www.tesco.com/groceries/en-GB/shop/health-and-beauty/all?department=Shower%2C%20Bath%20%26%20Hand%20Hygiene&viewAll=department&page=,£3.00,£6.67/litre,£2.20 Clubcard Price,,/groceries/en-GB/products/308868567,https://digitalcontent.api.tesco.com/v2/media/ghs/f78d9674-a7b1-41d9-9d83-23ef75897fc7/f6f9b2ea-931c-4180-9beb-cc22e03f6b5f_1280727234.jpeg?h=225&w=225
297446876,Carex Aloe Handwash Refill 500Ml,https://www.tesco.com/groceries/en-GB/shop/health-and-beauty/all?department=Shower%2C%20Bath%20%26%20Hand%20Hygiene&viewAll=department&page=,£1.90,£0.38/100ml,,,/groceries/en-GB/products/297446876,https://digitalcontent.api.tesco.com/v2/media/ghs/aebfab04-1e1a-49af-a3d8-ee38ed361dc0/ac09e1c9-e575-43c1-9e14-90c6ac8ecc81_1960776421.jpeg?h=225&w=225
311442180,Old Spice Night Panther Shower Gel & Shampoo 400Ml,https://www.tesco.com/groceries/en-GB/shop/health-and-beauty/all?department=Shower%2C%20Bath%20%26%20Hand%20Hygiene&viewAll=department&page=,£3.50,£0.88/100ml,£2.00 Clubcard Price,,/groceries/en-GB/products/311442180,https://digitalcontent.api.tesco.com/v2/media/ghs/7d9ef048-5064-47e9-8554-65b39d218a2d/d5f70608-0e0a-4350-86cf-b7ddf2afabca_1749176115.jpeg?h=225&w=225
308844244,Old Spice Captain Shower Gel & Shampoo 400Ml,https://www.tesco.com/groceries/en-GB/shop/health-and-beauty/all?department=Shower%2C%20Bath%20%26%20Hand%20Hygiene&viewAll=department&page=,£3.50,£0.88/100ml,£2.00 Clubcard Price,,/groceries/en-GB/products/308844244,https://digitalcontent.api.tesco.com/v2/media/ghs/14cf7d69-b996-49a8-889c-c028d755fed7/213c81fc-449f-4712-a2bb-6b8d9db99184_795669701.jpeg?h=225&w=225
311202194,Bathtime Buddies Fun Sponge 3 Years Plus,https://www.tesco.com/groceries/en-GB/shop/health-and-beauty/all?department=Shower%2C%20Bath%20%26%20Hand%20Hygiene&viewAll=department&page=,£1.75,£1.75/each,,,/groceries/en-GB/products/311202194,https://digitalcontent.api.tesco.com/v2/media/ghs/1b3ed78d-9d05-4777-989b-14fa8ca554db/c9b49df9-effe-44fe-af89-4d8cac0d2eff_241531575.jpeg?h=225&w=225
311682338,Sanex Biome Protect Moisturising Handwash 250Ml,https://www.tesco.com/groceries/en-GB/shop/health-and-beauty/all?department=Shower%2C%20Bath%20%26%20Hand%20Hygiene&viewAll=department&page=,£2.00,£0.80/100ml,£1.35 Clubcard Price,,/groceries/en-GB/products/311682338,https://digitalcontent.api.tesco.com/v2/media/ghs/d6ef8327-b8a1-4a01-a6c0-e4674bacaa8c/78327996-3118-4629-a59c-a3bdc5fc0b34_2025945338.jpeg?h=225&w=225
297446853,Carex Original Pure Blue Handwash Refill 500Ml,https://www.tesco.com/groceries/en-GB/shop/health-and-beauty/all?department=Shower%2C%20Bath%20%26%20Hand%20Hygiene&viewAll=department&page=,£1.90,£0.38/100ml,,,/groceries/en-GB/products/297446853,https://digitalcontent.api.tesco.com/v2/media/ghs/9d4edab3-4e7a-4cf4-ada2-cd9babea997f/ccd48069-4ac7-46fa-b0ad-4f81d6624f48_1554723175.jpeg?h=225&w=225
309744551,Nivea Shower Fresh Blends Raspberry Almond Milk 300Ml,https://www.tesco.com/groceries/en-GB/shop/health-and-beauty/all?department=Shower%2C%20Bath%20%26%20Hand%20Hygiene&viewAll=department&page=,£2.00,£0.67/100ml,,,/groceries/en-GB/products/309744551,https://digitalcontent.api.tesco.com/v2/media/ghs/57b29e13-39bf-4c58-88ee-613129c2f96d/fd2ba19d-9b3e-4b14-8579-29eb278b83e3_1917039291.jpeg?h=225&w=225
311448571,L'oreal Men Expert Magnesium Shower Gel 400Ml,https://www.tesco.com/groceries/en-GB/shop/health-and-beauty/all?department=Shower%2C%20Bath%20%26%20Hand%20Hygiene&viewAll=department&page=,£2.25,£0.56/100ml,,,/groceries/en-GB/products/311448571,https://digitalcontent.api.tesco.com/v2/media/ghs/d30e126a-84f8-431d-a850-d62e6664b56d/632f9111-9d59-4d9c-ac57-6d80c9471572_366733769.jpeg?h=225&w=225
311938129,Lifebuoy Vitamin Refill Antibacterial Handwash Pine&Thyme 500Ml,https://www.tesco.com/groceries/en-GB/shop/health-and-beauty/all?department=Shower%2C%20Bath%20%26%20Hand%20Hygiene&viewAll=department&page=,£1.50,£0.30/100ml,,,/groceries/en-GB/products/311938129,https://digitalcontent.api.tesco.com/v2/media/ghs/176a645a-ffca-4762-aff2-c912dcee4c17/d3595a86-5108-43c2-afec-6ab901180542_1205941814.jpeg?h=225&w=225
296936200,Original Source Mango Shower Gel 500Ml,https://www.tesco.com/groceries/en-GB/shop/health-and-beauty/all?department=Shower%2C%20Bath%20%26%20Hand%20Hygiene&viewAll=department&page=,£1.90,£0.38/100ml,,,/groceries/en-GB/products/296936200,https://digitalcontent.api.tesco.com/v2/media/ghs/db55da33-4854-42da-9f1c-d8a2d63f7b1a/e23df124-a8f9-4f56-9fc0-c673cba3ae8a_1245672250.jpeg?h=225&w=225
306952580,Palmolive Naturals Milk & Honey Handwash Refill 750Ml,https://www.tesco.com/groceries/en-GB/shop/health-and-beauty/all?department=Shower%2C%20Bath%20%26%20Hand%20Hygiene&viewAll=department&page=,£2.20,£0.29/100ml,,,/groceries/en-GB/products/306952580,https://digitalcontent.api.tesco.com/v2/media/ghs/f1220dd1-ab66-470f-892c-d7ce8af69832/61d7f374-b0d4-4a62-abc3-0efcf993cb14_442891155.jpeg?h=225&w=225
311682632,Bath Shower Cap,https://www.tesco.com/groceries/en-GB/shop/health-and-beauty/all?department=Shower%2C%20Bath%20%26%20Hand%20Hygiene&viewAll=department&page=,£1.30,£1.30/each,,,/groceries/en-GB/products/311682632,https://digitalcontent.api.tesco.com/v2/media/ghs/a44f601e-29f2-448c-8f16-eefee24af39f/ee1afdb9-6806-4ea9-9492-9eee1c16e0ab_1371855436.jpeg?h=225&w=225
298470286,Radox Liquid Handwash Protect & Replenish 500Ml,https://www.tesco.com/groceries/en-GB/shop/health-and-beauty/all?department=Shower%2C%20Bath%20%26%20Hand%20Hygiene&viewAll=department&page=,£1.50,£0.30/100ml,,,/groceries/en-GB/products/298470286,https://digitalcontent.api.tesco.com/v2/media/ghs/e8666363-ed95-4540-92c7-0d816c4c8eb6/1ae6e21a-3952-4919-8888-5e4b5438cb2e_1525012882.jpeg?h=225&w=225
309783348,Sanex Zero % Dry Skin Shower Gel 225Ml,https://www.tesco.com/groceries/en-GB/shop/health-and-beauty/all?department=Shower%2C%20Bath%20%26%20Hand%20Hygiene&viewAll=department&page=,£1.15,£0.51/100ml,,,/groceries/en-GB/products/309783348,https://digitalcontent.api.tesco.com/v2/media/ghs/1b73b27d-8f7d-4afd-b3d1-676d7d6d47e7/00566915-3127-4082-8318-a5bdcaf1e141_287796804.jpeg?h=225&w=225
309760715,Alice Scott Vegan Nail Brush,https://www.tesco.com/groceries/en-GB/shop/health-and-beauty/all?department=Shower%2C%20Bath%20%26%20Hand%20Hygiene&viewAll=department&page=,£3.15,£3.15/each,,,/groceries/en-GB/products/309760715,https://digitalcontent.api.tesco.com/v2/media/ghs/3d1ff923-3622-4432-b71e-e41f0a909351/d57d6beb-47e9-4cd7-8f60-cf1768e6f239_540999713.jpeg?h=225&w=225
302554464,Kleenex 12 Water Fresh Antibacterial Wet Wipes,https://www.tesco.com/groceries/en-GB/shop/health-and-beauty/all?department=Shower%2C%20Bath%20%26%20Hand%20Hygiene&viewAll=department&page=,,,,,/groceries/en-GB/products/302554464,https://digitalcontent.api.tesco.com/v2/media/ghs/c2e170de-75cd-453b-ac1d-5d680e6b35ce/97a95ee6-513d-46c1-8f73-78ea40742c90_1102958373.jpeg?h=225&w=225
309760393,Palmolive Wellness Massage Shower Gel 250Ml,https://www.tesco.com/groceries/en-GB/shop/health-and-beauty/all?department=Shower%2C%20Bath%20%26%20Hand%20Hygiene&viewAll=department&page=,£1.00,£0.40/100ml,,,/groceries/en-GB/products/309760393,https://digitalcontent.api.tesco.com/v2/media/ghs/409871f7-584a-4969-ab9d-2d5a84eb47e0/b655062f-a1ca-4228-8820-cf9903080c5c_733299660.jpeg?h=225&w=225
302370738,Dove Men+Care Sport Active Fresh Body Wash 400Ml,https://www.tesco.com/groceries/en-GB/shop/health-and-beauty/all?department=Shower%2C%20Bath%20%26%20Hand%20Hygiene&viewAll=department&page=,£1.80,£0.45/100ml,,,/groceries/en-GB/products/302370738,https://digitalcontent.api.tesco.com/v2/media/ghs/db2908ed-b1fc-4edc-aef4-9400873d8a33/45ee60f8-b719-4feb-b2e7-b26004e6868a_2100539502.jpeg?h=225&w=225
276797313,Dove Men+Care Extra Fresh Body Face Wash 400Ml,https://www.tesco.com/groceries/en-GB/shop/health-and-beauty/all?department=Shower%2C%20Bath%20%26%20Hand%20Hygiene&viewAll=department&page=,£1.80,£0.45/100ml,,,/groceries/en-GB/products/276797313,https://digitalcontent.api.tesco.com/v2/media/ghs/831813a1-800d-40ec-9b94-3609f6d4ba5e/6f276442-4cab-45ff-b57c-f65c243b4076_879058198.jpeg?h=225&w=225
309191708,Alice Scott Exfoliating Body Mitt,https://www.tesco.com/groceries/en-GB/shop/health-and-beauty/all?department=Shower%2C%20Bath%20%26%20Hand%20Hygiene&viewAll=department&page=,£3.50,£3.50/each,,,/groceries/en-GB/products/309191708,https://digitalcontent.api.tesco.com/v2/media/ghs/bd14eeb6-0d6a-4573-b67e-9a43d0c48f2a/972211e4-2b9a-4def-bed3-629f6b9f8382_960434426.jpeg?h=225&w=225
308462056,L'oreal Men Expert Body Hair & Beard Wash 400Ml,https://www.tesco.com/groceries/en-GB/shop/health-and-beauty/all?department=Shower%2C%20Bath%20%26%20Hand%20Hygiene&viewAll=department&page=,£2.25,£0.56/100ml,,,/groceries/en-GB/products/308462056,https://digitalcontent.api.tesco.com/v2/media/ghs/f47d8c63-cafd-4e62-bb44-8711cea6005c/9290ee16-369e-4802-beb2-3f1c329a4543_1506171500.jpeg?h=225&w=225
299314632,Calcot Manor Relaxing Pamper Gift Set,https://www.tesco.com/groceries/en-GB/shop/health-and-beauty/all?department=Shower%2C%20Bath%20%26%20Hand%20Hygiene&viewAll=department&page=,£12.00,£1.77/100g,£6.00 Clubcard Price,,/groceries/en-GB/products/299314632,https://digitalcontent.api.tesco.com/v2/media/ghs/93cb4708-5c36-49c3-8323-0fb8bc55a134/444e80e4-5d0c-4fec-ba44-a2d6412120aa_2090861102.jpeg?h=225&w=225
312226999,Baylis & Harding Boudoire Rose Bath Fizzers 3X100g,https://www.tesco.com/groceries/en-GB/shop/health-and-beauty/all?department=Shower%2C%20Bath%20%26%20Hand%20Hygiene&viewAll=department&page=,£9.00,£3.00/100g,£4.50 Clubcard Price,,/groceries/en-GB/products/312226999,https://digitalcontent.api.tesco.com/v2/media/ghs/46722b18-6b97-4c1d-8cfc-e9e791a9d1c8/aa0bf307-fb81-4129-a201-14d523b3ef12_463827829.jpeg?h=225&w=225
309775639,Dr Salts Post Workout Therapy Epsom Salts 750G,https://www.tesco.com/groceries/en-GB/shop/health-and-beauty/all?department=Shower%2C%20Bath%20%26%20Hand%20Hygiene&viewAll=department&page=,£4.50,£0.60/100g,,,/groceries/en-GB/products/309775639,https://digitalcontent.api.tesco.com/v2/media/ghs/8ce2589a-5677-4140-adce-54f73b428cc5/50aa370c-a2e6-491d-884f-c5942c1b6acc_521773516.jpeg?h=225&w=225
310681116,Baylis & Harding Goodness Natural Bath Soak Lavender & Bergamot 500Ml,https://www.tesco.com/groceries/en-GB/shop/health-and-beauty/all?department=Shower%2C%20Bath%20%26%20Hand%20Hygiene&viewAll=department&page=,£5.00,£1.00/100ml,,,/groceries/en-GB/products/310681116,https://digitalcontent.api.tesco.com/v2/media/ghs/216bb075-aebd-4415-82a0-aafc45f14194/18897ad7-532e-4b9f-aaa8-97faed565a15_1551567055.jpeg?h=225&w=225
309467510,Baylis & Harding Goodness Natural Body Wash Lavender & Bergamot 500Ml,https://www.tesco.com/groceries/en-GB/shop/health-and-beauty/all?department=Shower%2C%20Bath%20%26%20Hand%20Hygiene&viewAll=department&page=,£5.00,£1.00/100ml,,,/groceries/en-GB/products/309467510,https://digitalcontent.api.tesco.com/v2/media/ghs/e4498e76-7bf1-4bf4-b044-4127a1749fd0/dc9a8d07-44ec-466c-8bb8-e124bd660f7b_170734384.jpeg?h=225&w=225
255331436,Badedas Bath Gelee 300Ml,https://www.tesco.com/groceries/en-GB/shop/health-and-beauty/all?department=Shower%2C%20Bath%20%26%20Hand%20Hygiene&viewAll=department&page=,£5.50,£1.84/100ml,,,/groceries/en-GB/products/255331436,https://digitalcontent.api.tesco.com/v2/media/ghs/a234d217-2a65-4ad6-80c5-6c3746a81714/fe8df8cb-e5d7-45fe-baf1-cd4072ae292d_1716443804.jpeg?h=225&w=225
310094713,Dr Salts Muscle Therapy Epsom Salts 750G,https://www.tesco.com/groceries/en-GB/shop/health-and-beauty/all?department=Shower%2C%20Bath%20%26%20Hand%20Hygiene&viewAll=department&page=,£4.50,£0.60/100g,,,/groceries/en-GB/products/310094713,https://digitalcontent.api.tesco.com/v2/media/ghs/bf0b84b7-486a-4220-86cf-4094fc311055/8e72b4e7-77a8-421e-8846-fd4f5ac5098e_545353760.jpeg?h=225&w=225
312583687,Baylis & Harding Goodness Oud Cedar & Amber Hand Wash 500Ml,https://www.tesco.com/groceries/en-GB/shop/health-and-beauty/all?department=Shower%2C%20Bath%20%26%20Hand%20Hygiene&viewAll=department&page=,£4.00,£0.80/100ml,,,/groceries/en-GB/products/312583687,https://digitalcontent.api.tesco.com/v2/media/ghs/12d25c3e-d392-418c-a28f-709acdab2e8a/ea160a49-70e7-4482-b42d-f4db80f4a06e_1795088753.jpeg?h=225&w=225
305038915,Bull Dog Shower Gel Lemon & Bergamot 500Ml,https://www.tesco.com/groceries/en-GB/shop/health-and-beauty/all?department=Shower%2C%20Bath%20%26%20Hand%20Hygiene&viewAll=department&page=,£4.50,£0.90/100ml,,,/groceries/en-GB/products/305038915,https://digitalcontent.api.tesco.com/v2/media/ghs/71fc4d42-f624-4d5d-a8e6-b4ab1385e613/853dc148-fe5a-44c1-92df-abdb58c3e4ef_809314162.jpeg?h=225&w=225
308485789,Bulldog Tonka Bean & Cedarwood Shower Gel 500Ml,https://www.tesco.com/groceries/en-GB/shop/health-and-beauty/all?department=Shower%2C%20Bath%20%26%20Hand%20Hygiene&viewAll=department&page=,£4.50,£0.90/100ml,,,/groceries/en-GB/products/308485789,https://digitalcontent.api.tesco.com/v2/media/ghs/4fbbfc6b-a6b3-47e6-930f-cb4048c6ea19/5e73d818-b3bf-4a47-ad58-14c292bc5ecc_69861355.jpeg?h=225&w=225
305248649,Bulldog Shower Gel Peppermint & Eucalyptus 500Ml,https://www.tesco.com/groceries/en-GB/shop/health-and-beauty/all?department=Shower%2C%20Bath%20%26%20Hand%20Hygiene&viewAll=department&page=,£4.50,£0.90/100ml,,,/groceries/en-GB/products/305248649,https://digitalcontent.api.tesco.com/v2/media/ghs/6a4ba7c1-f7f4-4ac2-b1c5-72bf9ca221ed/f3dac890-04ac-4ccf-aabd-77b6c5f1e0f6_589975023.jpeg?h=225&w=225
305047305,Bulldog Skincare Original Shower Gel 500Ml,https://www.tesco.com/groceries/en-GB/shop/health-and-beauty/all?department=Shower%2C%20Bath%20%26%20Hand%20Hygiene&viewAll=department&page=,£4.50,£0.90/100ml,,,/groceries/en-GB/products/305047305,
311222400,Harry's Stone Shower Gel 473Ml,https://www.tesco.com/groceries/en-GB/shop/health-and-beauty/all?department=Shower%2C%20Bath%20%26%20Hand%20Hygiene&viewAll=department&page=,£5.50,£1.17/100ml,,,/groceries/en-GB/products/311222400,https://digitalcontent.api.tesco.com/v2/media/ghs/29e799d2-da32-4cf8-814a-e22e82fd51ac/1c7ab118-4250-4a31-a805-1188bc7f375c_1630872553.jpeg?h=225&w=225
274965256,Calcot Manor Bath Essence The Lazy Evening 500Ml,https://www.tesco.com/groceries/en-GB/shop/health-and-beauty/all?department=Shower%2C%20Bath%20%26%20Hand%20Hygiene&viewAll=department&page=,£3.15,£0.63/100ml,,,/groceries/en-GB/products/274965256,https://digitalcontent.api.tesco.com/v2/media/ghs/595f4961-ef61-4476-95dd-c47f308fdd8f/49bc6949-66e8-4c22-8d40-bfcac3cea924_2047420731.jpeg?h=225&w=225
309763476,Dove Renewing Care Peony Rose Bath Salts 900G,https://www.tesco.com/groceries/en-GB/shop/health-and-beauty/all?department=Shower%2C%20Bath%20%26%20Hand%20Hygiene&viewAll=department&page=,£7.00,£0.78/100g,£3.50 Clubcard Price,,/groceries/en-GB/products/309763476,https://digitalcontent.api.tesco.com/v2/media/ghs/3c97f704-2847-4d2a-8fd5-6cae99674359/3f20d27d-9662-4ca7-b7fc-02ed68181c7e_733968751.jpeg?h=225&w=225
312354720,Baylis & Harding Goodness Oud Cedar & Amber Body Wash 500Ml,https://www.tesco.com/groceries/en-GB/shop/health-and-beauty/all?department=Shower%2C%20Bath%20%26%20Hand%20Hygiene&viewAll=department&page=,£4.00,£0.80/100ml,,,/groceries/en-GB/products/312354720,https://digitalcontent.api.tesco.com/v2/media/ghs/f5c98e8a-4770-4d33-a7a1-4bed7b751e74/2f624259-ab94-4fa0-b16e-ddff418d50b6_1528844902.jpeg?h=225&w=225
309183223,Yardley Fig Leaf & Juniper Handwash 500Ml,https://www.tesco.com/groceries/en-GB/shop/health-and-beauty/all?department=Shower%2C%20Bath%20%26%20Hand%20Hygiene&viewAll=department&page=,£3.00,£0.60/100ml,,,/groceries/en-GB/products/309183223,https://digitalcontent.api.tesco.com/v2/media/ghs/e391c41a-85ea-40b2-bdf2-b651c231ae5b/2b7ac02f-3f8b-4914-93e1-76c4df6cd07a_1088763799.jpeg?h=225&w=225
310102302,Nivea Eco Refill Lemongrass Handwash Soap 3X14g,https://www.tesco.com/groceries/en-GB/shop/health-and-beauty/all?department=Shower%2C%20Bath%20%26%20Hand%20Hygiene&viewAll=department&page=,£3.00,£7.15/100g,,,/groceries/en-GB/products/310102302,https://digitalcontent.api.tesco.com/v2/media/ghs/d0d99cca-3fe1-4890-bf90-5363906befcd/055fc275-b5c8-4b7f-8719-381843aca951_570480961.jpeg?h=225&w=225
310102947,Nivea Eco Refill Cotton Flower Hand Wash Soap 3X14g,https://www.tesco.com/groceries/en-GB/shop/health-and-beauty/all?department=Shower%2C%20Bath%20%26%20Hand%20Hygiene&viewAll=department&page=,£3.00,£7.15/100g,,,/groceries/en-GB/products/310102947,https://digitalcontent.api.tesco.com/v2/media/ghs/f9dd0148-0c63-4107-8b69-e020c1c799e8/15ea097b-c894-4c0b-aba7-1b2a2f34a9cc_1669871783.jpeg?h=225&w=225
312106859,Baylis & Harding Goodness Oud Cedar & Amber Bath Soak 500Ml,https://www.tesco.com/groceries/en-GB/shop/health-and-beauty/all?department=Shower%2C%20Bath%20%26%20Hand%20Hygiene&viewAll=department&page=,£4.00,£0.80/100ml,,,/groceries/en-GB/products/312106859,https://digitalcontent.api.tesco.com/v2/media/ghs/30b1f815-9d34-4af6-9e17-ac97f8f852e9/623b211c-9789-4baa-a639-070bb46d127d_793144891.jpeg?h=225&w=225
310148311,Alice Scott Power Off Oat & Almond Soap Bar 100G,https://www.tesco.com/groceries/en-GB/shop/health-and-beauty/all?department=Shower%2C%20Bath%20%26%20Hand%20Hygiene&viewAll=department&page=,£3.50,£3.50/100g,£2.45 Clubcard Price,,/groceries/en-GB/products/310148311,https://digitalcontent.api.tesco.com/v2/media/ghs/d54b5cb3-e3a7-460a-80f0-5b0c2d051900/2270acb7-092f-487d-b000-2582523c2b28_561449151.jpeg?h=225&w=225
309780927,Dove Restoring Care Coconut Cacao Bath Salts 900G,https://www.tesco.com/groceries/en-GB/shop/health-and-beauty/all?department=Shower%2C%20Bath%20%26%20Hand%20Hygiene&viewAll=department&page=,£7.00,£0.78/100g,£3.50 Clubcard Price,,/groceries/en-GB/products/309780927,https://digitalcontent.api.tesco.com/v2/media/ghs/fe6afb21-a973-4ae8-b7c9-ef5eb7dd62b1/18bd7115-e9a3-4faf-a39d-d782033f9537_896220179.jpeg?h=225&w=225
311438208,Sanex Biome Protect Sensitive Shower Cream Refill 1 Litre,https://www.tesco.com/groceries/en-GB/shop/health-and-beauty/all?department=Shower%2C%20Bath%20%26%20Hand%20Hygiene&viewAll=department&page=,£3.50,£0.35/100ml,,,/groceries/en-GB/products/311438208,https://digitalcontent.api.tesco.com/v2/media/ghs/fc3fe3e4-03fe-4881-ac49-bfbc689894d5/c7d9dac0-ecf0-41bb-a2a4-4ceb8987b592_848553339.jpeg?h=225&w=225
311435004,Original Source Refillable Shower Gel Bottle 500Ml,https://www.tesco.com/groceries/en-GB/shop/health-and-beauty/all?department=Shower%2C%20Bath%20%26%20Hand%20Hygiene&viewAll=department&page=,£4.50,£0.90/100ml,£4.00 Clubcard Price,,/groceries/en-GB/products/311435004,https://digitalcontent.api.tesco.com/v2/media/ghs/29fe37f5-825c-46ec-abb6-c9f06faddeb0/ee460e07-6f53-4089-b4f7-3ecf5867b303_1274612149.jpeg?h=225&w=225
308089399,Dove Pomegranate Seed & Shea Butter Scrub 225Ml,https://www.tesco.com/groceries/en-GB/shop/health-and-beauty/all?department=Shower%2C%20Bath%20%26%20Hand%20Hygiene&viewAll=department&page=,£6.00,£2.67/100ml,£3.00 Clubcard Price,,/groceries/en-GB/products/308089399,https://digitalcontent.api.tesco.com/v2/media/ghs/ea7c77bf-de6d-441c-a966-c7c0df07949a/dca3ccc4-f314-4340-ae63-07d261131ceb_324701140.jpeg?h=225&w=225
308108581,Dove Macadamia & Rice Milk Body Scrub 225Ml,https://www.tesco.com/groceries/en-GB/shop/health-and-beauty/all?department=Shower%2C%20Bath%20%26%20Hand%20Hygiene&viewAll=department&page=,£6.00,£2.67/100ml,£3.00 Clubcard Price,,/groceries/en-GB/products/308108581,https://digitalcontent.api.tesco.com/v2/media/ghs/b150333c-059b-4c2e-aaac-a6b8701bc5ec/a56e4734-bc67-4925-be05-2554b211f6d5_2128969737.jpeg?h=225&w=225
309763113,Dove Renewing Care Peony & Rose Foambath Soak450ml,https://www.tesco.com/groceries/en-GB/shop/health-and-beauty/all?department=Shower%2C%20Bath%20%26%20Hand%20Hygiene&viewAll=department&page=,£6.00,£1.34/100ml,£3.00 Clubcard Price,,/groceries/en-GB/products/309763113,https://digitalcontent.api.tesco.com/v2/media/ghs/9dabb117-6637-4de4-afa0-7fa6f7bf2555/a01eadd9-aded-408e-94ed-166813e23bef_358099088.jpeg?h=225&w=225
310139011,Nivea Eco Refill Lemongrass Hand Wash Soap Kit,https://www.tesco.com/groceries/en-GB/shop/health-and-beauty/all?department=Shower%2C%20Bath%20%26%20Hand%20Hygiene&viewAll=department&page=,£2.50,£2.50/each,,,/groceries/en-GB/products/310139011,https://digitalcontent.api.tesco.com/v2/media/ghs/b506d29e-9b15-4aef-9b9b-be02e5e61130/e97224e5-2665-41a9-b8d3-4b2f03b8732d_2117641025.jpeg?h=225&w=225
309780772,Dove Restoring Care Coconut Cacao Bath Soak 450Ml,https://www.tesco.com/groceries/en-GB/shop/health-and-beauty/all?department=Shower%2C%20Bath%20%26%20Hand%20Hygiene&viewAll=department&page=,£6.00,£1.34/100ml,£3.00 Clubcard Price,,/groceries/en-GB/products/309780772,https://digitalcontent.api.tesco.com/v2/media/ghs/7165ef27-35d1-4511-92d5-77fdaa78db6a/9af05977-4681-4238-99a2-7ae1e2c7dfe4_1685816059.jpeg?h=225&w=225
309758569,Calcot Spa Pamper Nourishing Body Scrub 200Ml,https://www.tesco.com/groceries/en-GB/shop/health-and-beauty/all?department=Shower%2C%20Bath%20%26%20Hand%20Hygiene&viewAll=department&page=,£2.60,£1.30/100ml,,,/groceries/en-GB/products/309758569,https://digitalcontent.api.tesco.com/v2/media/ghs/98398bac-b285-49c9-b15d-45e9730d80a3/6e8a7503-8cf0-409a-ac42-6b23b4f8c2fe_1386749025.jpeg?h=225&w=225
307337691,Carex Antibacterial Hand & Surface Spray 100Ml,https://www.tesco.com/groceries/en-GB/shop/health-and-beauty/all?department=Shower%2C%20Bath%20%26%20Hand%20Hygiene&viewAll=department&page=,£3.35,£3.35/100ml,,,/groceries/en-GB/products/307337691,https://digitalcontent.api.tesco.com/v2/media/ghs/b8e7d875-6a83-4a4d-b0a4-23e237dd3cd7/f69cf25b-5618-40c2-8fdb-057f9c021cc7_669626962.jpeg?h=225&w=225
311278322,Bath Essentials Wash Bag,https://www.tesco.com/groceries/en-GB/shop/health-and-beauty/all?department=Shower%2C%20Bath%20%26%20Hand%20Hygiene&viewAll=department&page=,£3.50,£3.50/each,,,/groceries/en-GB/products/311278322,https://digitalcontent.api.tesco.com/v2/media/ghs/3bc2c1d5-171e-41b2-8616-b246a859080f/ee2e7fa0-3666-4d6b-a96a-6d52fb585b1d_1674853073.jpeg?h=225&w=225
309742265,Alice Scott Vegan Bath Brush,https://www.tesco.com/groceries/en-GB/shop/health-and-beauty/all?department=Shower%2C%20Bath%20%26%20Hand%20Hygiene&viewAll=department&page=,£7.35,£7.35/each,,,/groceries/en-GB/products/309742265,https://digitalcontent.api.tesco.com/v2/media/ghs/211bf87b-aa88-4fbc-9710-1cc12902e34b/9c322574-c60f-4880-a3bd-1f317bb15c45_1622269166.jpeg?h=225&w=225
311434627,Rock Face Shower Gel Original 415Ml,https://www.tesco.com/groceries/en-GB/shop/health-and-beauty/all?department=Shower%2C%20Bath%20%26%20Hand%20Hygiene&viewAll=department&page=,£3.50,£0.84/100ml,£2.45 Clubcard Price,,/groceries/en-GB/products/311434627,https://digitalcontent.api.tesco.com/v2/media/ghs/74d885fb-d382-4dcc-90e4-8b8bea168e07/78a34a94-f464-4d58-b728-673d6a71b71a_1465446617.jpeg?h=225&w=225
311277185,Rock Face Power Shower Gel 415Ml,https://www.tesco.com/groceries/en-GB/shop/health-and-beauty/all?department=Shower%2C%20Bath%20%26%20Hand%20Hygiene&viewAll=department&page=,£3.50,£0.84/100ml,£2.45 Clubcard Price,,/groceries/en-GB/products/311277185,https://digitalcontent.api.tesco.com/v2/media/ghs/b8f211d4-42dd-43d4-8888-18416a542274/3ec69703-aab5-4be8-8a38-89f7230a7096_1711314728.jpeg?h=225&w=225
309790719,Matey Bubble Bath Surfer 500Ml,https://www.tesco.com/groceries/en-GB/shop/health-and-beauty/all?department=Shower%2C%20Bath%20%26%20Hand%20Hygiene&viewAll=department&page=,£2.50,£0.50/100ml,£2.00 Clubcard Price,,/groceries/en-GB/products/309790719,https://digitalcontent.api.tesco.com/v2/media/ghs/71a60ddf-215e-4ae9-bea1-5322b17c116b/cb16fc86-18d4-4c24-8eaf-acff79e961ba_1133283369.jpeg?h=225&w=225
309781143,Matey Bubble Bath Merman 500Ml,https://www.tesco.com/groceries/en-GB/shop/health-and-beauty/all?department=Shower%2C%20Bath%20%26%20Hand%20Hygiene&viewAll=department&page=,£2.50,£0.50/100ml,£2.00 Clubcard Price,,/groceries/en-GB/products/309781143,https://digitalcontent.api.tesco.com/v2/media/ghs/1b0d7a2a-f66f-47a4-9d59-60d38bd8b097/e48e16a3-a050-48ce-82e0-3742c1b191a4_544453772.jpeg?h=225&w=225
309772309,Nivea Shower Fresh Watermelon Mint Coconut Milk 300Ml,https://www.tesco.com/groceries/en-GB/shop/health-and-beauty/all?department=Shower%2C%20Bath%20%26%20Hand%20Hygiene&viewAll=department&page=,£2.00,£0.67/100ml,,,/groceries/en-GB/products/309772309,https://digitalcontent.api.tesco.com/v2/media/ghs/cde823a4-ef61-4dce-83a6-d20220a198a1/f865abf2-65f6-445d-aebd-d6bd6add402c_2034144544.jpeg?h=225&w=225
311685145,Treaclemoon The Raspberry Kiss Body Scrub 225Ml,https://www.tesco.com/groceries/en-GB/shop/health-and-beauty/all?department=Shower%2C%20Bath%20%26%20Hand%20Hygiene&viewAll=department&page=,£2.00,£0.89/100ml,,New,/groceries/en-GB/products/311685145,https://digitalcontent.api.tesco.com/v2/media/ghs/16097318-f086-4c2d-8982-612b9078ffee/55027fe8-1cb6-4fc7-8599-b6fb628ae2ba_163964837.jpeg?h=225&w=225
289734752,Vatika Dermoviva Soap Black Seed 115G,https://www.tesco.com/groceries/en-GB/shop/health-and-beauty/all?department=Shower%2C%20Bath%20%26%20Hand%20Hygiene&viewAll=department&page=,£1.25,£1.09/100g,,,/groceries/en-GB/products/289734752,https://digitalcontent.api.tesco.com/v2/media/ghs/82ce18e5-8d4d-4da7-b083-e3e3ee01521b/812cd5c2-eb23-4b67-a825-47898905dbcf_1837809784.jpeg?h=225&w=225
309753937,Nivea Shower Fresh Blends Apricot Mango Rice Milk 300Ml,https://www.tesco.com/groceries/en-GB/shop/health-and-beauty/all?department=Shower%2C%20Bath%20%26%20Hand%20Hygiene&viewAll=department&page=,£2.00,£0.67/100ml,,,/groceries/en-GB/products/309753937,https://digitalcontent.api.tesco.com/v2/media/ghs/9fdc5d31-d3a5-4a35-b036-87dd5ba89cf9/082239b0-71e5-4097-bf36-1997e9765d68_1063600302.jpeg?h=225&w=225
289735673,Vatika Dermoviva Soap Neem 115G,https://www.tesco.com/groceries/en-GB/shop/health-and-beauty/all?department=Shower%2C%20Bath%20%26%20Hand%20Hygiene&viewAll=department&page=,£1.25,£1.09/100g,,,/groceries/en-GB/products/289735673,https://digitalcontent.api.tesco.com/v2/media/ghs/f5f47cd9-bdf3-44a4-b13e-f30d2855659c/ebc9e3d9-3178-432e-a92c-a47322405995_702113793.jpeg?h=225&w=225
309485619,Alice Scott Vegan Dry Body Brush,https://www.tesco.com/groceries/en-GB/shop/health-and-beauty/all?department=Shower%2C%20Bath%20%26%20Hand%20Hygiene&viewAll=department&page=,£4.00,£4.00/each,,,/groceries/en-GB/products/309485619,https://digitalcontent.api.tesco.com/v2/media/ghs/97fffafb-cf7b-4d73-9d81-b804307947b3/d40c43e0-9e26-4e82-8617-10456f7e99bc_321713939.jpeg?h=225&w=225
309780109,Alice Scott Double Sided Wash Cloth,https://www.tesco.com/groceries/en-GB/shop/health-and-beauty/all?department=Shower%2C%20Bath%20%26%20Hand%20Hygiene&viewAll=department&page=,£3.15,£3.15/each,,,/groceries/en-GB/products/309780109,https://digitalcontent.api.tesco.com/v2/media/ghs/0407f829-d090-4f03-a016-796d36fbe984/772a2ece-3e19-47c8-96d7-99c9657b5709_1955955994.jpeg?h=225&w=225
304378237,Megs Menopause Blossom Lave Wash 150Ml,https://www.tesco.com/groceries/en-GB/shop/health-and-beauty/all?department=Shower%2C%20Bath%20%26%20Hand%20Hygiene&viewAll=department&page=,£10.00,£6.67/100ml,,,/groceries/en-GB/products/304378237,https://digitalcontent.api.tesco.com/v2/media/ghs/2da0238a-c0d6-4967-88e0-efe1b4666ecf/snapshotimagehandler_1890510502.jpeg?h=225&w=225
308838563,Feather & Down Sweet Dreams Bath Essence 500Ml,https://www.tesco.com/groceries/en-GB/shop/health-and-beauty/all?department=Shower%2C%20Bath%20%26%20Hand%20Hygiene&viewAll=department&page=,£7.00,£1.40/100ml,,,/groceries/en-GB/products/308838563,https://digitalcontent.api.tesco.com/v2/media/ghs/964cc01d-7712-49ee-adbf-ca7bdcf224f4/43a68cbd-1358-4c84-98a2-0515f54c4ff9_1836635415.jpeg?h=225&w=225
305250542,Bondi Sands Body Wash 500Ml,https://www.tesco.com/groceries/en-GB/shop/health-and-beauty/all?department=Shower%2C%20Bath%20%26%20Hand%20Hygiene&viewAll=department&page=,£8.00,£1.60/100ml,,,/groceries/en-GB/products/305250542,https://digitalcontent.api.tesco.com/v2/media/ghs/c2baa71b-a979-410c-8177-e374f07900da/df901ff6-f191-482e-8dbc-b32e781415ff_1796008841.jpeg?h=225&w=225
308825169,Feather & Down Melting Shower Cream 250Ml,https://www.tesco.com/groceries/en-GB/shop/health-and-beauty/all?department=Shower%2C%20Bath%20%26%20Hand%20Hygiene&viewAll=department&page=,£6.00,£2.40/100ml,,,/groceries/en-GB/products/308825169,https://digitalcontent.api.tesco.com/v2/media/ghs/2fadec56-3791-4b8e-91a9-4e7fd61d11a5/6d10f03c-cc23-4d43-ba7d-81696e740752_2135467630.jpeg?h=225&w=225
293216389,Yardley Lily Of The Valley Soap 3X100g,https://www.tesco.com/groceries/en-GB/shop/health-and-beauty/all?department=Shower%2C%20Bath%20%26%20Hand%20Hygiene&viewAll=department&page=,£8.00,£2.67/100g,,,/groceries/en-GB/products/293216389,https://digitalcontent.api.tesco.com/v2/media/ghs/97a7eddf-8598-48be-82fa-773664474566/27165ac0-9b4a-4581-b9cb-d4c8603abc7b_1923023410.jpeg?h=225&w=225
293216648,Yardley April Violets Soap 3X100g,https://www.tesco.com/groceries/en-GB/shop/health-and-beauty/all?department=Shower%2C%20Bath%20%26%20Hand%20Hygiene&viewAll=department&page=,£8.00,£2.67/100g,,,/groceries/en-GB/products/293216648,https://digitalcontent.api.tesco.com/v2/media/ghs-mktg/b0b04216-fa73-466d-a9d7-c9fcfa1ce9b3/no-image.jpeg
310141284,Alice Scott Dew North Soothing Bath Oil 100Ml,https://www.tesco.com/groceries/en-GB/shop/health-and-beauty/all?department=Shower%2C%20Bath%20%26%20Hand%20Hygiene&viewAll=department&page=,£6.00,£6.00/100ml,£4.20 Clubcard Price,,/groceries/en-GB/products/310141284,https://digitalcontent.api.tesco.com/v2/media/ghs/e1237e2b-e385-4766-9bb7-bfe53e2a3c5b/e34220da-e060-438e-8023-f6c5da644c19_1606279251.jpeg?h=225&w=225
309171151,Yardley Flowerazzi Magnolia & Pink Orchid Body Scrub 200Ml,https://www.tesco.com/groceries/en-GB/shop/health-and-beauty/all?department=Shower%2C%20Bath%20%26%20Hand%20Hygiene&viewAll=department&page=,£6.50,£3.25/100ml,,,/groceries/en-GB/products/309171151,https://digitalcontent.api.tesco.com/v2/media/ghs/2957329d-6d97-4f58-8268-34852e3e2d94/4ef177db-f3fe-4975-a8a4-ab93a22566f5_1221219104.jpeg?h=225&w=225
311439870,Harry's Fig Shower Gel 473Ml,https://www.tesco.com/groceries/en-GB/shop/health-and-beauty/all?department=Shower%2C%20Bath%20%26%20Hand%20Hygiene&viewAll=department&page=,£5.50,£1.17/100ml,,,/groceries/en-GB/products/311439870,https://digitalcontent.api.tesco.com/v2/media/ghs/21a1975d-f1ac-4d99-9376-15d2b7884519/70110081-1700-492d-b5fe-ab40eacfb7d0_1466640399.jpeg?h=225&w=225
309780524,Yardley Luxury Soap Collection 3X50g,https://www.tesco.com/groceries/en-GB/shop/health-and-beauty/all?department=Shower%2C%20Bath%20%26%20Hand%20Hygiene&viewAll=department&page=,£6.00,£0.40/10g,,,/groceries/en-GB/products/309780524,https://digitalcontent.api.tesco.com/v2/media/ghs/eaad4d85-1c09-4768-b8bb-e2a54f0626cd/ab765ae3-f956-419b-809c-15f4301bdc74_1035855348.jpeg?h=225&w=225
310190864,Alice Scott Moon Rising Dreamtime Bath Ball 150G,https://www.tesco.com/groceries/en-GB/shop/health-and-beauty/all?department=Shower%2C%20Bath%20%26%20Hand%20Hygiene&viewAll=department&page=,£4.00,£2.67/100g,,,/groceries/en-GB/products/310190864,https://digitalcontent.api.tesco.com/v2/media/ghs/7ecf9c73-d8f7-4a3b-a531-c26561c12801/0e00c5c6-a21c-4a53-acb7-52a72b1c2373_942349389.jpeg?h=225&w=225
312234632,Baylis & Harding Rose & Geranium Body Wash 500Ml,https://www.tesco.com/groceries/en-GB/shop/health-and-beauty/all?department=Shower%2C%20Bath%20%26%20Hand%20Hygiene&viewAll=department&page=,£4.00,£0.80/100ml,,,/groceries/en-GB/products/312234632,https://digitalcontent.api.tesco.com/v2/media/ghs-mktg/b0b04216-fa73-466d-a9d7-c9fcfa1ce9b3/no-image.jpeg
310128001,Alice Scott Beneath Stars Bath Salts 300G,https://www.tesco.com/groceries/en-GB/shop/health-and-beauty/all?department=Shower%2C%20Bath%20%26%20Hand%20Hygiene&viewAll=department&page=,£5.00,£1.67/100g,£3.50 Clubcard Price,,/groceries/en-GB/products/310128001,https://digitalcontent.api.tesco.com/v2/media/ghs/4752c097-8ca6-428f-a67e-a876edef3792/20138beb-26cb-475e-b32c-1fdd4e9b0e7a_1961310628.jpeg?h=225&w=225
310163577,Nivea Eco Refill Hibiscus & Honey Handwash Soap3x14g,https://www.tesco.com/groceries/en-GB/shop/health-and-beauty/all?department=Shower%2C%20Bath%20%26%20Hand%20Hygiene&viewAll=department&page=,£3.00,£7.15/100g,,,/groceries/en-GB/products/310163577,https://digitalcontent.api.tesco.com/v2/media/ghs/f000f418-6e71-416a-b8b5-0bd39feaf91c/7c279cb6-0589-41dd-9332-3cd79b47c7cf_63450186.jpeg?h=225&w=225
309178397,Yardley Yuzu & Orange Blossom Handwash 500Ml,https://www.tesco.com/groceries/en-GB/shop/health-and-beauty/all?department=Shower%2C%20Bath%20%26%20Hand%20Hygiene&viewAll=department&page=,£3.00,£0.60/100ml,,,/groceries/en-GB/products/309178397,https://digitalcontent.api.tesco.com/v2/media/ghs/bc5893c1-ae42-4093-bc2f-98d2ec3e1a0b/9574e1e3-ba69-4c98-8fe4-7414dec0bf96_279524678.jpeg?h=225&w=225
312580843,Baylis & Harding Goodness Rose & Geranium Bath Soak 500Ml,https://www.tesco.com/groceries/en-GB/shop/health-and-beauty/all?department=Shower%2C%20Bath%20%26%20Hand%20Hygiene&viewAll=department&page=,£4.00,£0.80/100ml,,,/groceries/en-GB/products/312580843,https://digitalcontent.api.tesco.com/v2/media/ghs/298374f2-60ff-4978-95bf-d5cc708a099d/fc63f2d7-a9bd-4e82-990c-d513ec4689fa_2033114108.jpeg?h=225&w=225
309175792,Yardley Gardenia & Coconut Moisturising Hand Wash 500Ml,https://www.tesco.com/groceries/en-GB/shop/health-and-beauty/all?department=Shower%2C%20Bath%20%26%20Hand%20Hygiene&viewAll=department&page=,£3.00,£0.60/100ml,,,/groceries/en-GB/products/309175792,https://digitalcontent.api.tesco.com/v2/media/ghs/e993c2a8-69d2-4066-a20d-7bb8984e3b2f/68c71943-e686-4a0e-b0a6-e9f4f33cf5a2_1174017981.jpeg?h=225&w=225
274966111,Calcot Manor Signature Collection Bath Float 500Ml,https://www.tesco.com/groceries/en-GB/shop/health-and-beauty/all?department=Shower%2C%20Bath%20%26%20Hand%20Hygiene&viewAll=department&page=,£3.15,£0.63/100ml,,,/groceries/en-GB/products/274966111,https://digitalcontent.api.tesco.com/v2/media/ghs/58cd24f0-072c-4442-81c9-9b38e8450341/6c4a7bf6-231d-4719-8192-f11ce661afb3_1132083362.jpeg?h=225&w=225
309783982,Calcot Spa Sleep Peaceful Bath Gel 500Ml,https://www.tesco.com/groceries/en-GB/shop/health-and-beauty/all?department=Shower%2C%20Bath%20%26%20Hand%20Hygiene&viewAll=department&page=,£3.15,£0.63/100ml,,,/groceries/en-GB/products/309783982,https://digitalcontent.api.tesco.com/v2/media/ghs/61ffc47a-50e1-4db0-a9d0-976a8b5263f1/48fc460f-c12a-4af1-8f06-e002f8301009_439539754.jpeg?h=225&w=225
311261278,Sure Men Nonstop Protection 72H Antiperspirant 150Ml,https://www.tesco.com/groceries/en-GB/shop/health-and-beauty/all?department=Deodorants&viewAll=department&page=,£2.50,£1.67/100ml,£1.50 Clubcard Price,,/groceries/en-GB/products/311261278,https://digitalcontent.api.tesco.com/v2/media/ghs/5982642f-0d46-412d-9b25-83bd03d06484/78743d27-63ab-40ad-936f-0335ced74460_800131267.jpeg?h=225&w=225
311262974,Sure Men 72H Active Dry Antiperspirant 150Ml,https://www.tesco.com/groceries/en-GB/shop/health-and-beauty/all?department=Deodorants&viewAll=department&page=,£2.50,£1.67/100ml,£1.50 Clubcard Price,,/groceries/en-GB/products/311262974,https://digitalcontent.api.tesco.com/v2/media/ghs/f88f2e4b-0115-4bbe-befb-5b026ebdc563/33049bdb-fa0d-46a3-803a-554c18e0620a_2058774291.jpeg?h=225&w=225
311221087,Sure 72 Hour Invisible Pure Antiperspirant 150Ml,https://www.tesco.com/groceries/en-GB/shop/health-and-beauty/all?department=Deodorants&viewAll=department&page=,£2.50,£16.67/litre,£1.50 Clubcard Price,,/groceries/en-GB/products/311221087,https://digitalcontent.api.tesco.com/v2/media/ghs/dbb29aca-3a8a-4ff7-b077-7fe8487b4b4b/c14ca8b6-be0d-4727-bd1b-79734742531d_733893390.jpeg?h=225&w=225
261546847,Lynx Deodorant Africa Bodyspray 150Ml,https://www.tesco.com/groceries/en-GB/shop/health-and-beauty/all?department=Deodorants&viewAll=department&page=,£3.00,£2.00/100ml,£2.25 Clubcard Price,,/groceries/en-GB/products/261546847,https://digitalcontent.api.tesco.com/v2/media/ghs/0d0711ba-b8c9-4a9c-878b-9e635e2f0760/daa8c25c-0b08-47d1-8fb8-de4341f3a1c4_1874605620.jpeg?h=225&w=225
268179886,Nivea Men Black & White Power Antiperspirant Deodorant 250Ml,https://www.tesco.com/groceries/en-GB/shop/health-and-beauty/all?department=Deodorants&viewAll=department&page=,£2.00,£0.80/100ml,,,/groceries/en-GB/products/268179886,https://digitalcontent.api.tesco.com/v2/media/ghs/57eef064-3433-4643-8060-35aa3e6e3401/ead2b429-57be-4c37-95f7-18b26953bf75_322100221.jpeg?h=225&w=225
264273976,Nivea For Men Cool Kick Antiperspirant Deodorant 250Ml,https://www.tesco.com/groceries/en-GB/shop/health-and-beauty/all?department=Deodorants&viewAll=department&page=,£2.00,£0.80/100ml,,,/groceries/en-GB/products/264273976,https://digitalcontent.api.tesco.com/v2/media/ghs/0d369b48-2360-474c-93ca-bbd934a38327/c1bde42d-b6d3-40ba-8108-d6fb19f64671_372996496.jpeg?h=225&w=225
272217414,Nivea Men Sensitive Protect Antiperspirant Deodorant 250Ml,https://www.tesco.com/groceries/en-GB/shop/health-and-beauty/all?department=Deodorants&viewAll=department&page=,£2.00,£0.80/100ml,,,/groceries/en-GB/products/272217414,https://digitalcontent.api.tesco.com/v2/media/ghs/1d9581a5-dead-42bf-9a54-18f49eff4994/e16eeeb9-1e46-4784-bdfc-94e7ffebbe43_1350167632.jpeg?h=225&w=225
257967274,Sanex Dermo Sensitive Rollon Deodorant 50Ml,https://www.tesco.com/groceries/en-GB/shop/health-and-beauty/all?department=Deodorants&viewAll=department&page=,£1.50,£3.00/100ml,,,/groceries/en-GB/products/257967274,https://digitalcontent.api.tesco.com/v2/media/ghs/25c4876c-7b86-4a6b-a154-63a209b70a28/baf8c503-a059-4708-80ac-a64a6eda9f27_1871824621.jpeg?h=225&w=225
251687848,Sanex Invisible Dry Roll On Deodorant 50Ml,https://www.tesco.com/groceries/en-GB/shop/health-and-beauty/all?department=Deodorants&viewAll=department&page=,£1.50,£3.00/100ml,,,/groceries/en-GB/products/251687848,https://digitalcontent.api.tesco.com/v2/media/ghs/63c5b67c-8c7c-42fb-84e5-0da3d5de0311/0fcfd1bc-de92-49d3-a999-584385a3c6e6_1659818647.jpeg?h=225&w=225
261497616,Sure Women Crystal Invisible Aqua Stick Antiperspirant Deodorant 40Ml,https://www.tesco.com/groceries/en-GB/shop/health-and-beauty/all?department=Deodorants&viewAll=department&page=,£1.99,£4.98/100ml,,,/groceries/en-GB/products/261497616,https://digitalcontent.api.tesco.com/v2/media/ghs/a0e5f64c-047f-4425-b194-92973fba27ce/0b783fea-116b-42b8-bc4e-2fcea101bdf4_1270240157.jpeg?h=225&w=225
258903619,Nivea For Women Pearl & Beauty Antiperspirant Deodorant 250Ml,https://www.tesco.com/groceries/en-GB/shop/health-and-beauty/all?department=Deodorants&viewAll=department&page=,£1.85,£0.74/100ml,,,/groceries/en-GB/products/258903619,https://digitalcontent.api.tesco.com/v2/media/ghs/118dd4ae-7238-4f4e-b173-2169881c5083/b71fd36e-9c5e-4f40-bcee-980e1ba59660.jpeg?h=225&w=225
268179896,Nivea Black & White Clear Antiperspirant Deodorant 250Ml,https://www.tesco.com/groceries/en-GB/shop/health-and-beauty/all?department=Deodorants&viewAll=department&page=,£1.85,£0.74/100ml,,,/groceries/en-GB/products/268179896,https://digitalcontent.api.tesco.com/v2/media/ghs/dc430080-e610-441b-97e1-dbcebdbd6ab5/45f5682d-0007-4429-b3e8-ff677298aa1a.jpeg?h=225&w=225
263591697,Sure Men Invisible Ice Fresh Antiperspirant Deodorant 250Ml,https://www.tesco.com/groceries/en-GB/shop/health-and-beauty/all?department=Deodorants&viewAll=department&page=,£1.75,£0.70/100ml,Aldi Price Match,,/groceries/en-GB/products/263591697,https://digitalcontent.api.tesco.com/v2/media/ghs/e16970c9-e438-4f5a-a029-a8c85d1e87c3/b2f44954-c294-4683-80c5-4e7d8a47456d_431187800.jpeg?h=225&w=225
311672644,Dove Men+Care Clean Comfort Antiperspirant Deodorant 200Ml,https://www.tesco.com/groceries/en-GB/shop/health-and-beauty/all?department=Deodorants&viewAll=department&page=,£2.00,£1.00/100ml,,,/groceries/en-GB/products/311672644,https://digitalcontent.api.tesco.com/v2/media/ghs/d8060678-51d6-4fd2-8b78-4ecef359fccf/91b8da81-ff01-4603-b057-e150a9181da3_1237618077.jpeg?h=225&w=225
268153546,Sure Women Bright Antiperspirant Deodorant 250Ml,https://www.tesco.com/groceries/en-GB/shop/health-and-beauty/all?department=Deodorants&viewAll=department&page=,£1.75,£0.70/100ml,Aldi Price Match,,/groceries/en-GB/products/268153546,https://digitalcontent.api.tesco.com/v2/media/ghs/4488cd88-7d9a-420c-a8b7-ad5ea6d55e1c/3c00771c-b90e-4d97-ae3a-501adb7832a9.jpeg?h=225&w=225
263746475,Dove Invisible Dry Antiperspirant Deodorant 250Ml,https://www.tesco.com/groceries/en-GB/shop/health-and-beauty/all?department=Deodorants&viewAll=department&page=,£2.00,£0.80/100ml,,,/groceries/en-GB/products/263746475,https://digitalcontent.api.tesco.com/v2/media/ghs/757f2450-addf-47ff-8acf-ecf8c1e0bfd7/27de5602-eaa2-4687-9ceb-a233e89b1b2f.jpeg?h=225&w=225
264273963,Nivea Men Cool Kick Antiperspirant Deodorant 150Ml,https://www.tesco.com/groceries/en-GB/shop/health-and-beauty/all?department=Deodorants&viewAll=department&page=,£1.30,£0.87/100ml,,,/groceries/en-GB/products/264273963,https://digitalcontent.api.tesco.com/v2/media/ghs/1078270b-b37f-4bf8-92bc-6c387feb30c3/7b8a0b96-18f7-4164-afac-ad4f925b4ed4_1912573458.jpeg?h=225&w=225
271327850,Dove Go Fresh Pomegranate Antiperspirant Deodorant 250Ml,https://www.tesco.com/groceries/en-GB/shop/health-and-beauty/all?department=Deodorants&viewAll=department&page=,£2.00,£0.80/100ml,,,/groceries/en-GB/products/271327850,https://digitalcontent.api.tesco.com/v2/media/ghs/ff26b6cf-a0f1-4b17-902d-3eeebdac7146/b124e6a5-a3a4-4ded-bea1-79131dd8003f.jpeg?h=225&w=225
305055226,Dove Nourishing Secret Antiperspirant Deodorant Coconut & Jasmine 250Ml,https://www.tesco.com/groceries/en-GB/shop/health-and-beauty/all?department=Deodorants&viewAll=department&page=,£2.00,£0.80/100ml,,,/groceries/en-GB/products/305055226,https://digitalcontent.api.tesco.com/v2/media/ghs/814dcb1d-1887-4d70-88e0-e2e2a686aa24/ef115e7c-7f95-440f-9062-446dfb95f4d7_427412388.jpeg?h=225&w=225
263589770,Sure Men Quantum Dry Antiperspirant Deodorant 250Ml,https://www.tesco.com/groceries/en-GB/shop/health-and-beauty/all?department=Deodorants&viewAll=department&page=,£1.75,£0.70/100ml,Aldi Price Match,,/groceries/en-GB/products/263589770,https://digitalcontent.api.tesco.com/v2/media/ghs/23d111f5-04f9-45a4-8214-99bc5adeb846/4bcacf92-7552-467f-b5d3-5850c3b05798_945957788.jpeg?h=225&w=225
263745643,Sure Men Active Dry Antiperspirant Deodorant 250Ml,https://www.tesco.com/groceries/en-GB/shop/health-and-beauty/all?department=Deodorants&viewAll=department&page=,£1.75,£0.70/100ml,Aldi Price Match,,/groceries/en-GB/products/263745643,https://digitalcontent.api.tesco.com/v2/media/ghs/0baa6cb7-c5d4-431d-a0fb-05c6f9241e96/3c09d3d1-4e1e-489d-9d34-eccb6b32da31_409838401.jpeg?h=225&w=225
257179262,Sure Women Cotton Dry Antiperspirant Deodorant 250Ml,https://www.tesco.com/groceries/en-GB/shop/health-and-beauty/all?department=Deodorants&viewAll=department&page=,£1.75,£0.70/100ml,Aldi Price Match,,/groceries/en-GB/products/257179262,https://digitalcontent.api.tesco.com/v2/media/ghs/6cd507da-8147-428a-8748-ec065ccea795/5b5db9de-aa03-490b-aa4c-8a75b590fe66.jpeg?h=225&w=225
261538402,Sure Women Crystal Invisible Pure Antiperspirant Deodorant 250Ml,https://www.tesco.com/groceries/en-GB/shop/health-and-beauty/all?department=Deodorants&viewAll=department&page=,£1.75,£0.70/100ml,Aldi Price Match,,/groceries/en-GB/products/261538402,https://digitalcontent.api.tesco.com/v2/media/ghs/06babb15-438e-4daa-9697-a6cba792a199/20d686a1-91eb-4a31-a915-547d3376d11a.jpeg?h=225&w=225
295144672,Sure Women Bright Bouquet Antiperspirant Deodorant 150Ml,https://www.tesco.com/groceries/en-GB/shop/health-and-beauty/all?department=Deodorants&viewAll=department&page=,£1.15,£0.77/100ml,,,/groceries/en-GB/products/295144672,https://digitalcontent.api.tesco.com/v2/media/ghs/54bcfcfe-0bb7-4c3c-b21f-4b3d49ae62fc/075b7078-19ca-40f6-80f7-393c61adb92d_1754594578.jpeg?h=225&w=225
263745516,Sure Men Sensitive Roll-On Antiperspirant Deodorant 50Ml,https://www.tesco.com/groceries/en-GB/shop/health-and-beauty/all?department=Deodorants&viewAll=department&page=,£1.00,£2.00/100ml,,,/groceries/en-GB/products/263745516,https://digitalcontent.api.tesco.com/v2/media/ghs/68fe7205-2b02-40ed-ae06-5dd2ec8c279c/688456df-64d6-4395-8940-302b66aa5b70_843222089.jpeg?h=225&w=225
258909918,Impulse Hint Of Musk Body Spray 75Ml,https://www.tesco.com/groceries/en-GB/shop/health-and-beauty/all?department=Deodorants&viewAll=department&page=,£1.00,£1.34/100ml,,,/groceries/en-GB/products/258909918,https://digitalcontent.api.tesco.com/v2/media/ghs/4f9f8e4d-4390-4052-b970-50cb807b7929/6292b202-ad32-4013-a825-7d955e770818.jpeg?h=225&w=225
263745925,Sure Women Cotton Roll-On Antiperspirant Deodorant 50Ml,https://www.tesco.com/groceries/en-GB/shop/health-and-beauty/all?department=Deodorants&viewAll=department&page=,£1.00,£2.00/100ml,,,/groceries/en-GB/products/263745925,https://digitalcontent.api.tesco.com/v2/media/ghs/23adfe7f-25b2-4cd6-8aeb-d1679a0eccba/1e5d60f9-7b55-45a6-a6d1-040ab3fa3a87_1222402003.jpeg?h=225&w=225
263745482,Sure Men Original Roll-On Antiperspirant Deodorant 50Ml,https://www.tesco.com/groceries/en-GB/shop/health-and-beauty/all?department=Deodorants&viewAll=department&page=,£1.00,£2.00/100ml,,,/groceries/en-GB/products/263745482,https://digitalcontent.api.tesco.com/v2/media/ghs/ac08a769-cdc2-4cda-9b50-bf9fb43f6449/73693ded-6d69-4631-b4d8-17c0182eb24b_1074439602.jpeg?h=225&w=225
287259502,Sure Women Crystal Aqua Roll-On Antiperspirant Deodorant 50Ml,https://www.tesco.com/groceries/en-GB/shop/health-and-beauty/all?department=Deodorants&viewAll=department&page=,£1.00,£2.00/100ml,,,/groceries/en-GB/products/287259502,https://digitalcontent.api.tesco.com/v2/media/ghs/8cc02ba5-ea97-4d03-905a-731c179bd5e5/1cc46c08-4285-4353-8535-56fa52564fe8_610938349.jpeg?h=225&w=225
268154211,Sure Women Bright Roll-On Antiperspirant Deodorant 50Ml,https://www.tesco.com/groceries/en-GB/shop/health-and-beauty/all?department=Deodorants&viewAll=department&page=,£1.00,£2.00/100ml,,,/groceries/en-GB/products/268154211,https://digitalcontent.api.tesco.com/v2/media/ghs/29b64491-f9a2-487e-aab7-8f635d7d620b/4a877232-d806-4547-871c-7088c8558161_1409078213.jpeg?h=225&w=225
258910242,Impulse Tease Bodyspray 75Ml,https://www.tesco.com/groceries/en-GB/shop/health-and-beauty/all?department=Deodorants&viewAll=department&page=,£1.00,£1.34/100ml,,,/groceries/en-GB/products/258910242,https://digitalcontent.api.tesco.com/v2/media/ghs/b4c06814-bbc0-43dc-99d1-7e85687ef60f/b5c6b981-b272-4813-9735-4313dd942644.jpeg?h=225&w=225
263592212,Impulse True Love Bodyspray 75Ml,https://www.tesco.com/groceries/en-GB/shop/health-and-beauty/all?department=Deodorants&viewAll=department&page=,£1.00,£1.34/100ml,,,/groceries/en-GB/products/263592212,https://digitalcontent.api.tesco.com/v2/media/ghs/6e1f5236-ef81-4c2e-9a5a-0d399dc476fe/2b2be4a4-eb3e-49e8-951e-03e40a6fb07c.jpeg?h=225&w=225
271327896,Dove Go Fresh Pomegranate Roll-On Antiperspirant Deodorant 50Ml,https://www.tesco.com/groceries/en-GB/shop/health-and-beauty/all?department=Deodorants&viewAll=department&page=,£1.00,£2.00/100ml,,,/groceries/en-GB/products/271327896,https://digitalcontent.api.tesco.com/v2/media/ghs/1499c641-6de2-490b-8518-e747ee7645eb/9ae7c9d1-a602-4ee8-a30e-1aeb9eb50843_713438827.jpeg?h=225&w=225
295143546,Dove Go Fresh Pear & Aloe Vera Roll On Antiperspirant Deodorant 50Ml,https://www.tesco.com/groceries/en-GB/shop/health-and-beauty/all?department=Deodorants&viewAll=department&page=,£1.00,£2.00/100ml,,,/groceries/en-GB/products/295143546,https://digitalcontent.api.tesco.com/v2/media/ghs/842b9fc3-12b9-4e9f-9f40-525669c6a181/c3013049-163a-4282-9400-e22faa1c94dd_1770400651.jpeg?h=225&w=225
268179867,Nivea Roll On Black & White Clear 50Ml,https://www.tesco.com/groceries/en-GB/shop/health-and-beauty/all?department=Deodorants&viewAll=department&page=,£1.15,£2.30/100ml,,,/groceries/en-GB/products/268179867,https://digitalcontent.api.tesco.com/v2/media/ghs/577a5520-1e74-47ba-bba0-79e6fab5bcb5/2ecb12f8-5d99-4463-b0db-f6cfeb49254d_1490678166.jpeg?h=225&w=225
272227552,Nivea Men Sensitive Protect Antiperspirant Deodorant Roll On 50Ml,https://www.tesco.com/groceries/en-GB/shop/health-and-beauty/all?department=Deodorants&viewAll=department&page=,£1.15,£2.30/100ml,,,/groceries/en-GB/products/272227552,https://digitalcontent.api.tesco.com/v2/media/ghs/1c2b634b-959a-4266-81d5-df360d618f82/2aed80de-c569-4142-8e2f-e77e95e12ec2_438570430.jpeg?h=225&w=225
263744932,Dove Invisible Dry Roll-On Antiperspirant Deodorant 50Ml,https://www.tesco.com/groceries/en-GB/shop/health-and-beauty/all?department=Deodorants&viewAll=department&page=,£1.00,£2.00/100ml,,,/groceries/en-GB/products/263744932,https://digitalcontent.api.tesco.com/v2/media/ghs/99ca6fdb-41b5-4ccf-a6b4-5dd1ee3d003d/4a5723ab-b9ca-41d3-b60c-0f83db186e6e_415719696.jpeg?h=225&w=225
263594803,Dove Go Fresh Cucumber Roll-On Antiperspirant Deodorant 50Ml,https://www.tesco.com/groceries/en-GB/shop/health-and-beauty/all?department=Deodorants&viewAll=department&page=,£1.00,£2.00/100ml,,,/groceries/en-GB/products/263594803,https://digitalcontent.api.tesco.com/v2/media/ghs/7c2ebec4-2c03-468b-b31e-36dd9a6b88c9/303fb7c9-fef3-4acd-baf2-719c88c03a94_1532038021.jpeg?h=225&w=225
266054033,Dove Men+Care Clean Cmfrt Antiperspirant Deodorant Roll-On 50Ml,https://www.tesco.com/groceries/en-GB/shop/health-and-beauty/all?department=Deodorants&viewAll=department&page=,£1.00,£2.00/100ml,,,/groceries/en-GB/products/266054033,https://digitalcontent.api.tesco.com/v2/media/ghs/c09c9e2f-3a8d-4bec-a896-c3609fffd892/c2bd0798-d3f6-4438-a12d-460b9dae23b3_1988909626.jpeg?h=225&w=225
261499656,Sanex Dermo Sensitive Deodorant 250Ml,https://www.tesco.com/groceries/en-GB/shop/health-and-beauty/all?department=Deodorants&viewAll=department&page=,£3.00,£1.20/100ml,,,/groceries/en-GB/products/261499656,https://digitalcontent.api.tesco.com/v2/media/ghs/766675a1-3993-4c6e-9c26-870106fb62f3/f4de0516-ac3f-45bd-9263-a537ae1d1248.jpeg?h=225&w=225
311265343,Sure Men 72H Sport Cool Antiperspirant 250Ml,https://www.tesco.com/groceries/en-GB/shop/health-and-beauty/all?department=Deodorants&viewAll=department&page=,£3.00,£1.20/100ml,,,/groceries/en-GB/products/311265343,https://digitalcontent.api.tesco.com/v2/media/ghs/65243474-4f5e-4df2-acec-9072e68d07af/7f7430ee-fb0f-4d1b-9fb5-92d1278754e3_1751118182.jpeg?h=225&w=225
263551307,Dove Maximum Protection Original Clean Cream Antiperspirant Deodorant 45Ml,https://www.tesco.com/groceries/en-GB/shop/health-and-beauty/all?department=Deodorants&viewAll=department&page=,£5.00,£11.12/100ml,£4.00 Clubcard Price,,/groceries/en-GB/products/263551307,https://digitalcontent.api.tesco.com/v2/media/ghs/bc14866d-49ff-4a6d-af0c-a10d4c409970/0698884f-7c34-421b-a733-8c9f5f0f29d6_999890720.jpeg?h=225&w=225
272191840,Sure Women Maximum Protection Confidence Cream Antiperspirant Deodorant 45Ml,https://www.tesco.com/groceries/en-GB/shop/health-and-beauty/all?department=Deodorants&viewAll=department&page=,£5.00,£11.12/100ml,,,/groceries/en-GB/products/272191840,https://digitalcontent.api.tesco.com/v2/media/ghs/43852257-3fc9-4afe-9b25-f0d242328289/74ced512-af87-48be-bb88-8ffb1bebfdef_1046125364.jpeg?h=225&w=225
281946862,Mitchum Powder Fresh Antiperspirant Deodorant 200Ml,https://www.tesco.com/groceries/en-GB/shop/health-and-beauty/all?department=Deodorants&viewAll=department&page=,£3.00,£1.50/100ml,,,/groceries/en-GB/products/281946862,https://digitalcontent.api.tesco.com/v2/media/ghs/42a2e13e-2160-48e0-82f1-08ccfeeadb90/0dd5ec63-786f-44cd-9c28-467b0a336905.jpeg?h=225&w=225
303206081,Lynx Africa Antiperspirant Deodorant Spray 250Ml,https://www.tesco.com/groceries/en-GB/shop/health-and-beauty/all?department=Deodorants&viewAll=department&page=,£4.00,£1.60/100ml,,,/groceries/en-GB/products/303206081,https://digitalcontent.api.tesco.com/v2/media/ghs/ba5782e0-c3fe-4260-900e-2b990d3375d1/ef486328-ff7d-4c4e-9407-0bf96145d3ac_415788548.jpeg?h=225&w=225
310681295,Sure Men 72 Hour Invisible Ice Fresh Antiperspirant 250Ml,https://www.tesco.com/groceries/en-GB/shop/health-and-beauty/all?department=Deodorants&viewAll=department&page=,£3.00,£12.00/litre,,,/groceries/en-GB/products/310681295,https://digitalcontent.api.tesco.com/v2/media/ghs/02c5d547-32ef-4638-b3c1-643280ba4324/27fe4b3d-1334-4332-8870-882010a7f9d7_279947406.jpeg?h=225&w=225
263697428,Sure Women Maximum Protection Clean Cream Antiperspirant Deodorant 45Ml,https://www.tesco.com/groceries/en-GB/shop/health-and-beauty/all?department=Deodorants&viewAll=department&page=,£5.00,£11.12/100ml,,,/groceries/en-GB/products/263697428,https://digitalcontent.api.tesco.com/v2/media/ghs/ae3df07b-abb7-4aa9-9515-cf4d25c7d298/0e3d6125-31fa-4d68-a89b-1f01fbe7ff5f_2071058028.jpeg?h=225&w=225
303206121,Lynx Black Body Spray 250Ml,https://www.tesco.com/groceries/en-GB/shop/health-and-beauty/all?department=Deodorants&viewAll=department&page=,£4.00,£1.60/100ml,,,/groceries/en-GB/products/303206121,https://digitalcontent.api.tesco.com/v2/media/ghs/8bb507c6-e191-48cd-b352-9d21ccc2e2c0/2ec6587a-47a0-49df-a2e8-a657cd8fc899_666381156.jpeg?h=225&w=225
290873473,Mitchum Aerosol Pure Fresh 200Ml,https://www.tesco.com/groceries/en-GB/shop/health-and-beauty/all?department=Deodorants&viewAll=department&page=,£3.00,£1.50/100ml,,,/groceries/en-GB/products/290873473,https://digitalcontent.api.tesco.com/v2/media/ghs/9374433d-a8e3-407f-a623-a0a34bd951c3/9dc16e78-a77d-44dc-9ca4-af4369d2cf8a_2007663680.jpeg?h=225&w=225
303670451,Mitchum Female Clear Fresh Antiperspirant Deodorant 200Ml,https://www.tesco.com/groceries/en-GB/shop/health-and-beauty/all?department=Deodorants&viewAll=department&page=,£3.00,£1.50/100ml,,,/groceries/en-GB/products/303670451,https://digitalcontent.api.tesco.com/v2/media/ghs/a1bd76c8-cbe5-4bc2-aa77-cf1e4d0dcc10/0c9938d4-05bd-491b-8732-fbb025a33e97_833718086.jpeg?h=225&w=225
281947089,Mitchum Powder Fresh Roll On100ml,https://www.tesco.com/groceries/en-GB/shop/health-and-beauty/all?department=Deodorants&viewAll=department&page=,£3.00,£3.00/100ml,,,/groceries/en-GB/products/281947089,https://digitalcontent.api.tesco.com/v2/media/ghs/cc55586f-93a3-463f-b53a-aa0be59cd908/5c49c8f0-5e7f-47b2-9ff0-593841674b1f_99074712.jpeg?h=225&w=225
303206265,Lynx Ice Chill Antiperspirant Deodorant Spray 250Ml,https://www.tesco.com/groceries/en-GB/shop/health-and-beauty/all?department=Deodorants&viewAll=department&page=,£4.00,£1.60/100ml,,,/groceries/en-GB/products/303206265,https://digitalcontent.api.tesco.com/v2/media/ghs/3d8f0f9a-b6b1-48bb-9f88-4c988babb8e8/f51dfa6b-0e6d-466a-ae8b-a2deb21e4d13_1920203182.jpeg?h=225&w=225
281975562,Mitchum Deodorant Powder Fresh Stick41g,https://www.tesco.com/groceries/en-GB/shop/health-and-beauty/all?department=Deodorants&viewAll=department&page=,£3.00,£7.32/100g,,,/groceries/en-GB/products/281975562,https://digitalcontent.api.tesco.com/v2/media/ghs/6675f5d2-724f-456e-ae03-317f8e8f5444/1c018626-840a-49b6-9926-6e87ff2fee33_250498806.jpeg?h=225&w=225
254006680,Bionsen Deodorant Aluminium Free Roll On 50Ml,https://www.tesco.com/groceries/en-GB/shop/health-and-beauty/all?department=Deodorants&viewAll=department&page=,£2.40,£4.80/100ml,£1.80 Clubcard Price,,/groceries/en-GB/products/254006680,https://digitalcontent.api.tesco.com/v2/media/ghs/b307ad36-8dae-4e3a-ab21-3c16e47e4dcd/f6c3c369-1633-4223-88ee-bf6907006f70_423263348.jpeg?h=225&w=225
303206144,Lynx Black Antiperspirant Deodorant Spray 250Ml,https://www.tesco.com/groceries/en-GB/shop/health-and-beauty/all?department=Deodorants&viewAll=department&page=,£4.00,£1.60/100ml,,,/groceries/en-GB/products/303206144,https://digitalcontent.api.tesco.com/v2/media/ghs/20d9f78e-3940-48ce-8c2c-ef7405ce3e1b/a91d9a16-468a-466f-b342-e8f0ca9fa571_1210848268.jpeg?h=225&w=225
310107216,Sure 72H Invisible Ice Fresh Antiperspirant 150Ml,https://www.tesco.com/groceries/en-GB/shop/health-and-beauty/all?department=Deodorants&viewAll=department&page=,£2.50,£1.67/100ml,£1.50 Clubcard Price,,/groceries/en-GB/products/310107216,https://digitalcontent.api.tesco.com/v2/media/ghs/653b61e0-bda2-4c3e-b58c-86a96df1b6f3/f58eaca3-2ec4-42d3-8c5a-ef397185af44_254928782.jpeg?h=225&w=225
311203694,Sure 72H Bright Bouquet Antiperspirant 150Ml,https://www.tesco.com/groceries/en-GB/shop/health-and-beauty/all?department=Deodorants&viewAll=department&page=,£2.50,£1.67/100ml,£1.50 Clubcard Price,,/groceries/en-GB/products/311203694,https://digitalcontent.api.tesco.com/v2/media/ghs/76cfa863-87a2-4ded-b0d9-c5b863150d28/0264e01a-1d8b-45e0-a43d-624632ec7e81_83096151.jpeg?h=225&w=225
261540894,Lynx Dry Africa Antiperspirant Deodorant 150Ml,https://www.tesco.com/groceries/en-GB/shop/health-and-beauty/all?department=Deodorants&viewAll=department&page=,£3.00,£2.00/100ml,£2.25 Clubcard Price,,/groceries/en-GB/products/261540894,https://digitalcontent.api.tesco.com/v2/media/ghs/7bcd68b8-47fc-4803-b54e-75ee842c260e/2fd5076d-ddc8-457f-b0b6-00fdeaffdbba_1438591951.jpeg?h=225&w=225
266125382,Dove Men+Care Clean Cmfrt Antiperspirant Deodorant Stick 50Ml,https://www.tesco.com/groceries/en-GB/shop/health-and-beauty/all?department=Deodorants&viewAll=department&page=,£2.10,£4.20/100ml,,,/groceries/en-GB/products/266125382,https://digitalcontent.api.tesco.com/v2/media/ghs/1ae0ef3b-0ca9-48f0-b7de-8d113c288ee7/a647cff7-356e-4702-acb2-88bb0cf1e0dd_2118133996.jpeg?h=225&w=225
299225933,Lynx Gold Anti Perspirant 150Ml,https://www.tesco.com/groceries/en-GB/shop/health-and-beauty/all?department=Deodorants&viewAll=department&page=,£3.00,£2.00/100ml,£2.25 Clubcard Price,,/groceries/en-GB/products/299225933,https://digitalcontent.api.tesco.com/v2/media/ghs/b01dbd0c-7a95-4736-b8d1-847e74143a7b/90083c3c-6f5a-491c-a99e-4b9244130d28_1411912670.jpeg?h=225&w=225
263200614,Lynx Dark Temptation Body Spray 150Ml,https://www.tesco.com/groceries/en-GB/shop/health-and-beauty/all?department=Deodorants&viewAll=department&page=,£3.00,£2.00/100ml,£2.25 Clubcard Price,,/groceries/en-GB/products/263200614,https://digitalcontent.api.tesco.com/v2/media/ghs/21708f61-a0aa-41ca-94db-4616a3835927/09df7817-ce06-4497-9230-8439f6fc498a_835543863.jpeg?h=225&w=225
250667916,Dove Original Stick Antiperspirant Deodorant 40Ml,https://www.tesco.com/groceries/en-GB/shop/health-and-beauty/all?department=Deodorants&viewAll=department&page=,£2.00,£5.00/100ml,,,/groceries/en-GB/products/250667916,https://digitalcontent.api.tesco.com/v2/media/ghs/b1103d3b-099a-422c-9e95-f5b219688cbe/2c69c371-ad3f-48ae-a5f0-e881b7f7bad4_837672400.jpeg?h=225&w=225
299154141,Lynx Gold Body Spray Deodorant 150Ml,https://www.tesco.com/groceries/en-GB/shop/health-and-beauty/all?department=Deodorants&viewAll=department&page=,£3.00,£2.00/100ml,£2.25 Clubcard Price,,/groceries/en-GB/products/299154141,https://digitalcontent.api.tesco.com/v2/media/ghs/ca5e9ded-e055-455a-a766-4b8c2bf4def2/df43b9a0-851f-4721-a236-7df637cef66b_630697465.jpeg?h=225&w=225
287522605,Lynx Black Body Spray 150Ml,https://www.tesco.com/groceries/en-GB/shop/health-and-beauty/all?department=Deodorants&viewAll=department&page=,£3.00,£2.00/100ml,£2.25 Clubcard Price,,/groceries/en-GB/products/287522605,https://digitalcontent.api.tesco.com/v2/media/ghs/fc83ce3d-699e-4ec6-a565-f6a630dbc976/56428299-4f76-44d7-aed3-c6793175443e_1613692746.jpeg?h=225&w=225
303333880,Lynx Ice Chill Deodorant & Body Spray For Men 150Ml,https://www.tesco.com/groceries/en-GB/shop/health-and-beauty/all?department=Deodorants&viewAll=department&page=,£3.00,£2.00/100ml,£2.25 Clubcard Price,,/groceries/en-GB/products/303333880,https://digitalcontent.api.tesco.com/v2/media/ghs/5f06a3ca-f76a-478d-9f19-4ba375df8bfb/0b598471-0b6f-4f74-8ab5-b7603e766e49_18979240.jpeg?h=225&w=225
267610226,Lynx Excite Body Spray 150Ml,https://www.tesco.com/groceries/en-GB/shop/health-and-beauty/all?department=Deodorants&viewAll=department&page=,£3.00,£2.00/100ml,£2.25 Clubcard Price,,/groceries/en-GB/products/267610226,https://digitalcontent.api.tesco.com/v2/media/ghs/2ad12514-5c01-434b-bc77-10256b6ec6d8/1a1ba9dc-22cd-4d86-be19-2ea8f9866573_592038519.jpeg?h=225&w=225
299425541,Nivea Men 48Hr Anti-Perspirant Spray Deep 250Ml,https://www.tesco.com/groceries/en-GB/shop/health-and-beauty/all?department=Deodorants&viewAll=department&page=,£2.00,£0.80/100ml,,,/groceries/en-GB/products/299425541,https://digitalcontent.api.tesco.com/v2/media/ghs/2182134c-9306-4b09-93ef-fbcd71dd6431/796ca821-2061-4459-af27-814652924cba_1328119695.jpeg?h=225&w=225
310844898,Dove Men+Care Extra Fresh Antiperspirant Deodorant 200Ml,https://www.tesco.com/groceries/en-GB/shop/health-and-beauty/all?department=Deodorants&viewAll=department&page=,£2.00,£1.00/100ml,,,/groceries/en-GB/products/310844898,https://digitalcontent.api.tesco.com/v2/media/ghs/abd5b6b8-b95d-4c82-af2c-99ea54df064a/8b6ac42c-ab84-4369-9642-7aa55d2b8d48_215438473.jpeg?h=225&w=225
308481494,L’Oreal Men Expert Thermic Resist Heat Antiperspirant Deodorant 300Ml,https://www.tesco.com/groceries/en-GB/shop/health-and-beauty/all?department=Deodorants&viewAll=department&page=,£2.70,£0.90/100ml,,,/groceries/en-GB/products/308481494,https://digitalcontent.api.tesco.com/v2/media/ghs/5adc0e16-4ce8-44d8-88fc-2aec4e43f566/8cfc204f-9f4f-41a4-a5c6-079c35ef5722_2116180317.jpeg?h=225&w=225
308104798,L'oreal Men Expert Fresh Extreme Antiperspirant Deodorant 300Ml,https://www.tesco.com/groceries/en-GB/shop/health-and-beauty/all?department=Deodorants&viewAll=department&page=,£2.70,£0.90/100ml,,,/groceries/en-GB/products/308104798,https://digitalcontent.api.tesco.com/v2/media/ghs/83e03f99-49b6-4e0c-aaa5-2471600a9d6a/31482172-b0d1-45bc-b30c-4ee01f982e0b_778634319.jpeg?h=225&w=225
272227949,Nivea Men Black & White Power Antiperspirant Deodorant 150Ml,https://www.tesco.com/groceries/en-GB/shop/health-and-beauty/all?department=Deodorants&viewAll=department&page=,£1.30,£0.87/100ml,,,/groceries/en-GB/products/272227949,https://digitalcontent.api.tesco.com/v2/media/ghs/20ed92cf-9b05-4e54-83db-b4ff8ea322e9/d720fd6e-9a7d-4119-b69d-78e4fd865287_1606739306.jpeg?h=225&w=225
299225910,Dove Invisible Care Anti Perspirant 250Ml,https://www.tesco.com/groceries/en-GB/shop/health-and-beauty/all?department=Deodorants&viewAll=department&page=,£2.00,£0.80/100ml,,,/groceries/en-GB/products/299225910,https://digitalcontent.api.tesco.com/v2/media/ghs/f50557c9-4720-44ab-8e54-6d2e22da39c6/5d795575-8b24-4dcc-835c-a53c6e084aa9_1633918696.jpeg?h=225&w=225
308475686,Sanex Biome Protect Dermo Moisturising Deodorant 50Ml,https://www.tesco.com/groceries/en-GB/shop/health-and-beauty/all?department=Deodorants&viewAll=department&page=,£1.80,£3.60/100ml,£1.00 Clubcard Price,,/groceries/en-GB/products/308475686,https://digitalcontent.api.tesco.com/v2/media/ghs/5d71686f-8103-4029-889f-72bc2c0178db/ae0a9db2-f086-4e55-9bf1-ce2ef0b63c7b_1685081086.jpeg?h=225&w=225
258903752,Nivea For Women Pearl & Beauty Antiperspirant Deodorant 150Ml,https://www.tesco.com/groceries/en-GB/shop/health-and-beauty/all?department=Deodorants&viewAll=department&page=,£1.30,£0.87/100ml,,,/groceries/en-GB/products/258903752,https://digitalcontent.api.tesco.com/v2/media/ghs/13783e0c-9db4-4487-bf11-1066a5bbe6e3/a45b9138-6e1f-43d2-b7de-7e27c8529787.jpeg?h=225&w=225
272227454,Nivea Men Sensitive Protect Antiperspirant Deodorant 150Ml,https://www.tesco.com/groceries/en-GB/shop/health-and-beauty/all?department=Deodorants&viewAll=department&page=,£1.30,£0.87/100ml,,,/groceries/en-GB/products/272227454,https://digitalcontent.api.tesco.com/v2/media/ghs/ca0cb620-d137-434f-836d-50744134bb6b/519045c2-01af-44f1-8a0a-e10bda7d67a6_1980509679.jpeg?h=225&w=225
308486264,Sanex Biome Protect Anti-Irritation Deodorant 50Ml,https://www.tesco.com/groceries/en-GB/shop/health-and-beauty/all?department=Deodorants&viewAll=department&page=,£1.80,£3.60/100ml,£1.00 Clubcard Price,,/groceries/en-GB/products/308486264,https://digitalcontent.api.tesco.com/v2/media/ghs/b80b241b-cd37-49a9-8a28-f3861d600fd7/f0ee0350-71fb-45c7-935e-8b80c707b801_998695180.jpeg?h=225&w=225
268179959,Nivea Black & White Clear Antiperspirant Deodorant 150Ml,https://www.tesco.com/groceries/en-GB/shop/health-and-beauty/all?department=Deodorants&viewAll=department&page=,£1.30,£0.87/100ml,,,/groceries/en-GB/products/268179959,https://digitalcontent.api.tesco.com/v2/media/ghs/6135a86c-4b6e-4dba-bf70-7b53b7a356c0/66869cda-d505-44a7-8bbb-495f584e65e0.jpeg?h=225&w=225
311444990,Dove Go Fresh Passion Fruit & Lgrass 250Ml,https://www.tesco.com/groceries/en-GB/shop/health-and-beauty/all?department=Deodorants&viewAll=department&page=,£2.00,£0.80/100ml,,,/groceries/en-GB/products/311444990,https://digitalcontent.api.tesco.com/v2/media/ghs/91bb513b-5be8-48a5-95e8-e974ae5a74b6/263889c7-29c1-4c6c-80e2-bd45d0153c40_2037451593.jpeg?h=225&w=225
295581113,L’Oreal Men Expert Invincible Sport Rollon Deodorant 50Ml,https://www.tesco.com/groceries/en-GB/shop/health-and-beauty/all?department=Deodorants&viewAll=department&page=,£2.35,£4.70/100ml,£1.30 Clubcard Price,,/groceries/en-GB/products/295581113,https://digitalcontent.api.tesco.com/v2/media/ghs/34505450-927f-4967-9bdc-e20407f4e9a0/9ab7f3a3-8dfa-490f-8cb7-5d89fe224de9_186387786.jpeg?h=225&w=225
263745954,Sure Women Cool Blue Roll-On Antiperspirant Deodorant 50Ml,https://www.tesco.com/groceries/en-GB/shop/health-and-beauty/all?department=Deodorants&viewAll=department&page=,£1.00,£2.00/100ml,,,/groceries/en-GB/products/263745954,https://digitalcontent.api.tesco.com/v2/media/ghs/f9c5b0ef-04a6-4496-ac51-6cfa3f426ea2/544dbf3c-aa75-4a36-92f8-10a79ef93730_1380516486.jpeg?h=225&w=225
263772322,Lynx Africa Roll-On Antiperspirant Deodorant 50Ml,https://www.tesco.com/groceries/en-GB/shop/health-and-beauty/all?department=Deodorants&viewAll=department&page=,£1.15,£2.30/100ml,,,/groceries/en-GB/products/263772322,https://digitalcontent.api.tesco.com/v2/media/ghs/dcc0b94b-58ef-46ba-9fb7-1f9d92dc3cad/9541b7e5-05f5-400e-b145-3e83d3c7b4e5_1096427421.jpeg?h=225&w=225
308492141,Mitchum Woman Natural Power Eucalyptus Solid Deodorant 40G,https://www.tesco.com/groceries/en-GB/shop/health-and-beauty/all?department=Deodorants&viewAll=department&page=,£4.70,£11.75/100g,,,/groceries/en-GB/products/308492141,https://digitalcontent.api.tesco.com/v2/media/ghs/5b051e54-ec43-4b64-af57-86798482b3ba/e87dda38-9204-4e7f-a898-ed5338a4e6ea_1199650150.jpeg?h=225&w=225
311254258,Sure Men 72H Active Dry Antiperspirant 250Ml,https://www.tesco.com/groceries/en-GB/shop/health-and-beauty/all?department=Deodorants&viewAll=department&page=,£3.00,£1.20/100ml,,,/groceries/en-GB/products/311254258,https://digitalcontent.api.tesco.com/v2/media/ghs/f40e6cde-85a1-4296-b84a-fe0327a4ec1d/ceee3c76-5323-466c-9146-8bef3532d41a_929044500.jpeg?h=225&w=225
261499729,Sanex Dermo Invisible Antiperspirant Deodorant 250Ml,https://www.tesco.com/groceries/en-GB/shop/health-and-beauty/all?department=Deodorants&viewAll=department&page=,£3.00,£1.20/100ml,,,/groceries/en-GB/products/261499729,https://digitalcontent.api.tesco.com/v2/media/ghs/4da014a4-22a8-4962-a6b9-bd6f596b4887/6ef39d93-6ab2-4b34-a1a0-46d822d1c1bd.jpeg?h=225&w=225
299425437,Bionsen Spray Deodorant 150Ml,https://www.tesco.com/groceries/en-GB/shop/health-and-beauty/all?department=Deodorants&viewAll=department&page=,£3.10,£2.07/100ml,£2.32 Clubcard Price,,/groceries/en-GB/products/299425437,https://digitalcontent.api.tesco.com/v2/media/ghs/6f45bbb7-fd6a-4336-9c93-d16df85c29eb/e3e007f1-d8d3-41db-9703-3d0b9e140840_661474824.jpeg?h=225&w=225
287261527,Sure Maximum Protection Sport Strength Cream Antiperspirant Deodorant 45Ml,https://www.tesco.com/groceries/en-GB/shop/health-and-beauty/all?department=Deodorants&viewAll=department&page=,£5.00,£11.12/100ml,,,/groceries/en-GB/products/287261527,https://digitalcontent.api.tesco.com/v2/media/ghs/b729b3a6-57d8-47f7-90e8-afe648df05db/22159783-d5d9-4e4b-a200-2f387650cfb9_998234578.jpeg?h=225&w=225
258151713,Mitchum Shower Fresh Antiperspirant Deodorant 200Ml,https://www.tesco.com/groceries/en-GB/shop/health-and-beauty/all?department=Deodorants&viewAll=department&page=,£3.00,£1.50/100ml,,,/groceries/en-GB/products/258151713,https://digitalcontent.api.tesco.com/v2/media/ghs-mktg/b0b04216-fa73-466d-a9d7-c9fcfa1ce9b3/no-image.jpeg
272191805,Dove Maximum Protection Go Fresh Pomegranate Cream Antiperspirant Deodorant 45Ml,https://www.tesco.com/groceries/en-GB/shop/health-and-beauty/all?department=Deodorants&viewAll=department&page=,£5.00,£11.12/100ml,£4.00 Clubcard Price,,/groceries/en-GB/products/272191805,https://digitalcontent.api.tesco.com/v2/media/ghs/f46e98fe-0794-4b23-baf0-4e15a80bd9ff/fcd45369-e199-4658-bb4c-b9dc403eef22_1497377343.jpeg?h=225&w=225
254837525,Lynx Dry Africa Antiperspirant Deodorant Stick 50Ml,https://www.tesco.com/groceries/en-GB/shop/health-and-beauty/all?department=Deodorants&viewAll=department&page=,£2.10,£4.20/100ml,,,/groceries/en-GB/products/254837525,https://digitalcontent.api.tesco.com/v2/media/ghs/8f68caf8-8b83-48fd-ba1b-c49961859961/a8de79b9-cd94-4d11-9f02-35467e47ec53_1307938441.jpeg?h=225&w=225
311254045,Lynx Epic Fresh Deodorant Body Spray 250Ml,https://www.tesco.com/groceries/en-GB/shop/health-and-beauty/all?department=Deodorants&viewAll=department&page=,£4.00,£1.60/100ml,,,/groceries/en-GB/products/311254045,https://digitalcontent.api.tesco.com/v2/media/ghs/e8ad5f35-3dbf-44f1-a966-f88e967309a0/fde785e6-804c-4e43-a6ab-a026a5e9bb02_2132485741.jpeg?h=225&w=225
263578472,Sure Men Maximum Protection Fresh Scent Cream Antiperspirant Deodorant 45Ml,https://www.tesco.com/groceries/en-GB/shop/health-and-beauty/all?department=Deodorants&viewAll=department&page=,£5.00,£11.12/100ml,,,/groceries/en-GB/products/263578472,https://digitalcontent.api.tesco.com/v2/media/ghs/3a534828-448f-4847-a5c5-bf924c238fb9/319e1851-2785-44fa-9b35-448709b66613_1768907262.jpeg?h=225&w=225
311226617,Sure 72 Hour Bright Bouquet Antiperspirant 250Ml,https://www.tesco.com/groceries/en-GB/shop/health-and-beauty/all?department=Deodorants&viewAll=department&page=,£3.00,£12.00/litre,,,/groceries/en-GB/products/311226617,https://digitalcontent.api.tesco.com/v2/media/ghs/f24dd515-f9c5-429f-be7f-9421e9e89401/0c99943e-8b3a-4a82-9f14-d9093ae65c42_1560756198.jpeg?h=225&w=225
303206109,Lynx Dark Temptation Body Spray 250Ml,https://www.tesco.com/groceries/en-GB/shop/health-and-beauty/all?department=Deodorants&viewAll=department&page=,£4.00,£1.60/100ml,,,/groceries/en-GB/products/303206109,https://digitalcontent.api.tesco.com/v2/media/ghs/314b15bb-f38a-4d35-b0a5-45a521cfaffc/e372978d-6b3b-47ea-81b8-75acb89d4856_97826441.jpeg?h=225&w=225
310695872,Sure 72H Uplifting & Fresh Antiperspirant 250Ml,https://www.tesco.com/groceries/en-GB/shop/health-and-beauty/all?department=Deodorants&viewAll=department&page=,£3.00,£1.20/100ml,,,/groceries/en-GB/products/310695872,https://digitalcontent.api.tesco.com/v2/media/ghs/921f8299-8f21-495f-a651-060350e4743e/f9a6397e-59ed-4291-9493-bf46aa01135e_1028452037.jpeg?h=225&w=225
287615248,Mitchum Advanced Clean Control 200Ml,https://www.tesco.com/groceries/en-GB/shop/health-and-beauty/all?department=Deodorants&viewAll=department&page=,£3.00,£1.50/100ml,,,/groceries/en-GB/products/287615248,https://digitalcontent.api.tesco.com/v2/media/ghs/33433fc3-0421-44c4-84c3-6c1aeb724d22/776e24ca-757c-40cd-aa4c-5db221491e0a_1299728878.jpeg?h=225&w=225
305040704,Sanex Men Active Control Antiperspirant Deodorant 200Ml,https://www.tesco.com/groceries/en-GB/shop/health-and-beauty/all?department=Deodorants&viewAll=department&page=,£3.00,£1.50/100ml,,,/groceries/en-GB/products/305040704,https://digitalcontent.api.tesco.com/v2/media/ghs/0e5a74cb-f127-41f6-a230-2e262e37c49f/3cc5df80-5a55-4574-ac03-4ad4c38d0f7a_877749551.jpeg?h=225&w=225
303206288,Lynx Excite Body Spray 250Ml,https://www.tesco.com/groceries/en-GB/shop/health-and-beauty/all?department=Deodorants&viewAll=department&page=,£4.00,£1.60/100ml,,,/groceries/en-GB/products/303206288,https://digitalcontent.api.tesco.com/v2/media/ghs/a61129f9-70a2-495f-8e11-006d5c744199/227d52d8-e950-4834-8399-489aa7f44f6c_1696217127.jpeg?h=225&w=225
281975026,Mitchum Deodorant Clean Control Stick41g,https://www.tesco.com/groceries/en-GB/shop/health-and-beauty/all?department=Deodorants&viewAll=department&page=,£3.00,£7.32/100g,,,/groceries/en-GB/products/281975026,https://digitalcontent.api.tesco.com/v2/media/ghs/8e08c0c3-4b54-427f-9e2d-c6ca36dfaad1/b350f50f-94ee-4f33-a9cd-579e99528a80_813849493.jpeg?h=225&w=225
310153863,Sure Nonstop Protection Cotton Dry Antiperspirant 250Ml,https://www.tesco.com/groceries/en-GB/shop/health-and-beauty/all?department=Deodorants&viewAll=department&page=,£3.00,£1.20/100ml,,,/groceries/en-GB/products/310153863,https://digitalcontent.api.tesco.com/v2/media/ghs/3299d31e-4251-4a07-86d2-5e5f74d25c48/381dac54-075a-42e6-82c1-4c2f2fd384e8_664307965.jpeg?h=225&w=225
311217401,Sure 72H Invisible Antiperspirant 150Ml,https://www.tesco.com/groceries/en-GB/shop/health-and-beauty/all?department=Deodorants&viewAll=department&page=,£2.50,£1.67/100ml,£1.50 Clubcard Price,,/groceries/en-GB/products/311217401,https://digitalcontent.api.tesco.com/v2/media/ghs/fa97faee-8f19-45a2-8c51-d98881f4228f/3ac67e30-f557-4225-abe0-71f7a8c3df7a_42592499.jpeg?h=225&w=225
310699862,Sure 72H Uplifting & Fresh Antiperspirant 150Ml,https://www.tesco.com/groceries/en-GB/shop/health-and-beauty/all?department=Deodorants&viewAll=department&page=,£2.50,£1.67/100ml,£1.50 Clubcard Price,,/groceries/en-GB/products/310699862,https://digitalcontent.api.tesco.com/v2/media/ghs/31b0a830-6221-476d-a2fb-c0466a9aa82f/9903ad8c-85b8-42e5-b465-3467a2f6261f_2022389825.jpeg?h=225&w=225
311219301,Sure 72H Invisible Pure Antiperspirant 250Ml,https://www.tesco.com/groceries/en-GB/shop/health-and-beauty/all?department=Deodorants&viewAll=department&page=,£3.00,£1.20/100ml,,,/groceries/en-GB/products/311219301,https://digitalcontent.api.tesco.com/v2/media/ghs/85097259-2ff0-4e7c-ab92-ab1f6a648b0e/1d3b24a2-f4dd-4ee6-93f7-f8d223721c9d_1027239140.jpeg?h=225&w=225
303206207,Lynx Gold Body Spray 250Ml,https://www.tesco.com/groceries/en-GB/shop/health-and-beauty/all?department=Deodorants&viewAll=department&page=,£4.00,£1.60/100ml,,,/groceries/en-GB/products/303206207,https://digitalcontent.api.tesco.com/v2/media/ghs/30ab40f0-8ded-4b82-838a-046346fe1219/e89c3613-f06e-4613-839e-df679e5baf29_2059408301.jpeg?h=225&w=225
259150344,Old Spice Body Spray 150Ml,https://www.tesco.com/groceries/en-GB/shop/health-and-beauty/all?department=Deodorants&viewAll=department&page=,£3.00,£2.00/100ml,£2.00 Clubcard Price,,/groceries/en-GB/products/259150344,https://digitalcontent.api.tesco.com/v2/media/ghs/31aacfb3-3800-402a-a46b-4cde0a08c706/807afb40-fd76-44f1-99e6-ef58a2c19e03_664124115.jpeg?h=225&w=225
303206242,Lynx Ice Chill Body Spray 250Ml,https://www.tesco.com/groceries/en-GB/shop/health-and-beauty/all?department=Deodorants&viewAll=department&page=,£4.00,£1.60/100ml,,,/groceries/en-GB/products/303206242,https://digitalcontent.api.tesco.com/v2/media/ghs/9c6be63c-e2a0-4eb8-85ea-23303abaaa59/483b85ab-c2d3-40f9-b989-b5837e1fbe4d_2023092857.jpeg?h=225&w=225
295983110,Mitchum Stick Pure Fresh Deo 41G,https://www.tesco.com/groceries/en-GB/shop/health-and-beauty/all?department=Deodorants&viewAll=department&page=,£3.00,£7.32/100g,,,/groceries/en-GB/products/295983110,https://digitalcontent.api.tesco.com/v2/media/ghs/8f01b527-f399-4991-84ec-527ed290d5bb/a5f632bf-033b-4cf8-b377-b68814f6a961_1045042279.jpeg?h=225&w=225
309777264,Rock Face Active Body Spray 200Ml,https://www.tesco.com/groceries/en-GB/shop/health-and-beauty/all?department=Deodorants&viewAll=department&page=,£3.30,£1.65/100ml,£2.30 Clubcard Price,,/groceries/en-GB/products/309777264,https://digitalcontent.api.tesco.com/v2/media/ghs/c854cf6d-2021-4f58-bbfa-5f9289651eb8/20e0b69b-facf-4fa8-94d2-4ef902878898_908618823.jpeg?h=225&w=225
308461973,Old Spice Captain Deodorant Stick 50Ml,https://www.tesco.com/groceries/en-GB/shop/health-and-beauty/all?department=Deodorants&viewAll=department&page=,£3.00,£6.00/100ml,£2.00 Clubcard Price,,/groceries/en-GB/products/308461973,https://digitalcontent.api.tesco.com/v2/media/ghs/d407bdbe-c3ae-4b49-960d-e86709df462e/85a1dd25-e3e8-43b0-bb8b-4e3c98ddada9_1393737743.jpeg?h=225&w=225
311429381,Rock Face Power Anti Perspirant Deodorant 200Ml,https://www.tesco.com/groceries/en-GB/shop/health-and-beauty/all?department=Deodorants&viewAll=department&page=,£3.00,£1.50/100ml,£2.10 Clubcard Price,,/groceries/en-GB/products/311429381,https://digitalcontent.api.tesco.com/v2/media/ghs/5259af4e-47a6-4aa6-b8d9-5ceb9285f9f4/62884f72-8f4d-46b0-88f5-e1c857704b33_967832705.jpeg?h=225&w=225
308487741,Rock Face 48Hr Antiperspirant Deodorant 200Ml,https://www.tesco.com/groceries/en-GB/shop/health-and-beauty/all?department=Deodorants&viewAll=department&page=,£3.00,£1.50/100ml,£2.10 Clubcard Price,,/groceries/en-GB/products/308487741,https://digitalcontent.api.tesco.com/v2/media/ghs/f1cfc920-c719-457d-8af5-61d945f6a98b/747374df-4554-4755-86c5-3fe95fab38ff_1515891426.jpeg?h=225&w=225
308455543,Sanex Biome Protect Anti Irritation Deodorant 200Ml,https://www.tesco.com/groceries/en-GB/shop/health-and-beauty/all?department=Deodorants&viewAll=department&page=,£3.00,£1.50/100ml,£2.00 Clubcard Price,,/groceries/en-GB/products/308455543,https://digitalcontent.api.tesco.com/v2/media/ghs/4ac18a8e-357a-49b8-97fd-fefe2e31a25c/3db367a5-809c-4146-b522-b6226119c459_810034131.jpeg?h=225&w=225
308485478,Sanex Biome Protect Dermo Moisturising Deodorant 200Ml,https://www.tesco.com/groceries/en-GB/shop/health-and-beauty/all?department=Deodorants&viewAll=department&page=,£3.00,£1.50/100ml,£2.00 Clubcard Price,,/groceries/en-GB/products/308485478,https://digitalcontent.api.tesco.com/v2/media/ghs/4606dbc0-6ca5-4f03-bfce-a2264d75385c/ba523ce4-5066-4c03-8130-9e4fc01e3f2e_1934886573.jpeg?h=225&w=225
311276877,Lynx Epic Fresh 48 Hours Deodorant Body Spray 150Ml,https://www.tesco.com/groceries/en-GB/shop/health-and-beauty/all?department=Deodorants&viewAll=department&page=,£3.00,£20.00/litre,£2.25 Clubcard Price,,/groceries/en-GB/products/311276877,https://digitalcontent.api.tesco.com/v2/media/ghs/204dd72f-854c-4081-a661-6bd1e684e6dc/e03449e2-2b9e-4cde-bf19-f01a5aa16ff7_1671419423.jpeg?h=225&w=225
311202257,Lynx Epic Fresh Anti Perspirant 72 Hours 150Ml,https://www.tesco.com/groceries/en-GB/shop/health-and-beauty/all?department=Deodorants&viewAll=department&page=,£3.00,£20.00/litre,£2.25 Clubcard Price,,/groceries/en-GB/products/311202257,https://digitalcontent.api.tesco.com/v2/media/ghs/c64c28a9-fcc9-4e7a-9607-1660d93269ba/b0f462a9-4c5e-4343-aecd-b2b9ff7632ce_1683505494.jpeg?h=225&w=225
308098965,L’Oreal Men Expert Shirt Protect 48 Hour Antiperspirant Deodorant 300Ml,https://www.tesco.com/groceries/en-GB/shop/health-and-beauty/all?department=Deodorants&viewAll=department&page=,£2.70,£0.90/100ml,,,/groceries/en-GB/products/308098965,https://digitalcontent.api.tesco.com/v2/media/ghs/146cc8b9-fac6-4411-bd54-8d74e8e36393/fde81dd8-3feb-4ada-9037-6128b010f9a0_639359690.jpeg?h=225&w=225
308846236,Lynx Recharge Body Spray 150Ml,https://www.tesco.com/groceries/en-GB/shop/health-and-beauty/all?department=Deodorants&viewAll=department&page=,£3.00,£2.00/100ml,£2.25 Clubcard Price,,/groceries/en-GB/products/308846236,https://digitalcontent.api.tesco.com/v2/media/ghs/0b797a99-c415-4b9c-878c-86b49860b2f9/94e86c4a-3f12-4406-a6bb-872cbae641f8_1110981235.jpeg?h=225&w=225
304793459,Lynx Collision Leather & Cookie Body Spray 150Ml,https://www.tesco.com/groceries/en-GB/shop/health-and-beauty/all?department=Deodorants&viewAll=department&page=,£3.00,£2.00/100ml,£2.25 Clubcard Price,,/groceries/en-GB/products/304793459,https://digitalcontent.api.tesco.com/v2/media/ghs/e1c98d81-1024-4076-b682-26c98ef88ee0/fab67a90-c415-49ec-95cc-3295dd19e4b8_1963356430.jpeg?h=225&w=225
311674348,Dove Men+Care Sport Active Plus Fresh Antiperspirant Deodorant 200Ml,https://www.tesco.com/groceries/en-GB/shop/health-and-beauty/all?department=Deodorants&viewAll=department&page=,£2.00,£1.00/100ml,,,/groceries/en-GB/products/311674348,https://digitalcontent.api.tesco.com/v2/media/ghs/9b0c1b71-a753-4e47-89c6-8413763b8f50/da8f8e6e-ba29-43e8-814e-8bb0d427d528_1340094578.jpeg?h=225&w=225
263639206,Nivea Double Effect Antiperspirant Deodorant 250Ml,https://www.tesco.com/groceries/en-GB/shop/health-and-beauty/all?department=Deodorants&viewAll=department&page=,£1.85,£0.74/100ml,,,/groceries/en-GB/products/263639206,https://digitalcontent.api.tesco.com/v2/media/ghs/70697246-bb89-4298-87b3-6d32b51cbac8/c3589d18-cf26-4279-8818-071023001bb5.jpeg?h=225&w=225
311438957,Dove Men+Care Odour Defence Antiperspirant Deodorant 200Ml,https://www.tesco.com/groceries/en-GB/shop/health-and-beauty/all?department=Deodorants&viewAll=department&page=,£2.00,£1.00/100ml,,,/groceries/en-GB/products/311438957,https://digitalcontent.api.tesco.com/v2/media/ghs/74d84754-5309-4df8-a6a7-d94af35c4223/45fa1586-f8f7-4d14-abff-a4df9961ac59_707467993.jpeg?h=225&w=225
263639090,Nivea Double Effect Antiperspirant Deodorant 150Ml,https://www.tesco.com/groceries/en-GB/shop/health-and-beauty/all?department=Deodorants&viewAll=department&page=,£1.30,£0.87/100ml,,,/groceries/en-GB/products/263639090,https://digitalcontent.api.tesco.com/v2/media/ghs/1029b48a-a056-4f54-9994-9d22e1dfaaa0/62ab58fa-733f-4476-adc0-5c21807a01cf.jpeg?h=225&w=225
311229502,Sure Maximum Protection Confidence Antiperspirant 150Ml,https://www.tesco.com/groceries/en-GB/shop/health-and-beauty/all?department=Deodorants&viewAll=department&page=,£5.00,£3.34/100ml,,,/groceries/en-GB/products/311229502,https://digitalcontent.api.tesco.com/v2/media/ghs/98463903-acaa-4dc2-87a9-72f8996a34d4/4a44fd30-f3f0-46bd-98e8-84163e2f1834_1219683851.jpeg?h=225&w=225
299425299,Perspirex Strong Anti Perspirant Roll On 20Ml,https://www.tesco.com/groceries/en-GB/shop/health-and-beauty/all?department=Deodorants&viewAll=department&page=,£8.50,£42.50/100ml,,,/groceries/en-GB/products/299425299,https://digitalcontent.api.tesco.com/v2/media/ghs/52aba36b-ff44-4c87-9efc-d843d9a5972b/50e10e8e-8f03-4932-80d4-0c199b291335_1451842884.jpeg?h=225&w=225
312227969,Old Spice Captain 3 Piece Gift Set,https://www.tesco.com/groceries/en-GB/shop/health-and-beauty/all?department=Deodorants&viewAll=department&page=,£12.50,£12.50/each,£6.25 Clubcard Price,,/groceries/en-GB/products/312227969,https://digitalcontent.api.tesco.com/v2/media/ghs/522c546c-7c5c-4a9c-a0bf-4524702efa05/d9560601-1894-482b-a71e-e8d902782837_1541773596.jpeg?h=225&w=225
257970413,Triple Dry Antiperspirant Deodorant Roll-On 50Ml,https://www.tesco.com/groceries/en-GB/shop/health-and-beauty/all?department=Deodorants&viewAll=department&page=,£6.00,£12.00/100ml,,,/groceries/en-GB/products/257970413,https://digitalcontent.api.tesco.com/v2/media/ghs/455c73d9-1a4c-4fb6-873e-f5bc5666a3c6/8f3688b4-9a3e-401c-b31c-b214444e4465_276846764.jpeg?h=225&w=225
268152305,Triple Dry Mens All Purpose Roll On 50Ml,https://www.tesco.com/groceries/en-GB/shop/health-and-beauty/all?department=Deodorants&viewAll=department&page=,£6.00,£12.00/100ml,,,/groceries/en-GB/products/268152305,https://digitalcontent.api.tesco.com/v2/media/ghs/34415b7d-717e-4817-93f6-7d1ccb0c0d97/ed92ef0f-0b7f-4026-8b17-79966e72aee6_884874200.jpeg?h=225&w=225
257967723,Triple Dry Anti Perspirant Spray 150Ml,https://www.tesco.com/groceries/en-GB/shop/health-and-beauty/all?department=Deodorants&viewAll=department&page=,£5.00,£3.34/100ml,,,/groceries/en-GB/products/257967723,https://digitalcontent.api.tesco.com/v2/media/ghs/3196591c-4291-4f7a-90e2-5be86803737a/cf23cd6b-de4b-444a-9c8f-a4fddf819be7.jpeg?h=225&w=225
308110617,Soul Cal Enjoy Every Moment Body Mist 236Ml,https://www.tesco.com/groceries/en-GB/shop/health-and-beauty/all?department=Deodorants&viewAll=department&page=,£6.00,£2.55/100ml,,,/groceries/en-GB/products/308110617,https://digitalcontent.api.tesco.com/v2/media/ghs/a8845b47-f994-4fee-9ff3-89ba1d808316/d0e8fbf5-1110-4866-9df3-ec959501eb0f_977637594.jpeg?h=225&w=225
308083470,Soul Cal&Co Body Mist Wrm Coconut & Frangipani 236Ml,https://www.tesco.com/groceries/en-GB/shop/health-and-beauty/all?department=Deodorants&viewAll=department&page=,£6.00,£2.55/100ml,,,/groceries/en-GB/products/308083470,https://digitalcontent.api.tesco.com/v2/media/ghs/979571f5-3922-47ab-a0db-d35701ca555c/d33bf43e-3834-4ad2-87d4-623b76498d20_2024166967.jpeg?h=225&w=225
299475607,So Bali Breeze Body Mist 200Ml,https://www.tesco.com/groceries/en-GB/shop/health-and-beauty/all?department=Deodorants&viewAll=department&page=,£5.00,£2.50/100ml,,,/groceries/en-GB/products/299475607,https://digitalcontent.api.tesco.com/v2/media/ghs/0f19a854-2a49-4fd5-ab7b-eb0dda10b168/267998f2-380d-4714-ac67-7b2b8e2628da_96202239.jpeg?h=225&w=225
308468551,Nivea Men Black & White Antiperspirant Spray 200Ml,https://www.tesco.com/groceries/en-GB/shop/health-and-beauty/all?department=Deodorants&viewAll=department&page=,£3.65,£1.83/100ml,,,/groceries/en-GB/products/308468551,https://digitalcontent.api.tesco.com/v2/media/ghs/d594f7c0-5848-40f0-a526-3deac6ff62f5/05c683a8-9654-41f8-8b50-bc6c738fc5b5_1713577889.jpeg?h=225&w=225
308475375,So Marbella Magic Body Mist 200Ml,https://www.tesco.com/groceries/en-GB/shop/health-and-beauty/all?department=Deodorants&viewAll=department&page=,£5.00,£2.50/100ml,,,/groceries/en-GB/products/308475375,https://digitalcontent.api.tesco.com/v2/media/ghs/b156b0e6-ecea-4ada-ace6-dc94a15ccc40/0a55a42e-3760-4a69-aac0-3de18676a8b7_750378026.jpeg?h=225&w=225
308492515,So Unique Peony Blush Body Mist 150Ml,https://www.tesco.com/groceries/en-GB/shop/health-and-beauty/all?department=Deodorants&viewAll=department&page=,£5.00,£3.34/100ml,,,/groceries/en-GB/products/308492515,https://digitalcontent.api.tesco.com/v2/media/ghs/347c8f73-1c2e-4ae4-b7ae-b0e17558a1c0/2aaf4b75-ea7c-46ed-a908-56feeeac71a4_1320339202.jpeg?h=225&w=225
311221620,Sure Maximum Protection Clean Scent Antiperspirant 150Ml,https://www.tesco.com/groceries/en-GB/shop/health-and-beauty/all?department=Deodorants&viewAll=department&page=,£5.00,£33.34/litre,,,/groceries/en-GB/products/311221620,https://digitalcontent.api.tesco.com/v2/media/ghs/06b85122-f275-4560-9149-6b9d443d0a0b/0426c118-75bd-431d-926e-95e2a141ecd8_394188594.jpeg?h=225&w=225
308467771,So Unique Truffle Cream Body Mist 150Ml,https://www.tesco.com/groceries/en-GB/shop/health-and-beauty/all?department=Deodorants&viewAll=department&page=,£5.00,£3.34/100ml,,,/groceries/en-GB/products/308467771,https://digitalcontent.api.tesco.com/v2/media/ghs/ce92b626-9666-4d1a-8f95-5f2ac957fe72/19574a37-fe5f-4aaa-824e-9ae22e6a0314_1840558062.jpeg?h=225&w=225
308469596,So Unique Vanilla Candy Body Mist 150Ml,https://www.tesco.com/groceries/en-GB/shop/health-and-beauty/all?department=Deodorants&viewAll=department&page=,£5.00,£3.34/100ml,,,/groceries/en-GB/products/308469596,https://digitalcontent.api.tesco.com/v2/media/ghs/49bcd6ed-2694-4dbc-b861-20183322c2b0/62b9174a-48a9-4550-83be-75235d5fc60f_1687093755.jpeg?h=225&w=225
308081799,Nivea Black & White Maximum Protection Antiperspirant Spray 200Ml,https://www.tesco.com/groceries/en-GB/shop/health-and-beauty/all?department=Deodorants&viewAll=department&page=,£3.65,£1.83/100ml,,,/groceries/en-GB/products/308081799,https://digitalcontent.api.tesco.com/v2/media/ghs/af09b9f6-4a1e-443a-9c5b-2ad828615613/7bebcfe5-7404-42d0-a005-957c74cbdd1c_1289844786.jpeg?h=225&w=225
310154657,Sanex Zero% Natural Care Deodorant Stick 56G,https://www.tesco.com/groceries/en-GB/shop/health-and-beauty/all?department=Deodorants&viewAll=department&page=,£7.00,£12.50/100g,,,/groceries/en-GB/products/310154657,https://digitalcontent.api.tesco.com/v2/media/ghs/ff65db55-087c-40b4-a9a4-08e4abf9b6d1/b86e0108-3dee-4dee-8125-b0fba84a85bf_841359156.jpeg?h=225&w=225
308482873,Soul Cal & Co Lets Get Lost Body Mist 236Ml,https://www.tesco.com/groceries/en-GB/shop/health-and-beauty/all?department=Deodorants&viewAll=department&page=,£6.00,£2.55/100ml,,,/groceries/en-GB/products/308482873,https://digitalcontent.api.tesco.com/v2/media/ghs/7f173ba5-0664-4add-9413-07fe47de6e0b/fc034c5d-e6c3-45a1-9269-2146349ce1f6_1905508002.jpeg?h=225&w=225
308097943,So Unique Sweet Pea Body Mist 150Ml,https://www.tesco.com/groceries/en-GB/shop/health-and-beauty/all?department=Deodorants&viewAll=department&page=,£5.00,£3.34/100ml,,,/groceries/en-GB/products/308097943,https://digitalcontent.api.tesco.com/v2/media/ghs/f52c4e71-dae1-4d1e-815b-bfc5a7591cd6/17c9e8e2-d888-4259-a4fe-0f548d939358_1317927768.jpeg?h=225&w=225
310667946,Sanex Zero% Respect & Control Deodorant Stick 56G,https://www.tesco.com/groceries/en-GB/shop/health-and-beauty/all?department=Deodorants&viewAll=department&page=,£7.00,£12.50/100g,,,/groceries/en-GB/products/310667946,https://digitalcontent.api.tesco.com/v2/media/ghs/4c7f53ef-53e0-4ca6-83d0-dba3c9f3319a/3777f03c-c531-4dff-a3f3-8ce67ba37b87_1159507093.jpeg?h=225&w=225
311227337,Sure Men Max Protection Sport Active Antiperspirant Deodorant 150Ml,https://www.tesco.com/groceries/en-GB/shop/health-and-beauty/all?department=Deodorants&viewAll=department&page=,£5.00,£33.34/litre,,,/groceries/en-GB/products/311227337,https://digitalcontent.api.tesco.com/v2/media/ghs/d738b1ee-4f1d-4d62-bb83-77071ff9b915/c11f69aa-b614-487e-8f4d-2c3f53922974_1120014806.jpeg?h=225&w=225
299475544,So Candy Floss Body Mist 100Ml,https://www.tesco.com/groceries/en-GB/shop/health-and-beauty/all?department=Deodorants&viewAll=department&page=,£3.00,£3.00/100ml,,,/groceries/en-GB/products/299475544,https://digitalcontent.api.tesco.com/v2/media/ghs/b5e1fd60-8be8-444f-80f6-c24eb0c0a3ed/81b64ee5-ebdf-412a-8b15-5a5afd08f303_858720916.jpeg?h=225&w=225
308486581,So Rainbow Sorbet Body Mist 100Ml,https://www.tesco.com/groceries/en-GB/shop/health-and-beauty/all?department=Deodorants&viewAll=department&page=,£3.00,£3.00/100ml,,,/groceries/en-GB/products/308486581,https://digitalcontent.api.tesco.com/v2/media/ghs/0e66adf2-a2a4-44f8-b64c-9ed4f0f5314c/88881b98-0aea-46ac-950b-5139051fc631_1762012805.jpeg?h=225&w=225
295175560,So? Body Mist Vanilla 100Ml,https://www.tesco.com/groceries/en-GB/shop/health-and-beauty/all?department=Deodorants&viewAll=department&page=,£3.00,£3.00/100ml,,,/groceries/en-GB/products/295175560,https://digitalcontent.api.tesco.com/v2/media/ghs/c9f65c5d-6204-4b23-9e31-6506ad94cd8d/67760c78-f707-44e1-92e8-24a2f7a235a6_1296129743.jpeg?h=225&w=225
281974851,Mitchum Ice Fresh Roll On100ml,https://www.tesco.com/groceries/en-GB/shop/health-and-beauty/all?department=Deodorants&viewAll=department&page=,£3.00,£3.00/100ml,,,/groceries/en-GB/products/281974851,https://digitalcontent.api.tesco.com/v2/media/ghs/7355f862-1bc7-46ef-ba45-6d95320a653f/d70777a1-24a3-4aaa-ae7f-1fb00d9bee7e_910696522.jpeg?h=225&w=225
305046259,Dove Advance Clean Touch Antiperspirant Deodorant 200Ml,https://www.tesco.com/groceries/en-GB/shop/health-and-beauty/all?department=Deodorants&viewAll=department&page=,£3.00,£1.50/100ml,,,/groceries/en-GB/products/305046259,https://digitalcontent.api.tesco.com/v2/media/ghs/b1558ff9-4fb8-4657-a6db-8689974ccae1/a1578146-7f01-4ca7-879a-b98f699c30da_2117066851.jpeg?h=225&w=225
305253435,Dove Advanced Care Calming Blossom Roll-On 100Ml,https://www.tesco.com/groceries/en-GB/shop/health-and-beauty/all?department=Deodorants&viewAll=department&page=,£3.00,£3.00/100ml,,,/groceries/en-GB/products/305253435,https://digitalcontent.api.tesco.com/v2/media/ghs/cf94cf82-3d90-47d8-9dc2-a5d0ea3dd41e/59a4788e-d028-4d59-a9a1-9673be33aa43_1985101149.jpeg?h=225&w=225
303313459,Lynx Dark Temptation Antiperspirant Deodorant Spray 250Ml,https://www.tesco.com/groceries/en-GB/shop/health-and-beauty/all?department=Deodorants&viewAll=department&page=,£4.00,£1.60/100ml,,,/groceries/en-GB/products/303313459,https://digitalcontent.api.tesco.com/v2/media/ghs/e2300303-652c-4276-bc1f-fc7aaa88f708/74f48ca1-3be3-49fc-8a95-bb1b5b34998c_790987833.jpeg?h=225&w=225
311428249,Lynx Epic Fresh Anti-Perspirant 250Ml,https://www.tesco.com/groceries/en-GB/shop/health-and-beauty/all?department=Deodorants&viewAll=department&page=,£4.00,£1.60/100ml,,,/groceries/en-GB/products/311428249,https://digitalcontent.api.tesco.com/v2/media/ghs/0e65da31-b7b0-4881-80ad-bd7ce4fd6d67/36904020-e4e5-4963-801c-32b722f815b7_1477222456.jpeg?h=225&w=225
311218982,Old Spice Nightpanther Deodorant Spray 150Ml,https://www.tesco.com/groceries/en-GB/shop/health-and-beauty/all?department=Deodorants&viewAll=department&page=,£3.00,£2.00/100ml,£2.00 Clubcard Price,,/groceries/en-GB/products/311218982,https://digitalcontent.api.tesco.com/v2/media/ghs/f37b2b24-a6b8-4099-be69-4c8eecc2ecb8/5c6a718a-1c9f-4445-b93e-40a6d2bb455e_1408145950.jpeg?h=225&w=225
308824591,Dove Advanced Care Powder Smooth Antiperspirant Deodorant 200Ml,https://www.tesco.com/groceries/en-GB/shop/health-and-beauty/all?department=Deodorants&viewAll=department&page=,£3.00,£1.50/100ml,,,/groceries/en-GB/products/308824591,https://digitalcontent.api.tesco.com/v2/media/ghs/282da06b-e7d4-4c27-b71e-54baba87ae1f/aba4603c-9f95-44da-9e63-cec3e0d6f983_694055709.jpeg?h=225&w=225
308841276,Dove Advanced Care Sheer Fresh Antiperspirant Deodorant 200Ml,https://www.tesco.com/groceries/en-GB/shop/health-and-beauty/all?department=Deodorants&viewAll=department&page=,£3.00,£15.00/litre,,,/groceries/en-GB/products/308841276,https://digitalcontent.api.tesco.com/v2/media/ghs/081eda00-a5e9-4bbc-aa9a-706bb61aca13/f6111564-7876-4e39-82ca-b14d4e10f9ec_1688213931.jpeg?h=225&w=225
308860869,Old Spice Deodorant Body Spray Captain 150Ml,https://www.tesco.com/groceries/en-GB/shop/health-and-beauty/all?department=Deodorants&viewAll=department&page=,£3.00,£2.00/100ml,£2.00 Clubcard Price,,/groceries/en-GB/products/308860869,https://digitalcontent.api.tesco.com/v2/media/ghs/e719b0c5-a4f7-42ad-b2ed-eed38e37da0c/20149c62-66ef-4259-8725-438f1cfb83e5_2076607106.jpeg?h=225&w=225
311226298,Sure Men 72H Invisible Ice Fresh Antiperspirant 75Ml,https://www.tesco.com/groceries/en-GB/shop/health-and-beauty/all?department=Deodorants&viewAll=department&page=,£2.00,£2.67/100ml,Any 3 for 2 Clubcard Price - Cheapest Product Free - Selected Travel Accessories,,/groceries/en-GB/products/311226298,https://digitalcontent.api.tesco.com/v2/media/ghs-mktg/b0b04216-fa73-466d-a9d7-c9fcfa1ce9b3/no-image.jpeg
311203498,Sure 72H Cotton Dry Antiperspirant 75Ml,https://www.tesco.com/groceries/en-GB/shop/health-and-beauty/all?department=Deodorants&viewAll=department&page=,£2.00,£2.67/100ml,Any 3 for 2 Clubcard Price - Cheapest Product Free - Selected Travel Accessories,,/groceries/en-GB/products/311203498,https://digitalcontent.api.tesco.com/v2/media/ghs/aed367c2-bf3c-4b55-a08b-0bdd595681d8/a77e1bfb-3080-43c6-8ea2-819cd61ae3d2_58487380.jpeg?h=225&w=225
308476944,Sensodyne Repair & Protect Original Toothpaste 75Ml,https://www.tesco.com/groceries/en-GB/shop/health-and-beauty/all?department=Toothpaste%2C%20Mouthwash%20%26%20Toothbrush&viewAll=department&page=,£5.50,£7.34/100ml,,,/groceries/en-GB/products/308476944,https://digitalcontent.api.tesco.com/v2/media/ghs/fdf8392f-5661-4deb-baf8-8fbaf0cf1259/78272a3c-f971-47a2-91a8-17f945aecc6a_1818804471.jpeg?h=225&w=225
291093173,Colgate Total Deep Clean Toothpaste 75Ml,https://www.tesco.com/groceries/en-GB/shop/health-and-beauty/all?department=Toothpaste%2C%20Mouthwash%20%26%20Toothbrush&viewAll=department&page=,£5.00,£6.67/100ml,,,/groceries/en-GB/products/291093173,https://digitalcontent.api.tesco.com/v2/media/ghs/5fc42363-5942-4bfa-b448-19d31a143640/e51b5f1b-e484-4e43-a792-ea95df7a11a4_552452161.jpeg?h=225&w=225
297519981,Colgate Advanced White Toothpaste 125Ml,https://www.tesco.com/groceries/en-GB/shop/health-and-beauty/all?department=Toothpaste%2C%20Mouthwash%20%26%20Toothbrush&viewAll=department&page=,£4.00,£3.20/100ml,,,/groceries/en-GB/products/297519981,https://digitalcontent.api.tesco.com/v2/media/ghs/0343d185-00d0-4c86-b92b-fe48ce9a41de/0032569c-821f-4143-b4f5-c3db5ab8d304_317060109.jpeg?h=225&w=225
302134760,Colgate Deep Clean Whitening Toothpaste 125Ml,https://www.tesco.com/groceries/en-GB/shop/health-and-beauty/all?department=Toothpaste%2C%20Mouthwash%20%26%20Toothbrush&viewAll=department&page=,£4.00,£3.20/100ml,,,/groceries/en-GB/products/302134760,https://digitalcontent.api.tesco.com/v2/media/ghs/ca54f287-745d-4a4d-84ed-027bebd1a979/1e9c129b-17be-44ba-b3a8-5d9e1bb7d4de_610289101.jpeg?h=225&w=225
295872777,Sensodyne Rapid Relief 75Ml,https://www.tesco.com/groceries/en-GB/shop/health-and-beauty/all?department=Toothpaste%2C%20Mouthwash%20%26%20Toothbrush&viewAll=department&page=,£5.00,£6.67/100ml,£3.00 Clubcard Price,,/groceries/en-GB/products/295872777,https://digitalcontent.api.tesco.com/v2/media/ghs/62072a2b-d05f-433d-9668-4e3ab7e7fd69/41c9f68e-c13c-4c6c-833a-748235abd38f_493919637.jpeg?h=225&w=225
252424026,Oral-B Satin Tape 25M,https://www.tesco.com/groceries/en-GB/shop/health-and-beauty/all?department=Toothpaste%2C%20Mouthwash%20%26%20Toothbrush&viewAll=department&page=,£2.00,£0.08/metre,,,/groceries/en-GB/products/252424026,https://digitalcontent.api.tesco.com/v2/media/ghs/f327949e-62a4-458c-b5ce-dd07fc2ac20a/59a6b960-b679-46aa-941f-a2503b42d6af_1479419235.jpeg?h=225&w=225
304780100,Sensodyne Pronamel Intensive Enamel Repir Toothpaste 75Ml,https://www.tesco.com/groceries/en-GB/shop/health-and-beauty/all?department=Toothpaste%2C%20Mouthwash%20%26%20Toothbrush&viewAll=department&page=,£4.50,£6.00/100ml,£3.00 Clubcard Price,,/groceries/en-GB/products/304780100,https://digitalcontent.api.tesco.com/v2/media/ghs/5a7b8d75-32aa-4776-b4f8-960d2c4e3c45/0914acd8-f37c-4a0f-a54e-7c3d84b21d35_1353886273.jpeg?h=225&w=225
272373959,Colgate Total Original Care Toothpaste 125Ml,https://www.tesco.com/groceries/en-GB/shop/health-and-beauty/all?department=Toothpaste%2C%20Mouthwash%20%26%20Toothbrush&viewAll=department&page=,£3.00,£2.40/100ml,£2.50 Clubcard Price,,/groceries/en-GB/products/272373959,https://digitalcontent.api.tesco.com/v2/media/ghs/d387bf82-b487-4b06-b859-1eb0b390beae/e52b9d10-a09a-4421-b952-792d6dd84feb_1823336381.jpeg?h=225&w=225
305429810,Sensodyne Pronamel Intensive Repair Whitening Toothpaste 75Ml,https://www.tesco.com/groceries/en-GB/shop/health-and-beauty/all?department=Toothpaste%2C%20Mouthwash%20%26%20Toothbrush&viewAll=department&page=,£4.50,£6.00/100ml,£3.00 Clubcard Price,,/groceries/en-GB/products/305429810,https://digitalcontent.api.tesco.com/v2/media/ghs/bfc0471a-f369-4ac7-a15a-b1e32b57623f/121115dc-5ab5-4376-9065-84894281d49e_1287258213.jpeg?h=225&w=225
308080882,Colgate Sensitive Instant Relief Toothpaste 75Ml,https://www.tesco.com/groceries/en-GB/shop/health-and-beauty/all?department=Toothpaste%2C%20Mouthwash%20%26%20Toothbrush&viewAll=department&page=,£2.50,£3.34/100ml,,,/groceries/en-GB/products/308080882,https://digitalcontent.api.tesco.com/v2/media/ghs/03252506-a40e-43e6-9371-76679d3345c7/b964c23b-f0b9-44c6-9a75-075cff17ccfe_436067588.jpeg?h=225&w=225
262720979,Listerine Total Care Mouthwash 500Ml,https://www.tesco.com/groceries/en-GB/shop/health-and-beauty/all?department=Toothpaste%2C%20Mouthwash%20%26%20Toothbrush&viewAll=department&page=,£4.80,£0.96/100ml,,,/groceries/en-GB/products/262720979,https://digitalcontent.api.tesco.com/v2/media/ghs/d05bfc60-d350-4724-bae8-6d01d4097600/cf603c2c-5a9c-44a6-a54b-5b7dc840fa96_1272734020.jpeg?h=225&w=225
272374359,Colgate Plax Cool Mint Blue Af 500Ml,https://www.tesco.com/groceries/en-GB/shop/health-and-beauty/all?department=Toothpaste%2C%20Mouthwash%20%26%20Toothbrush&viewAll=department&page=,£2.25,£0.45/100ml,,,/groceries/en-GB/products/272374359,https://digitalcontent.api.tesco.com/v2/media/ghs/660bd558-57ad-4d58-bcc9-65daa747f462/872f93f7-0f1c-4ecb-b494-df555d0d3ce9_720501775.jpeg?h=225&w=225
307352666,Sensodyne Pronamel Toothpaste Multiaction 100Ml,https://www.tesco.com/groceries/en-GB/shop/health-and-beauty/all?department=Toothpaste%2C%20Mouthwash%20%26%20Toothbrush&viewAll=department&page=,£3.00,£3.00/100ml,,,/groceries/en-GB/products/307352666,https://digitalcontent.api.tesco.com/v2/media/ghs/f05c5e47-bdba-4bdb-af38-20a1a433cde8/b0c2ad39-7d6d-467e-9d80-6a2c0615a40e_1464619886.jpeg?h=225&w=225
308116876,Colgate Sensitive Instant Relief Whitening Toothpaste 75Ml,https://www.tesco.com/groceries/en-GB/shop/health-and-beauty/all?department=Toothpaste%2C%20Mouthwash%20%26%20Toothbrush&viewAll=department&page=,£2.50,£3.34/100ml,,,/groceries/en-GB/products/308116876,https://digitalcontent.api.tesco.com/v2/media/ghs/1ae6dea4-5f9c-422f-b3e4-d4596a7efb5a/bfc201e1-d826-48b2-a4ef-8e2187c063f6_467043182.jpeg?h=225&w=225
272374284,Colgate Total Active Fresh Toothpaste 125Ml,https://www.tesco.com/groceries/en-GB/shop/health-and-beauty/all?department=Toothpaste%2C%20Mouthwash%20%26%20Toothbrush&viewAll=department&page=,£3.00,£2.40/100ml,£2.50 Clubcard Price,,/groceries/en-GB/products/272374284,https://digitalcontent.api.tesco.com/v2/media/ghs/ce4b9f8d-a0db-4d95-9df5-bfda3c644389/6ceee73a-3ce8-4081-985a-0031e3b1c5c7_117933964.jpeg?h=225&w=225
288608751,Sensodyne Daily Extra Fresh Sensitive Toothpaste 75Ml,https://www.tesco.com/groceries/en-GB/shop/health-and-beauty/all?department=Toothpaste%2C%20Mouthwash%20%26%20Toothbrush&viewAll=department&page=,£2.50,£3.34/100ml,,,/groceries/en-GB/products/288608751,https://digitalcontent.api.tesco.com/v2/media/ghs/51ffa279-cf71-4786-a145-00393ffddb99/3fb0e06b-fb37-4a4a-8de9-7e14e15dfaf6_571504222.jpeg?h=225&w=225
272374238,Colgate Total Whitening Toothpaste 125Ml,https://www.tesco.com/groceries/en-GB/shop/health-and-beauty/all?department=Toothpaste%2C%20Mouthwash%20%26%20Toothbrush&viewAll=department&page=,£3.00,£2.40/100ml,£2.50 Clubcard Price,,/groceries/en-GB/products/272374238,https://digitalcontent.api.tesco.com/v2/media/ghs/552c2c3a-0d8d-4be7-8947-11264fa682e0/e663f897-b223-482e-8784-61bf0b234f9f_2071216681.jpeg?h=225&w=225
272374463,Colgate Plax Soft Mint Green Af 500Ml Rrp,https://www.tesco.com/groceries/en-GB/shop/health-and-beauty/all?department=Toothpaste%2C%20Mouthwash%20%26%20Toothbrush&viewAll=department&page=,£2.25,£0.45/100ml,,,/groceries/en-GB/products/272374463,https://digitalcontent.api.tesco.com/v2/media/ghs/d3b7d721-f893-45de-b793-0b27f7d19005/bde4f75b-a450-41c8-80cb-67858e019569_1118658169.jpeg?h=225&w=225
302134799,Colgate Max Fresh Blue Toothpaste 125Ml,https://www.tesco.com/groceries/en-GB/shop/health-and-beauty/all?department=Toothpaste%2C%20Mouthwash%20%26%20Toothbrush&viewAll=department&page=,£4.00,£3.20/100ml,£2.00 Clubcard Price,,/groceries/en-GB/products/302134799,https://digitalcontent.api.tesco.com/v2/media/ghs/b307b970-f23c-48a4-9ac6-e105c2461ab3/1c40f147-992d-4cad-afa7-9199367add56_823880998.jpeg?h=225&w=225
297520022,Colgate Max White Toothpaste 125Ml,https://www.tesco.com/groceries/en-GB/shop/health-and-beauty/all?department=Toothpaste%2C%20Mouthwash%20%26%20Toothbrush&viewAll=department&page=,£4.00,£3.20/100ml,£2.00 Clubcard Price,,/groceries/en-GB/products/297520022,https://digitalcontent.api.tesco.com/v2/media/ghs/ca0dc57f-4f3b-48f4-91d0-c3a4f41865e5/27cb0fcb-ecb0-4e67-933d-4e0ad4d0e52f_28668391.jpeg?h=225&w=225
280521442,Listerine Advanced Defence Gum Mouthwash 500Ml,https://www.tesco.com/groceries/en-GB/shop/health-and-beauty/all?department=Toothpaste%2C%20Mouthwash%20%26%20Toothbrush&viewAll=department&page=,£5.50,£1.10/100ml,£3.60 Clubcard Price,,/groceries/en-GB/products/280521442,https://digitalcontent.api.tesco.com/v2/media/ghs/d3eed0a2-118b-4ac9-a20b-b43e1fc1112d/e2c04f55-7a66-4295-8513-2c45a65f307d_449161024.jpeg?h=225&w=225
299456550,Aquafresh Advance Kids Toothpaste 75Ml,https://www.tesco.com/groceries/en-GB/shop/health-and-beauty/all?department=Toothpaste%2C%20Mouthwash%20%26%20Toothbrush&viewAll=department&page=,£1.75,£2.34/100ml,,,/groceries/en-GB/products/299456550,https://digitalcontent.api.tesco.com/v2/media/ghs/aa01144e-c0ce-4429-b6ab-73dd5e1fb54e/689ad8ed-99f5-4a94-aa16-633f09a534f0_1392127504.jpeg?h=225&w=225
292470020,Aquafresh Little Teeth 3-5 Years Tooth Paste 75Ml,https://www.tesco.com/groceries/en-GB/shop/health-and-beauty/all?department=Toothpaste%2C%20Mouthwash%20%26%20Toothbrush&viewAll=department&page=,£1.75,£2.34/100ml,,,/groceries/en-GB/products/292470020,https://digitalcontent.api.tesco.com/v2/media/ghs/57ef768f-cef9-4e74-9573-e831c8186cce/a456aa6f-0c56-4b60-8a36-eca36f162e41_144623269.jpeg?h=225&w=225
292469914,Aquafresh Big Teeth Toothpaste 75Ml,https://www.tesco.com/groceries/en-GB/shop/health-and-beauty/all?department=Toothpaste%2C%20Mouthwash%20%26%20Toothbrush&viewAll=department&page=,£1.75,£2.34/100ml,,,/groceries/en-GB/products/292469914,https://digitalcontent.api.tesco.com/v2/media/ghs/2e906813-6de7-462a-a170-61ae13a320de/bcdba15a-4f93-4f90-a21f-023b1ebfe73c_1249450434.jpeg?h=225&w=225
308469509,Aquafresh 3-8Yrs Strawberry & Mint Toothpaste 75Ml,https://www.tesco.com/groceries/en-GB/shop/health-and-beauty/all?department=Toothpaste%2C%20Mouthwash%20%26%20Toothbrush&viewAll=department&page=,£1.75,£2.34/100ml,,,/groceries/en-GB/products/308469509,https://digitalcontent.api.tesco.com/v2/media/ghs/bc53fb80-2ed5-4489-a33f-b05bd0b5d1d3/c4b9f8e3-e8b8-46af-9ab0-0145373c14c2_524479408.jpeg?h=225&w=225
305737749,Colgate Triple Action Mouthwash 500Ml,https://www.tesco.com/groceries/en-GB/shop/health-and-beauty/all?department=Toothpaste%2C%20Mouthwash%20%26%20Toothbrush&viewAll=department&page=,£1.75,£0.35/100ml,,,/groceries/en-GB/products/305737749,https://digitalcontent.api.tesco.com/v2/media/ghs/064f0766-9ea0-4743-926e-d41024ce7d32/f2c140e8-4f7f-4205-b669-18f11b52b9c2_1539882131.jpeg?h=225&w=225
253576247,Oral-B Pro- Expert Professional Protect Toothpaste 75Ml,https://www.tesco.com/groceries/en-GB/shop/health-and-beauty/all?department=Toothpaste%2C%20Mouthwash%20%26%20Toothbrush&viewAll=department&page=,£1.99,£2.66/100ml,,,/groceries/en-GB/products/253576247,https://digitalcontent.api.tesco.com/v2/media/ghs/91bc9a4c-3826-4c63-ab60-2cd8188404bb/49bee7e0-c198-4c12-be60-28c799ec5cd5_1159130909.jpeg?h=225&w=225
277208826,Proformula Floss Single X 50M,https://www.tesco.com/groceries/en-GB/shop/health-and-beauty/all?department=Toothpaste%2C%20Mouthwash%20%26%20Toothbrush&viewAll=department&page=,£1.00,£0.02/metre,,,/groceries/en-GB/products/277208826,https://digitalcontent.api.tesco.com/v2/media/ghs/8ad03282-3113-400f-b0ed-3189c98dac14/f4441d06-c010-426f-8a4a-000d81d11f90_1547969134.jpeg?h=225&w=225
255304636,Colgate Cavity Protection Toothpaste Pmp100ml,https://www.tesco.com/groceries/en-GB/shop/health-and-beauty/all?department=Toothpaste%2C%20Mouthwash%20%26%20Toothbrush&viewAll=department&page=,£1.75,£1.75/100ml,,,/groceries/en-GB/products/255304636,https://digitalcontent.api.tesco.com/v2/media/ghs/d5882ec2-418a-431d-acbe-0ed2fb507939/f3fc9380-d310-47db-86fa-65bdfca06fc7_69569448.jpeg?h=225&w=225
300953605,Pro Formula Complete Gum Health Mouthwash 500Ml,https://www.tesco.com/groceries/en-GB/shop/health-and-beauty/all?department=Toothpaste%2C%20Mouthwash%20%26%20Toothbrush&viewAll=department&page=,£1.25,£0.25/100ml,,,/groceries/en-GB/products/300953605,https://digitalcontent.api.tesco.com/v2/media/ghs/8d8fd2d3-77f2-4129-a99a-4c5cfe6ed4d4/b6a4720e-d969-4e55-a403-01bd1ff6e48c_157992206.jpeg?h=225&w=225
272373308,Colgate Total Original Toothpaste 75Ml,https://www.tesco.com/groceries/en-GB/shop/health-and-beauty/all?department=Toothpaste%2C%20Mouthwash%20%26%20Toothbrush&viewAll=department&page=,£1.75,£2.34/100ml,,,/groceries/en-GB/products/272373308,https://digitalcontent.api.tesco.com/v2/media/ghs/54ca321f-b9c8-48b9-9c9d-54a7562339e6/2aab45da-e7ce-43de-9128-a6fd0dba7821_953950078.jpeg?h=225&w=225
259049851,Macleans Freshmint Toothpaste 100Ml,https://www.tesco.com/groceries/en-GB/shop/health-and-beauty/all?department=Toothpaste%2C%20Mouthwash%20%26%20Toothbrush&viewAll=department&page=,£1.00,£1.00/100ml,,,/groceries/en-GB/products/259049851,https://digitalcontent.api.tesco.com/v2/media/ghs/fffea2a4-5b90-4305-8940-11a566130829/b110aa55-ff16-4122-86ad-f0e232a1bc79_1226571998.jpeg?h=225&w=225
254720248,Oral-B Complete Extra White Toothpaste 100Ml,https://www.tesco.com/groceries/en-GB/shop/health-and-beauty/all?department=Toothpaste%2C%20Mouthwash%20%26%20Toothbrush&viewAll=department&page=,£1.50,£1.50/100ml,,,/groceries/en-GB/products/254720248,https://digitalcontent.api.tesco.com/v2/media/ghs/05bc0cdc-7339-4a96-b46f-7b7c59e3c07a/32217ba5-7e9d-4abe-a5d8-a0040f06a69a_378535748.jpeg?h=225&w=225
262709654,Aquafresh Milk Teeth Toothpaste 50Ml,https://www.tesco.com/groceries/en-GB/shop/health-and-beauty/all?department=Toothpaste%2C%20Mouthwash%20%26%20Toothbrush&viewAll=department&page=,£1.25,£2.50/100ml,,,/groceries/en-GB/products/262709654,https://digitalcontent.api.tesco.com/v2/media/ghs/feee7b10-26ca-42e2-86be-f767fd81f587/e004f5cc-e71d-4229-9afd-e188c523afde_605508905.jpeg?h=225&w=225
279926762,Colgate Cavity Protection Toothpaste 75Ml,https://www.tesco.com/groceries/en-GB/shop/health-and-beauty/all?department=Toothpaste%2C%20Mouthwash%20%26%20Toothbrush&viewAll=department&page=,£1.00,£1.34/100ml,,,/groceries/en-GB/products/279926762,https://digitalcontent.api.tesco.com/v2/media/ghs/0583b275-2470-42a6-98c0-f926bf885344/4d973516-d300-407a-82db-c3a2197e35b7_363687166.jpeg?h=225&w=225
303193727,Listerine Spearmint Mouthwash 250Ml,https://www.tesco.com/groceries/en-GB/shop/health-and-beauty/all?department=Toothpaste%2C%20Mouthwash%20%26%20Toothbrush&viewAll=department&page=,£0.99,£0.40/100ml,,,/groceries/en-GB/products/303193727,https://digitalcontent.api.tesco.com/v2/media/ghs/48a42f62-ea70-4458-9f0d-d5a797d8ab0f/137c4673-ceea-4e52-bb0f-c594d841d5cb_1182999033.jpeg?h=225&w=225
276919314,Pro-Formula Sensitive Toothpaste 100Ml,https://www.tesco.com/groceries/en-GB/shop/health-and-beauty/all?department=Toothpaste%2C%20Mouthwash%20%26%20Toothbrush&viewAll=department&page=,£1.00,£1.00/100ml,,,/groceries/en-GB/products/276919314,https://digitalcontent.api.tesco.com/v2/media/ghs/54985318-bfb1-41fd-91c7-eb35ece488c1/f186cf4a-50b3-4c67-85ab-6d851374fbef_599788667.jpeg?h=225&w=225
256513675,Listerine Mouthwash Coolmint 500Ml,https://www.tesco.com/groceries/en-GB/shop/health-and-beauty/all?department=Toothpaste%2C%20Mouthwash%20%26%20Toothbrush&viewAll=department&page=,£3.00,£0.60/100ml,£2.00 Clubcard Price,,/groceries/en-GB/products/256513675,https://digitalcontent.api.tesco.com/v2/media/ghs/4298ef92-ee9b-4cac-a269-db3ed3a2e60e/96e38ab7-d0ce-4487-a5aa-b3bc5e5be33c_1086362520.jpeg?h=225&w=225
290068990,Aquafresh Fresh & Minty Toothpaste 75Ml,https://www.tesco.com/groceries/en-GB/shop/health-and-beauty/all?department=Toothpaste%2C%20Mouthwash%20%26%20Toothbrush&viewAll=department&page=,£0.95,£1.27/100ml,,,/groceries/en-GB/products/290068990,https://digitalcontent.api.tesco.com/v2/media/ghs/4ca83c9c-fdec-465f-a66c-e6667fe6607d/645bcc72-2f83-4eb4-838d-d97bb0c91600_975290301.jpeg?h=225&w=225
267570900,Colgate Triple Action Toothpaste 100Ml,https://www.tesco.com/groceries/en-GB/shop/health-and-beauty/all?department=Toothpaste%2C%20Mouthwash%20%26%20Toothbrush&viewAll=department&page=,£0.98,£0.98/100ml,Aldi Price Match,,/groceries/en-GB/products/267570900,https://digitalcontent.api.tesco.com/v2/media/ghs/d8ff958a-fa4b-4fef-b676-14c4388d353f/f4a93ef3-9bee-4e80-85b7-2b97a5207d6b_1020876725.jpeg?h=225&w=225
293091460,Steradent Active Plus 30,https://www.tesco.com/groceries/en-GB/shop/health-and-beauty/all?department=Toothpaste%2C%20Mouthwash%20%26%20Toothbrush&viewAll=department&page=,£1.00,£0.03/each,,,/groceries/en-GB/products/293091460,https://digitalcontent.api.tesco.com/v2/media/ghs/1aa41054-9427-4096-96f7-b016715c6682/f0c7ec66-74d2-41a5-8bbd-1b8073349f5a_1168748279.jpeg?h=225&w=225
253953728,Macleans Whitening Toothpaste 100Ml,https://www.tesco.com/groceries/en-GB/shop/health-and-beauty/all?department=Toothpaste%2C%20Mouthwash%20%26%20Toothbrush&viewAll=department&page=,£0.79,£0.79/100ml,,,/groceries/en-GB/products/253953728,https://digitalcontent.api.tesco.com/v2/media/ghs/595e0c8a-1069-4abd-8225-796db56b8b0a/c91d3912-3380-4f15-ae0a-5e4709c05f94_932086353.jpeg?h=225&w=225
268681905,Colgate Extra Clean Medium Toothbrush X3,https://www.tesco.com/groceries/en-GB/shop/health-and-beauty/all?department=Toothpaste%2C%20Mouthwash%20%26%20Toothbrush&viewAll=department&page=,£1.00,£0.33/each,,,/groceries/en-GB/products/268681905,https://digitalcontent.api.tesco.com/v2/media/ghs/643ff3cf-a6d1-4a24-a9a5-0e77668faffc/edd67ca5-8335-412a-b207-d12da41f34b3_262551689.jpeg?h=225&w=225
304413260,Tesco Essentials 4 Kids Toothbrushes,https://www.tesco.com/groceries/en-GB/shop/health-and-beauty/all?department=Toothpaste%2C%20Mouthwash%20%26%20Toothbrush&viewAll=department&page=,£1.00,£0.25/each,,,/groceries/en-GB/products/304413260,https://digitalcontent.api.tesco.com/v2/media/ghs/54866065-e6ab-49f1-9927-7a98d2b1bf29/d1cfdaa6-5ff4-4d2f-9b30-6502b7827429_1190898263.jpeg?h=225&w=225
300239893,Tesco Essentials Cavity Protect Toothpaste 100Ml,https://www.tesco.com/groceries/en-GB/shop/health-and-beauty/all?department=Toothpaste%2C%20Mouthwash%20%26%20Toothbrush&viewAll=department&page=,£0.50,£0.50/100ml,,,/groceries/en-GB/products/300239893,https://digitalcontent.api.tesco.com/v2/media/ghs/31dd0370-2f92-4c51-aedc-d9323a1ccf64/424c7cb9-728d-4d51-a32d-7d76762b634a_413261353.jpeg?h=225&w=225
300556281,Tesco Essentials Toothbrushes 2 Pack,https://www.tesco.com/groceries/en-GB/shop/health-and-beauty/all?department=Toothpaste%2C%20Mouthwash%20%26%20Toothbrush&viewAll=department&page=,£0.25,£0.12/each,,,/groceries/en-GB/products/300556281,https://digitalcontent.api.tesco.com/v2/media/ghs/a8a5c54b-9599-4567-a0a7-00bd4c793018/73a8004b-1d06-4b6e-8fb2-e1852b7dffcf_560300822.jpeg?h=225&w=225
300556407,Tesco Essentials Coolmint Mouthwash 500Ml,https://www.tesco.com/groceries/en-GB/shop/health-and-beauty/all?department=Toothpaste%2C%20Mouthwash%20%26%20Toothbrush&viewAll=department&page=,£0.45,£0.09/100ml,,,/groceries/en-GB/products/300556407,https://digitalcontent.api.tesco.com/v2/media/ghs/65e82613-baf5-44d8-b4d5-9c3ee281fe7a/dc518b78-8943-4003-ab9c-df54a71bbfa6_447011382.jpeg?h=225&w=225
300953588,Tesco Essentials Freshmint Mouthwash 500Ml,https://www.tesco.com/groceries/en-GB/shop/health-and-beauty/all?department=Toothpaste%2C%20Mouthwash%20%26%20Toothbrush&viewAll=department&page=,£0.45,£0.09/100ml,,,/groceries/en-GB/products/300953588,https://digitalcontent.api.tesco.com/v2/media/ghs/757bdc80-fe64-4317-95ce-aa8fc6ac62bc/082d22d1-3e85-42be-875d-0b1bc5bf1a7c_981653044.jpeg?h=225&w=225
253197626,Corsodyl Mint Mouthwash 300Ml,https://www.tesco.com/groceries/en-GB/shop/health-and-beauty/all?department=Toothpaste%2C%20Mouthwash%20%26%20Toothbrush&viewAll=department&page=,£5.00,£1.67/100ml,,,/groceries/en-GB/products/253197626,https://digitalcontent.api.tesco.com/v2/media/ghs/6093e049-bc22-475b-9c1a-a8eee16ad38c/e89bfcff-06b6-4de2-b17d-e8df8b5f56b9_813830863.jpeg?h=225&w=225
308487827,Sensodyne Repair & Protect Whitening Toothpaste 75Ml,https://www.tesco.com/groceries/en-GB/shop/health-and-beauty/all?department=Toothpaste%2C%20Mouthwash%20%26%20Toothbrush&viewAll=department&page=,£5.50,£7.34/100ml,,,/groceries/en-GB/products/308487827,https://digitalcontent.api.tesco.com/v2/media/ghs/918749ce-436f-4f3b-a70a-aa1abc0806f0/cea900cc-f3fe-4560-b7d6-ef112e23bc58_1063740192.jpeg?h=225&w=225
258956888,Oral-B Pro- Expert Pulsar Medium Toothbrush,https://www.tesco.com/groceries/en-GB/shop/health-and-beauty/all?department=Toothpaste%2C%20Mouthwash%20%26%20Toothbrush&viewAll=department&page=,£7.70,£7.70/each,£3.50 Clubcard Price,,/groceries/en-GB/products/258956888,https://digitalcontent.api.tesco.com/v2/media/ghs/8f72e3be-d857-4e10-89ec-7a774e180b92/f35e600c-bdbd-4716-a2d5-6f483725b421_600938611.jpeg?h=225&w=225
303192544,Corsodyl Complete Protection Extra Fresh Toothpaste 75Ml,https://www.tesco.com/groceries/en-GB/shop/health-and-beauty/all?department=Toothpaste%2C%20Mouthwash%20%26%20Toothbrush&viewAll=department&page=,£4.50,£6.00/100ml,,,/groceries/en-GB/products/303192544,https://digitalcontent.api.tesco.com/v2/media/ghs/7a6afb02-fb4e-4e6d-9f93-c5e11d5371b8/36be8a5e-7a06-462f-832e-c097b27bfe08_202079308.jpeg?h=225&w=225
310138444,Sensodyne Nourish Healthy White Toothpaste 75Ml,https://www.tesco.com/groceries/en-GB/shop/health-and-beauty/all?department=Toothpaste%2C%20Mouthwash%20%26%20Toothbrush&viewAll=department&page=,£4.50,£6.00/100ml,,,/groceries/en-GB/products/310138444,https://digitalcontent.api.tesco.com/v2/media/ghs/e042db34-5d75-4e29-91e3-3b30bb9dd752/6fa18898-1143-4590-ace2-1873bb36f41f_721874047.jpeg?h=225&w=225
303014342,Sensodyne Sensitivity & Gum Fluoride Toothpaste 75Ml,https://www.tesco.com/groceries/en-GB/shop/health-and-beauty/all?department=Toothpaste%2C%20Mouthwash%20%26%20Toothbrush&viewAll=department&page=,£4.50,£6.00/100ml,,,/groceries/en-GB/products/303014342,https://digitalcontent.api.tesco.com/v2/media/ghs/421b95d9-0aa3-4224-a920-430c10e9c341/3ee52810-a07f-40c0-901e-6d909cd0fcbc_460268707.jpeg?h=225&w=225
266802214,Fixodent Plus Besthold Denture Adhesive 40G,https://www.tesco.com/groceries/en-GB/shop/health-and-beauty/all?department=Toothpaste%2C%20Mouthwash%20%26%20Toothbrush&viewAll=department&page=,£3.85,£9.63/100g,,,/groceries/en-GB/products/266802214,https://digitalcontent.api.tesco.com/v2/media/ghs/5ec2bced-a3b6-45f0-9543-87189b07d709/be9cd95a-dc36-429a-b685-6cf5ec11fe97_1925803707.jpeg?h=225&w=225
304788967,Corsodyl Complete Protection Arctic Mint M/Wsh 500Ml,https://www.tesco.com/groceries/en-GB/shop/health-and-beauty/all?department=Toothpaste%2C%20Mouthwash%20%26%20Toothbrush&viewAll=department&page=,£3.95,£0.79/100ml,,,/groceries/en-GB/products/304788967,https://digitalcontent.api.tesco.com/v2/media/ghs/0033d2f4-21b8-45d5-80fc-480d8d27630a/b02b6f98-bbe2-48d0-b5c7-a8b41e3187c1_963661304.jpeg?h=225&w=225
304780434,Corsodyl Complete Protection Mild Mint Mouthwash 500Ml,https://www.tesco.com/groceries/en-GB/shop/health-and-beauty/all?department=Toothpaste%2C%20Mouthwash%20%26%20Toothbrush&viewAll=department&page=,£3.95,£0.79/100ml,,,/groceries/en-GB/products/304780434,https://digitalcontent.api.tesco.com/v2/media/ghs/a3f8e3c7-f329-4e30-a3fc-fcc59b70a00e/f57475d2-77c2-4f14-9345-1f9766b213b0_1724941172.jpeg?h=225&w=225
253900538,Oral-B Essential Floss Mint Waxed 50M,https://www.tesco.com/groceries/en-GB/shop/health-and-beauty/all?department=Toothpaste%2C%20Mouthwash%20%26%20Toothbrush&viewAll=department&page=,£2.00,£0.04/metre,,,/groceries/en-GB/products/253900538,https://digitalcontent.api.tesco.com/v2/media/ghs/198f431d-ad76-4073-936c-594995a5aac6/1847e445-8783-46b8-8ffb-19efd08d9fab_1816656593.jpeg?h=225&w=225
266424258,Tepe 6 Pack Interdental Brush 0.5Mm,https://www.tesco.com/groceries/en-GB/shop/health-and-beauty/all?department=Toothpaste%2C%20Mouthwash%20%26%20Toothbrush&viewAll=department&page=,£3.25,£0.54/each,,,/groceries/en-GB/products/266424258,https://digitalcontent.api.tesco.com/v2/media/ghs/4ef5c4b8-5e79-4ccf-ade0-55a1960e4018/82b5e95c-56c0-479d-b0d0-c9d5d2be60a7.jpeg?h=225&w=225
310671514,Colgate Total Advanced Sensitive Care Toothpaste 75Ml,https://www.tesco.com/groceries/en-GB/shop/health-and-beauty/all?department=Toothpaste%2C%20Mouthwash%20%26%20Toothbrush&viewAll=department&page=,£5.00,£6.67/100ml,,,/groceries/en-GB/products/310671514,https://digitalcontent.api.tesco.com/v2/media/ghs/86f8b561-228d-4dfd-ad0d-4af825e612f4/5fe888c5-795a-4c5c-9390-044063119d45_1804318038.jpeg?h=225&w=225
305256524,Arm & Hammer Advanced White Pro Toothpaste 75Ml,https://www.tesco.com/groceries/en-GB/shop/health-and-beauty/all?department=Toothpaste%2C%20Mouthwash%20%26%20Toothbrush&viewAll=department&page=,£3.10,£4.14/100ml,,,/groceries/en-GB/products/305256524,https://digitalcontent.api.tesco.com/v2/media/ghs/5770b8fe-ea96-4168-b811-220c7caf2563/16c6e454-0b67-4dc1-9524-eb081876d825_942833209.jpeg?h=225&w=225
310115419,Fixodent Complete Denture Adhesive Cream 65G,https://www.tesco.com/groceries/en-GB/shop/health-and-beauty/all?department=Toothpaste%2C%20Mouthwash%20%26%20Toothbrush&viewAll=department&page=,£4.00,£61.54/kg,,,/groceries/en-GB/products/310115419,https://digitalcontent.api.tesco.com/v2/media/ghs/a5a4d730-f23f-4b8f-8c65-9a51ab0b5839/cce028a5-06b0-44fa-ac46-890ccec935ec_1769611787.jpeg?h=225&w=225
310121573,Oral-B Pro Expert Advanced Science Deep Clean Toothpaste 75Ml,https://www.tesco.com/groceries/en-GB/shop/health-and-beauty/all?department=Toothpaste%2C%20Mouthwash%20%26%20Toothbrush&viewAll=department&page=,£6.00,£8.00/100ml,£3.00 Clubcard Price,,/groceries/en-GB/products/310121573,https://digitalcontent.api.tesco.com/v2/media/ghs/2fd80331-e19b-4889-bc53-988338f0462c/335b902e-0243-4ffe-b801-478e1b52bfce_480940682.jpeg?h=225&w=225
310102740,Oral-B Pro Expert Advanced Science Whitening Toothpaste 75Ml,https://www.tesco.com/groceries/en-GB/shop/health-and-beauty/all?department=Toothpaste%2C%20Mouthwash%20%26%20Toothbrush&viewAll=department&page=,£6.00,£8.00/100ml,£3.00 Clubcard Price,,/groceries/en-GB/products/310102740,https://digitalcontent.api.tesco.com/v2/media/ghs/3971e725-af32-411b-a67f-633a12b6c348/7aef5169-81e5-4908-a0b5-d2a036ac6ab0_1204498365.jpeg?h=225&w=225
286188201,Poligrip Flavour Free 40G,https://www.tesco.com/groceries/en-GB/shop/health-and-beauty/all?department=Toothpaste%2C%20Mouthwash%20%26%20Toothbrush&viewAll=department&page=,£3.00,£7.50/100g,,,/groceries/en-GB/products/286188201,https://digitalcontent.api.tesco.com/v2/media/ghs/4db4c354-1a1f-40d9-a118-1b2b08319ac7/12792b6f-429e-466c-9356-6b6bdd1652d5_998044917.jpeg?h=225&w=225
295872790,Sensodyne Rapid Relief Whitening 75Ml,https://www.tesco.com/groceries/en-GB/shop/health-and-beauty/all?department=Toothpaste%2C%20Mouthwash%20%26%20Toothbrush&viewAll=department&page=,£5.00,£6.67/100ml,£3.00 Clubcard Price,,/groceries/en-GB/products/295872790,https://digitalcontent.api.tesco.com/v2/media/ghs/554cb2bf-9510-42bb-b85d-2fbaa10e3f27/aece4a98-5c46-4373-a6f0-1bcc90478ff9_1369339914.jpeg?h=225&w=225
308099843,Oral-B Toothpaste Sensitive & Gum Calm Extra Fresh 75Ml,https://www.tesco.com/groceries/en-GB/shop/health-and-beauty/all?department=Toothpaste%2C%20Mouthwash%20%26%20Toothbrush&viewAll=department&page=,£5.00,£6.67/100ml,£2.50 Clubcard Price,,/groceries/en-GB/products/308099843,https://digitalcontent.api.tesco.com/v2/media/ghs/22cd06ed-cc66-45fe-8e19-cf74c9e5a97a/98aac039-3390-44e5-9e44-be639ba6ac68_1935582137.jpeg?h=225&w=225
268112889,Colgate Maxwhite One Toothpaste 75Ml,https://www.tesco.com/groceries/en-GB/shop/health-and-beauty/all?department=Toothpaste%2C%20Mouthwash%20%26%20Toothbrush&viewAll=department&page=,£2.50,£3.34/100ml,,,/groceries/en-GB/products/268112889,https://digitalcontent.api.tesco.com/v2/media/ghs/4bab532d-a7f9-4750-ab22-2d4e4098d079/29c48f97-4488-4085-9fd7-32942a08c86d_1227648643.jpeg?h=225&w=225
284127554,Colgate Kids Max Cavity Protection Toothpaste 50Ml,https://www.tesco.com/groceries/en-GB/shop/health-and-beauty/all?department=Toothpaste%2C%20Mouthwash%20%26%20Toothbrush&viewAll=department&page=,£2.00,£4.00/100ml,,,/groceries/en-GB/products/284127554,https://digitalcontent.api.tesco.com/v2/media/ghs/4b52d375-3678-45ea-a1da-142dde592d42/4ce541d0-0509-4153-8e49-c2c3dd959f5b_93936334.jpeg?h=225&w=225
310165238,Fixodent Complete Denture Adhesive Cream 40G,https://www.tesco.com/groceries/en-GB/shop/health-and-beauty/all?department=Toothpaste%2C%20Mouthwash%20%26%20Toothbrush&viewAll=department&page=,£3.00,£75.00/kg,,,/groceries/en-GB/products/310165238,https://digitalcontent.api.tesco.com/v2/media/ghs/f34dadc5-c34d-42a9-9ca2-33470169c12e/2efa218a-9b4d-490d-a96b-ace7a77960c0_369939204.jpeg?h=225&w=225
303192607,Colgate Total Enamel Health Toothpaste 75Ml,https://www.tesco.com/groceries/en-GB/shop/health-and-beauty/all?department=Toothpaste%2C%20Mouthwash%20%26%20Toothbrush&viewAll=department&page=,£5.00,£6.67/100ml,£2.40 Clubcard Price,,/groceries/en-GB/products/303192607,https://digitalcontent.api.tesco.com/v2/media/ghs/763a1e71-e27d-4c07-bf17-9ddc6a18dd3a/283396d2-4931-4333-9133-16f2cc6b1809_1329882623.jpeg?h=225&w=225
301794669,Poligrip Max Seal 40G,https://www.tesco.com/groceries/en-GB/shop/health-and-beauty/all?department=Toothpaste%2C%20Mouthwash%20%26%20Toothbrush&viewAll=department&page=,£3.00,£7.50/100g,,New,/groceries/en-GB/products/301794669,https://digitalcontent.api.tesco.com/v2/media/ghs/d62db43f-9a2f-45d2-abb6-49bca90306e6/df13de42-85b8-4520-aad9-14059a4a1cf7_844432835.jpeg?h=225&w=225
253970229,Listerine Teeth & Gum Mouthwash 500Ml,https://www.tesco.com/groceries/en-GB/shop/health-and-beauty/all?department=Toothpaste%2C%20Mouthwash%20%26%20Toothbrush&viewAll=department&page=,£4.80,£0.96/100ml,,,/groceries/en-GB/products/253970229,https://digitalcontent.api.tesco.com/v2/media/ghs/eecaa5bb-95bd-42b3-8200-61f1d69452a5/73ac567a-739d-4ade-a199-ea17296f6bc4_2003146329.jpeg?h=225&w=225
293091650,Steradent Pro White 30,https://www.tesco.com/groceries/en-GB/shop/health-and-beauty/all?department=Toothpaste%2C%20Mouthwash%20%26%20Toothbrush&viewAll=department&page=,£1.80,£0.06/each,,,/groceries/en-GB/products/293091650,https://digitalcontent.api.tesco.com/v2/media/ghs/1ff7e37d-83ff-4808-a2af-4b1ca3c79ff2/b25857a7-6175-428a-9558-28f9c49f9cde_2081961480.jpeg?h=225&w=225
277208803,Proformula Floss Harps X 32,https://www.tesco.com/groceries/en-GB/shop/health-and-beauty/all?department=Toothpaste%2C%20Mouthwash%20%26%20Toothbrush&viewAll=department&page=,£1.60,£0.05/each,,,/groceries/en-GB/products/277208803,https://digitalcontent.api.tesco.com/v2/media/ghs/da375bda-7141-4eeb-b4ed-6d21cd1846f0/9728b8ad-db00-4eef-8995-cadb39c51914_1522762399.jpeg?h=225&w=225
288608322,Sensodyne Daily Gently/Gentle Whitening Sensitive Toothpaste 75Ml,https://www.tesco.com/groceries/en-GB/shop/health-and-beauty/all?department=Toothpaste%2C%20Mouthwash%20%26%20Toothbrush&viewAll=department&page=,£2.50,£3.34/100ml,,,/groceries/en-GB/products/288608322,https://digitalcontent.api.tesco.com/v2/media/ghs/09e4584e-ca66-40c0-a57c-b8f8ba205735/2d48b955-bcf1-4047-918a-278fdf747e80_392779528.jpeg?h=225&w=225
268277941,Colgate Total Advanced Whitening 100Ml Pump,https://www.tesco.com/groceries/en-GB/shop/health-and-beauty/all?department=Toothpaste%2C%20Mouthwash%20%26%20Toothbrush&viewAll=department&page=,£3.50,£3.50/100ml,£3.00 Clubcard Price,,/groceries/en-GB/products/268277941,https://digitalcontent.api.tesco.com/v2/media/ghs/79757672-badc-4a54-95a2-00b1b2733165/b32bb0e8-0273-4a21-9aa9-d6d89789f4b0_221102254.jpeg?h=225&w=225
261467543,Colgate Maxfresh Blue Toothpaste Pump 100Ml,https://www.tesco.com/groceries/en-GB/shop/health-and-beauty/all?department=Toothpaste%2C%20Mouthwash%20%26%20Toothbrush&viewAll=department&page=,£3.00,£3.00/100ml,,,/groceries/en-GB/products/261467543,https://digitalcontent.api.tesco.com/v2/media/ghs/0ce0f9b8-7f77-402e-958a-07c982587032/a5b90468-d32d-452b-aa07-852100af0fad_1313414931.jpeg?h=225&w=225
264269208,Sensodyne Pronamel Mint Toothpaste Children 50Ml,https://www.tesco.com/groceries/en-GB/shop/health-and-beauty/all?department=Toothpaste%2C%20Mouthwash%20%26%20Toothbrush&viewAll=department&page=,£2.00,£4.00/100ml,,,/groceries/en-GB/products/264269208,https://digitalcontent.api.tesco.com/v2/media/ghs/652fd844-4bd8-45d5-8712-63a5a3a0481b/d9a72e13-fb09-4184-a958-28486c6dcae2_266182103.jpeg?h=225&w=225
262748238,Aquafresh Kids Bigteeth Mouthwash 300Ml,https://www.tesco.com/groceries/en-GB/shop/health-and-beauty/all?department=Toothpaste%2C%20Mouthwash%20%26%20Toothbrush&viewAll=department&page=,£1.75,£0.58/100ml,,,/groceries/en-GB/products/262748238,https://digitalcontent.api.tesco.com/v2/media/ghs/a8d08ee4-83d0-4bee-ac64-66eda17e5cda/f6728a2a-83ed-4c0b-9371-92cd6397bb09_1463827410.jpeg?h=225&w=225
304413185,Colgate Advanced Charcoal Whitening Toothpaste 75Ml,https://www.tesco.com/groceries/en-GB/shop/health-and-beauty/all?department=Toothpaste%2C%20Mouthwash%20%26%20Toothbrush&viewAll=department&page=,£2.00,£2.67/100ml,,,/groceries/en-GB/products/304413185,https://digitalcontent.api.tesco.com/v2/media/ghs/a3db76ed-0385-4d86-b48c-160e08d2b945/3e62b99e-0489-4dea-8b2f-a319872f77f6_1384010098.jpeg?h=225&w=225
312830018,Aquafresh Little Teeth Toothbrush 3-5 Years,https://www.tesco.com/groceries/en-GB/shop/health-and-beauty/all?department=Toothpaste%2C%20Mouthwash%20%26%20Toothbrush&viewAll=department&page=,£1.75,£1.75/each,,New,/groceries/en-GB/products/312830018,https://digitalcontent.api.tesco.com/v2/media/ghs/a17f46e8-0598-431c-bdf5-3fd50cd726a8/5ae5d31a-6a75-4d99-9f15-a2e090c77951_1263520877.jpeg?h=225&w=225
295872011,Oral-B 3D White Arctic Toothpaste 75Ml,https://www.tesco.com/groceries/en-GB/shop/health-and-beauty/all?department=Toothpaste%2C%20Mouthwash%20%26%20Toothbrush&viewAll=department&page=,£1.99,£2.66/100ml,,,/groceries/en-GB/products/295872011,https://digitalcontent.api.tesco.com/v2/media/ghs/6045b82e-e74a-4986-8691-eed6a96261c5/13353a55-d71b-45b6-99bd-52cee52c584f_905562715.jpeg?h=225&w=225
308111052,Pro Formula Baby Steps Toothbrush 0-2 Years,https://www.tesco.com/groceries/en-GB/shop/health-and-beauty/all?department=Toothpaste%2C%20Mouthwash%20%26%20Toothbrush&viewAll=department&page=,£1.00,£1.00/each,,,/groceries/en-GB/products/308111052,https://digitalcontent.api.tesco.com/v2/media/ghs/a4a5f0c0-5adf-42e8-b50f-7627e9ccf614/6d2bc7f2-57ac-4535-8537-2b337d3fe682_2066448765.jpeg?h=225&w=225
289035136,Colgate Sensitive Sensifoam Multi Toothpaste 75Ml,https://www.tesco.com/groceries/en-GB/shop/health-and-beauty/all?department=Toothpaste%2C%20Mouthwash%20%26%20Toothbrush&viewAll=department&page=,£1.75,£2.34/100ml,,,/groceries/en-GB/products/289035136,https://digitalcontent.api.tesco.com/v2/media/ghs/07cdb64f-becf-4a6b-829d-f1c0459d0228/6685ddf6-7795-4d98-af27-ad93db5e9c84_138375372.jpeg?h=225&w=225
253900509,Oral-B 123 Indicator 35 Medium Toothbrush,https://www.tesco.com/groceries/en-GB/shop/health-and-beauty/all?department=Toothpaste%2C%20Mouthwash%20%26%20Toothbrush&viewAll=department&page=,£1.00,£1.00/each,,,/groceries/en-GB/products/253900509,https://digitalcontent.api.tesco.com/v2/media/ghs/1fb78e13-3196-45d3-bebc-4b20015a2ad9/e5cd528f-891a-4098-8986-d5741a6be7f7_1337143507.jpeg?h=225&w=225
268648952,Listerine Coolmint Milder 500Ml,https://www.tesco.com/groceries/en-GB/shop/health-and-beauty/all?department=Toothpaste%2C%20Mouthwash%20%26%20Toothbrush&viewAll=department&page=,£3.00,£0.60/100ml,£2.00 Clubcard Price,,/groceries/en-GB/products/268648952,https://digitalcontent.api.tesco.com/v2/media/ghs/c3b0fc1b-2d9c-43a4-a4ee-c242d61eacde/f34447ea-a669-423c-9b38-573eea4b5430_671810930.jpeg?h=225&w=225
253650476,Oral-B Pro Expert Whitening Toothpaste 75Ml,https://www.tesco.com/groceries/en-GB/shop/health-and-beauty/all?department=Toothpaste%2C%20Mouthwash%20%26%20Toothbrush&viewAll=department&page=,£1.99,£2.66/100ml,,,/groceries/en-GB/products/253650476,https://digitalcontent.api.tesco.com/v2/media/ghs/b56746b9-a362-4568-961e-9f560f0393c2/9d4a9a75-8c33-4e07-8020-10c5af60dc18_542970830.jpeg?h=225&w=225
304402859,Pro Formula Big Steps Cool Mint Toothpaste 6+ 75Ml,https://www.tesco.com/groceries/en-GB/shop/health-and-beauty/all?department=Toothpaste%2C%20Mouthwash%20%26%20Toothbrush&viewAll=department&page=,£1.00,£1.34/100ml,,,/groceries/en-GB/products/304402859,https://digitalcontent.api.tesco.com/v2/media/ghs/54c62d5b-e9e8-4a10-9bb1-d61db563f9de/fc8cc44a-a145-4bd3-a4b3-0ad4e3ad4039_497153042.jpeg?h=225&w=225
304400350,Pro Formula Little Steps Mild Mint Toothpaste 3-5 75Ml,https://www.tesco.com/groceries/en-GB/shop/health-and-beauty/all?department=Toothpaste%2C%20Mouthwash%20%26%20Toothbrush&viewAll=department&page=,£1.00,£1.34/100ml,,,/groceries/en-GB/products/304400350,https://digitalcontent.api.tesco.com/v2/media/ghs/b7488791-2dbd-42a4-8b6d-13e80c50a49c/7096a2c8-4b3e-44e2-a0fd-aa225a381787_1087444926.jpeg?h=225&w=225
286670995,Pro-Formula Denture Tablets 30 Pack,https://www.tesco.com/groceries/en-GB/shop/health-and-beauty/all?department=Toothpaste%2C%20Mouthwash%20%26%20Toothbrush&viewAll=department&page=,£0.90,£0.03/each,,,/groceries/en-GB/products/286670995,https://digitalcontent.api.tesco.com/v2/media/ghs/4e583cf0-10ae-451a-abd5-3082e4afe3f1/277ce7cf-3ef9-43cd-a06b-c3e172da2465_1949552657.jpeg?h=225&w=225
284428083,Oral-B Complete Fresh Cool Mint Toothpaste 100Ml,https://www.tesco.com/groceries/en-GB/shop/health-and-beauty/all?department=Toothpaste%2C%20Mouthwash%20%26%20Toothbrush&viewAll=department&page=,£1.50,£1.50/100ml,,,/groceries/en-GB/products/284428083,https://digitalcontent.api.tesco.com/v2/media/ghs/ca3a9ac0-fbe0-4632-a106-4a233f3c22d7/4ad801b5-b778-4bbb-8d23-cc5c35861121_1117111152.jpeg?h=225&w=225
277201246,Pro-Formula Whitening Mouthwash 500Ml,https://www.tesco.com/groceries/en-GB/shop/health-and-beauty/all?department=Toothpaste%2C%20Mouthwash%20%26%20Toothbrush&viewAll=department&page=,£1.25,£0.25/100ml,,,/groceries/en-GB/products/277201246,https://digitalcontent.api.tesco.com/v2/media/ghs/d0e0491a-a7c4-4057-be49-6e21730b5162/1155e1c3-b4e6-4447-9853-d312a1496bac_874018787.jpeg?h=225&w=225
258963075,Colgate Toothbrush Zigzag Flexible Medium Triple Pack,https://www.tesco.com/groceries/en-GB/shop/health-and-beauty/all?department=Toothpaste%2C%20Mouthwash%20%26%20Toothbrush&viewAll=department&page=,£1.89,£0.63/each,,,/groceries/en-GB/products/258963075,https://digitalcontent.api.tesco.com/v2/media/ghs/05e694c5-3ab8-445d-91bc-0aaf24a29f9c/bfe2d071-8924-427e-aeab-d5b3b622d8d6_2090331425.jpeg?h=225&w=225
256519012,Listerine Mouthwash Freshburst 500Ml,https://www.tesco.com/groceries/en-GB/shop/health-and-beauty/all?department=Toothpaste%2C%20Mouthwash%20%26%20Toothbrush&viewAll=department&page=,£3.00,£0.60/100ml,£2.00 Clubcard Price,,/groceries/en-GB/products/256519012,https://digitalcontent.api.tesco.com/v2/media/ghs/19978c0c-a76e-46ff-836c-a237b0343ac5/ca5e294e-8b15-4381-b8d2-8da83bb55c2d_1853477358.jpeg?h=225&w=225
304403237,Pro Formula Big Steps Cool Mint Mouthwash 6+ 300Ml,https://www.tesco.com/groceries/en-GB/shop/health-and-beauty/all?department=Toothpaste%2C%20Mouthwash%20%26%20Toothbrush&viewAll=department&page=,£1.00,£0.33/100ml,,,/groceries/en-GB/products/304403237,https://digitalcontent.api.tesco.com/v2/media/ghs/c77de561-2179-41fa-88af-8197107eddc0/e4b9bc1a-7184-4226-8e28-0a26fb765aef_275882852.jpeg?h=225&w=225
308082839,Oral-B Precision Clean Replacement Electric Toothbrush Heads X5,https://www.tesco.com/groceries/en-GB/shop/health-and-beauty/all?department=Toothpaste%2C%20Mouthwash%20%26%20Toothbrush&viewAll=department&page=,£24.00,£4.80/each,£12.50 Clubcard Price,,/groceries/en-GB/products/308082839,https://digitalcontent.api.tesco.com/v2/media/ghs/e52f598f-dfce-4c48-8a20-bccc5ea18585/266eabcf-6a65-4576-9625-761e83f0d539_323662876.jpeg?h=225&w=225
301811489,Oral-B 3D White Therapy Enamel Toothpaste 75Ml,https://www.tesco.com/groceries/en-GB/shop/health-and-beauty/all?department=Toothpaste%2C%20Mouthwash%20%26%20Toothbrush&viewAll=department&page=,£5.00,£6.67/100ml,,,/groceries/en-GB/products/301811489,https://digitalcontent.api.tesco.com/v2/media/ghs/35930bbc-e635-4eac-a34c-40e3e3732bfa/e91816c1-1d39-4264-aeef-0d5453c30ae9_2073015428.jpeg?h=225&w=225
276866508,Colgate Max White Mouthwash 500Ml,https://www.tesco.com/groceries/en-GB/shop/health-and-beauty/all?department=Toothpaste%2C%20Mouthwash%20%26%20Toothbrush&viewAll=department&page=,£5.00,£1.00/100ml,,,/groceries/en-GB/products/276866508,https://digitalcontent.api.tesco.com/v2/media/ghs/829b569b-a2ef-49b7-90f8-31c99bca209b/4876ce5f-2807-46ba-8c59-b1f7473dbc28_1229070958.jpeg?h=225&w=225
308468050,Corsodyl Original Medicated Mouthwash Alcohol Free 300Ml,https://www.tesco.com/groceries/en-GB/shop/health-and-beauty/all?department=Toothpaste%2C%20Mouthwash%20%26%20Toothbrush&viewAll=department&page=,£5.00,£1.67/100ml,,,/groceries/en-GB/products/308468050,https://digitalcontent.api.tesco.com/v2/media/ghs/2b588062-e7bc-49f8-b26b-96c386789388/697e39a2-83f3-40b5-bf35-ccf1a7fc1f4d_540758712.jpeg?h=225&w=225
258369370,Colgate Fluorigard Rinse Alcohol Free 400Ml,https://www.tesco.com/groceries/en-GB/shop/health-and-beauty/all?department=Toothpaste%2C%20Mouthwash%20%26%20Toothbrush&viewAll=department&page=,£5.00,£1.25/100ml,,,/groceries/en-GB/products/258369370,https://digitalcontent.api.tesco.com/v2/media/ghs/6855b99c-8aa4-4c2e-9e54-db25489a152b/5268a84a-b96b-4d73-80ee-320cfa5d634c_551889603.jpeg?h=225&w=225
310675003,Sensodyne Nourish Gently Soothing Toothpaste 75Ml,https://www.tesco.com/groceries/en-GB/shop/health-and-beauty/all?department=Toothpaste%2C%20Mouthwash%20%26%20Toothbrush&viewAll=department&page=,£4.50,£6.00/100ml,,,/groceries/en-GB/products/310675003,https://digitalcontent.api.tesco.com/v2/media/ghs/4dc40d96-0f88-4ee6-9b75-ae389b593318/e87752f3-82f4-435e-a773-b0e6c421e460_1098352691.jpeg?h=225&w=225
303014440,Sensodyne Sensitivity & Gum Whitening Toothpaste 75Ml,https://www.tesco.com/groceries/en-GB/shop/health-and-beauty/all?department=Toothpaste%2C%20Mouthwash%20%26%20Toothbrush&viewAll=department&page=,£4.50,£6.00/100ml,,,/groceries/en-GB/products/303014440,https://digitalcontent.api.tesco.com/v2/media/ghs/123cba3e-a032-44b0-bca9-0e3e54bb0420/2bdef0ae-be39-4767-ba8e-1a8f6f94bada_1925018802.jpeg?h=225&w=225
310124800,Corsodyl Gum Plus Breath & Sensitivity Whitening 75Ml,https://www.tesco.com/groceries/en-GB/shop/health-and-beauty/all?department=Toothpaste%2C%20Mouthwash%20%26%20Toothbrush&viewAll=department&page=,£5.50,£7.34/100ml,£3.50 Clubcard Price,,/groceries/en-GB/products/310124800,https://digitalcontent.api.tesco.com/v2/media/ghs/fe80ed47-50bc-4a84-a4e4-ccb0f8d712b1/1e1c858e-cce7-494f-8e3d-9889f0ea767e_302716139.jpeg?h=225&w=225
310675697,Corsodyl Gum Plus Breath & Sensitivity Toothpaste 75Ml,https://www.tesco.com/groceries/en-GB/shop/health-and-beauty/all?department=Toothpaste%2C%20Mouthwash%20%26%20Toothbrush&viewAll=department&page=,£5.50,£7.34/100ml,£3.50 Clubcard Price,,/groceries/en-GB/products/310675697,https://digitalcontent.api.tesco.com/v2/media/ghs/192f3e2a-97ed-4c4b-b976-c6d22771d989/fcd6e0df-5912-4b9c-826a-418266175e7c_1741772734.jpeg?h=225&w=225
258959098,Tepe Interdental Brush Yellow 6 Pack 0.7Mm,https://www.tesco.com/groceries/en-GB/shop/health-and-beauty/all?department=Toothpaste%2C%20Mouthwash%20%26%20Toothbrush&viewAll=department&page=,£3.25,£0.54/each,,,/groceries/en-GB/products/258959098,https://digitalcontent.api.tesco.com/v2/media/ghs/eb54216d-4ed7-4e5a-80a5-aadf4d47d9f3/9f1375d3-c63f-41b4-a9a4-65614947d425.jpeg?h=225&w=225
265178356,Sensodyne Pronamel Gently/Gentle Whitening Sensitive Toothpaste 75Ml,https://www.tesco.com/groceries/en-GB/shop/health-and-beauty/all?department=Toothpaste%2C%20Mouthwash%20%26%20Toothbrush&viewAll=department&page=,£4.50,£6.00/100ml,,New,/groceries/en-GB/products/265178356,https://digitalcontent.api.tesco.com/v2/media/ghs/3245abe6-7fa7-4932-93a7-af4a16484bba/6049e49b-f5ff-4423-bd16-173a1ce14d08_1864533451.jpeg?h=225&w=225
277208924,Proformula Interdental Brushes 0.60Mm 6 Pack,https://www.tesco.com/groceries/en-GB/shop/health-and-beauty/all?department=Toothpaste%2C%20Mouthwash%20%26%20Toothbrush&viewAll=department&page=,£2.25,£0.38/each,,,/groceries/en-GB/products/277208924,https://digitalcontent.api.tesco.com/v2/media/ghs/1f913aa9-8589-4e60-bcd1-b20731967cc0/6ae20eb3-2cd6-406c-86af-44a8ac888580_629245550.jpeg?h=225&w=225
277208884,Proformula Interdental Brushes 0.40Mm 6 Pack,https://www.tesco.com/groceries/en-GB/shop/health-and-beauty/all?department=Toothpaste%2C%20Mouthwash%20%26%20Toothbrush&viewAll=department&page=,£2.25,£0.38/each,,,/groceries/en-GB/products/277208884,https://digitalcontent.api.tesco.com/v2/media/ghs/c1db6954-0a16-476c-bbd3-fac9cc3d9eb9/e337ef92-fd3d-427b-a652-c6278336f095_1467919943.jpeg?h=225&w=225
295350145,Pro Formula Interdental Brushes Half,https://www.tesco.com/groceries/en-GB/shop/health-and-beauty/all?department=Toothpaste%2C%20Mouthwash%20%26%20Toothbrush&viewAll=department&page=,£2.25,£0.38/each,,,/groceries/en-GB/products/295350145,https://digitalcontent.api.tesco.com/v2/media/ghs/e5765c92-d781-41b9-a301-5bf3b88b754f/cfe79f30-a423-45da-a30f-6f5b8fb8ea75_440248633.jpeg?h=225&w=225
295350168,Pro Formula Interdental Brushes 0.7 6 Pack,https://www.tesco.com/groceries/en-GB/shop/health-and-beauty/all?department=Toothpaste%2C%20Mouthwash%20%26%20Toothbrush&viewAll=department&page=,£2.25,£0.38/each,,,/groceries/en-GB/products/295350168,https://digitalcontent.api.tesco.com/v2/media/ghs/ce9e49d0-d77f-4da9-997e-6a35ee03f882/7d14bfa7-c92c-4676-8c42-1c24f45d1a2f_1543230123.jpeg?h=225&w=225
300284072,Listerine Nightly Reset Mouthwash 400Ml,https://www.tesco.com/groceries/en-GB/shop/health-and-beauty/all?department=Toothpaste%2C%20Mouthwash%20%26%20Toothbrush&viewAll=department&page=,£5.40,£1.35/100ml,£3.60 Clubcard Price,,/groceries/en-GB/products/300284072,https://digitalcontent.api.tesco.com/v2/media/ghs/a50b1e9e-0f9b-4132-87ea-dd286a73403f/2fbdbdc7-1fc8-437d-8525-038756b5ed7b_14463414.jpeg?h=225&w=225
261456274,Colgate 360 Sensitive Pro Relief Soft Toothbrush,https://www.tesco.com/groceries/en-GB/shop/health-and-beauty/all?department=Toothpaste%2C%20Mouthwash%20%26%20Toothbrush&viewAll=department&page=,£2.95,£2.95/each,£2.00 Clubcard Price,,/groceries/en-GB/products/261456274,https://digitalcontent.api.tesco.com/v2/media/ghs/ff074882-25d1-4eaa-b21b-b4a52206d894/2a4014dd-d76c-4e5d-aaa8-3ad62e6f3116_1955940005.jpeg?h=225&w=225
268650516,Listerine Totalcare Milder 500Ml,https://www.tesco.com/groceries/en-GB/shop/health-and-beauty/all?department=Toothpaste%2C%20Mouthwash%20%26%20Toothbrush&viewAll=department&page=,£4.80,£0.96/100ml,,,/groceries/en-GB/products/268650516,https://digitalcontent.api.tesco.com/v2/media/ghs/0030cef6-f526-40d0-8b1f-43911c99b251/0d8a5786-e9de-4f25-9293-4f49ee8d2301_50759850.jpeg?h=225&w=225
310129518,Colgate Total Advanced Gum Care Toothpaste 75Ml,https://www.tesco.com/groceries/en-GB/shop/health-and-beauty/all?department=Toothpaste%2C%20Mouthwash%20%26%20Toothbrush&viewAll=department&page=,£5.00,£6.67/100ml,£2.40 Clubcard Price,,/groceries/en-GB/products/310129518,https://digitalcontent.api.tesco.com/v2/media/ghs/6fa3e7cf-891a-45b6-8108-15f92ec59478/d40a1076-1671-4771-9fc4-4d10b2129b64_1533206007.jpeg?h=225&w=225
311671311,Colgate Max White Ultra Fresh Whitening Toothpaste 75Ml,https://www.tesco.com/groceries/en-GB/shop/health-and-beauty/all?department=Toothpaste%2C%20Mouthwash%20%26%20Toothbrush&viewAll=department&page=,£8.00,£106.67/litre,£4.00 Clubcard Price,,/groceries/en-GB/products/311671311,https://digitalcontent.api.tesco.com/v2/media/ghs/2891ed48-4ec0-4511-a4a4-23ae5e1a2809/cdd15255-bb66-424b-9cdd-09e3d6ef3be8_305192406.jpeg?h=225&w=225
308101536,Oral-B Toothpaste Sensitive & Gum Calm Original 75Ml,https://www.tesco.com/groceries/en-GB/shop/health-and-beauty/all?department=Toothpaste%2C%20Mouthwash%20%26%20Toothbrush&viewAll=department&page=,£5.00,£6.67/100ml,£2.50 Clubcard Price,,/groceries/en-GB/products/308101536,https://digitalcontent.api.tesco.com/v2/media/ghs/7c7750e6-c92a-4abd-ace0-a6d6cd1d8cd9/51cf2e27-a9a5-47eb-adde-62a9931c6dbd_2140166624.jpeg?h=225&w=225
258957555,Listerine Stay White Mouthwash 500Ml,https://www.tesco.com/groceries/en-GB/shop/health-and-beauty/all?department=Toothpaste%2C%20Mouthwash%20%26%20Toothbrush&viewAll=department&page=,£4.80,£0.96/100ml,,,/groceries/en-GB/products/258957555,https://digitalcontent.api.tesco.com/v2/media/ghs/2ef8fcc5-a4e5-48fa-8d17-13a189ad35a5/7f76637c-7187-4b6f-93a8-2d364d812253_1921943548.jpeg?h=225&w=225
308454792,Corsodyl Ultra Clean Toothpaste 100Ml,https://www.tesco.com/groceries/en-GB/shop/health-and-beauty/all?department=Toothpaste%2C%20Mouthwash%20%26%20Toothbrush&viewAll=department&page=,£3.00,£3.00/100ml,,,/groceries/en-GB/products/308454792,https://digitalcontent.api.tesco.com/v2/media/ghs/875cf44b-c0eb-4257-9639-3bd036ab981d/e8bfd5e2-da6d-428d-830f-2c789cef7701_647629630.jpeg?h=225&w=225
308831812,Oral-B 3D Whitening Luxe Perfection Toothpaste 100Ml,https://www.tesco.com/groceries/en-GB/shop/health-and-beauty/all?department=Toothpaste%2C%20Mouthwash%20%26%20Toothbrush&viewAll=department&page=,£3.00,£3.00/100ml,,,/groceries/en-GB/products/308831812,https://digitalcontent.api.tesco.com/v2/media/ghs/daa4d98f-ec36-404b-a4ad-e01ec2f6e98e/0561024d-6cf3-46ac-989b-eae5c18e9099_963889182.jpeg?h=225&w=225
308849515,Oral-B 3D Luxe Glamorous Whitening Toothpaste 100Ml,https://www.tesco.com/groceries/en-GB/shop/health-and-beauty/all?department=Toothpaste%2C%20Mouthwash%20%26%20Toothbrush&viewAll=department&page=,£3.00,£3.00/100ml,,,/groceries/en-GB/products/308849515,https://digitalcontent.api.tesco.com/v2/media/ghs/10ac238f-f229-4bda-b46d-bfd3af9521b2/91d3b3ca-507c-4fb0-8a1e-87d16bddcf93_991790003.jpeg?h=225&w=225
278398673,Aquafresh Big Teeth Tooth Brush,https://www.tesco.com/groceries/en-GB/shop/health-and-beauty/all?department=Toothpaste%2C%20Mouthwash%20%26%20Toothbrush&viewAll=department&page=,£1.75,£1.75/each,,,/groceries/en-GB/products/278398673,https://digitalcontent.api.tesco.com/v2/media/ghs/94de8e5e-27b7-42e9-95b7-ef709f0f96b1/786e45a0-50e5-43eb-9180-f202167a28aa_676687585.jpeg?h=225&w=225
308838200,Oral-B Original Gum & Enamel Repair Toothpaste 100Ml,https://www.tesco.com/groceries/en-GB/shop/health-and-beauty/all?department=Toothpaste%2C%20Mouthwash%20%26%20Toothbrush&viewAll=department&page=,£3.00,£3.00/100ml,,,/groceries/en-GB/products/308838200,https://digitalcontent.api.tesco.com/v2/media/ghs/f3676e43-564c-45e4-a119-7b00f0b65295/4987a1f2-75a6-481b-89e4-262d5c6119d6_926806517.jpeg?h=225&w=225
262710951,Arm & Hammer Sensitive Pro Repair 75Ml,https://www.tesco.com/groceries/en-GB/shop/health-and-beauty/all?department=Toothpaste%2C%20Mouthwash%20%26%20Toothbrush&viewAll=department&page=,£2.70,£3.60/100ml,,,/groceries/en-GB/products/262710951,https://digitalcontent.api.tesco.com/v2/media/ghs/9c5efb63-9163-4cd9-beb4-c2d3c55bd478/1315342b-020f-47db-b92a-5ee1f2aebc2f_721332032.jpeg?h=225&w=225
264454866,Colgate Maxwhite Medium Toothbrush,https://www.tesco.com/groceries/en-GB/shop/health-and-beauty/all?department=Toothpaste%2C%20Mouthwash%20%26%20Toothbrush&viewAll=department&page=,£2.10,£2.10/each,,,/groceries/en-GB/products/264454866,https://digitalcontent.api.tesco.com/v2/media/ghs/e5aa0585-d591-4170-b8a8-39754d9ef10c/978105c3-8019-4b58-a898-8c8279ec5336_101397043.jpeg?h=225&w=225
309174810,Colgate Total Mint Toothpaste 7-12 Years 50Ml,https://www.tesco.com/groceries/en-GB/shop/health-and-beauty/all?department=Toothpaste%2C%20Mouthwash%20%26%20Toothbrush&viewAll=department&page=,£2.00,£4.00/100ml,,,/groceries/en-GB/products/309174810,https://digitalcontent.api.tesco.com/v2/media/ghs/52077008-50c4-4470-b37e-97f1b7e5b41d/c5b96f0c-2939-44d0-a82e-0c9b60439b58_1391300233.jpeg?h=225&w=225
276732926,Colgate Maxwhite Toothbrush Set Medium 3 Pack,https://www.tesco.com/groceries/en-GB/shop/health-and-beauty/all?department=Toothpaste%2C%20Mouthwash%20%26%20Toothbrush&viewAll=department&page=,£4.35,£1.45/each,£3.50 Clubcard Price,,/groceries/en-GB/products/276732926,https://digitalcontent.api.tesco.com/v2/media/ghs/dcd032ae-481f-4e39-ae5e-a2aacdca6697/a2564cbd-1799-40be-a874-e92e3ba62633_1539816287.jpeg?h=225&w=225
301794745,Arm & Hammer Charcoal White 75Ml,https://www.tesco.com/groceries/en-GB/shop/health-and-beauty/all?department=Toothpaste%2C%20Mouthwash%20%26%20Toothbrush&viewAll=department&page=,£2.70,£3.60/100ml,,,/groceries/en-GB/products/301794745,https://digitalcontent.api.tesco.com/v2/media/ghs/2fab4fb9-85d0-4ba7-a639-a1c3c9f3a12c/a624831d-38ab-479b-91dc-236f4868778f_1408510790.jpeg?h=225&w=225
277179992,Pro-Formula Complete Sensitive Toothbrush,https://www.tesco.com/groceries/en-GB/shop/health-and-beauty/all?department=Toothpaste%2C%20Mouthwash%20%26%20Toothbrush&viewAll=department&page=,£1.20,£1.20/each,,,/groceries/en-GB/products/277179992,https://digitalcontent.api.tesco.com/v2/media/ghs/f6317f8d-89e3-45e5-8439-ea3862029719/a7c853c7-cb4a-4b23-93fe-caada30b925e_233271876.jpeg?h=225&w=225
291376645,Oral-B White Medium Toothbrush,https://www.tesco.com/groceries/en-GB/shop/health-and-beauty/all?department=Toothpaste%2C%20Mouthwash%20%26%20Toothbrush&viewAll=department&page=,£1.65,£1.65/each,,,/groceries/en-GB/products/291376645,https://digitalcontent.api.tesco.com/v2/media/ghs/a62563f9-e41a-40e5-a734-2359dd2c07f4/12cad2c6-d23e-481d-ae72-783317add97b_522240880.jpeg?h=225&w=225
308848476,Colgate Advanced White Medium Toothbrush,https://www.tesco.com/groceries/en-GB/shop/health-and-beauty/all?department=Toothpaste%2C%20Mouthwash%20%26%20Toothbrush&viewAll=department&page=,£1.49,£1.49/each,,,/groceries/en-GB/products/308848476,https://digitalcontent.api.tesco.com/v2/media/ghs/5d559b20-97a6-4ba2-8ece-20f735eb12aa/53d839ee-d257-4259-bb6c-e0a573c93665_2123734589.jpeg?h=225&w=225
304381889,Pro Formula Big Steps Toothbrush 6 Years Plus,https://www.tesco.com/groceries/en-GB/shop/health-and-beauty/all?department=Toothpaste%2C%20Mouthwash%20%26%20Toothbrush&viewAll=department&page=,£1.05,£1.05/each,,,/groceries/en-GB/products/304381889,https://digitalcontent.api.tesco.com/v2/media/ghs/c7a178a1-2558-4376-bf6b-9af6040eaab8/84bec11a-a714-41d6-8d92-bd736754e3d6_1503106076.jpeg?h=225&w=225
304377797,Pro Formula Little Steps Toothbrush 3-5 Years,https://www.tesco.com/groceries/en-GB/shop/health-and-beauty/all?department=Toothpaste%2C%20Mouthwash%20%26%20Toothbrush&viewAll=department&page=,£1.05,£1.05/each,,,/groceries/en-GB/products/304377797,https://digitalcontent.api.tesco.com/v2/media/ghs/c68eff57-9ac0-4849-ad37-2bebefadc64b/014c3d45-a711-44a8-9fea-725881485d7c_102594607.jpeg?h=225&w=225
265361517,Listerine Coolmint Mouthwash 1L,https://www.tesco.com/groceries/en-GB/shop/health-and-beauty/all?department=Toothpaste%2C%20Mouthwash%20%26%20Toothbrush&viewAll=department&page=,£3.99,£0.40/100ml,,,/groceries/en-GB/products/265361517,https://digitalcontent.api.tesco.com/v2/media/ghs/4c6fc3dd-b92b-478c-939d-b9786525d0f9/fc80cecc-be81-424a-8c1d-2467a1774edd_2048366405.jpeg?h=225&w=225
306651204,Listerine Advanced White Milder Mouthwash 500Ml,https://www.tesco.com/groceries/en-GB/shop/health-and-beauty/all?department=Toothpaste%2C%20Mouthwash%20%26%20Toothbrush&viewAll=department&page=,£5.50,£1.10/100ml,£3.60 Clubcard Price,,/groceries/en-GB/products/306651204,https://digitalcontent.api.tesco.com/v2/media/ghs/bc424b20-51f8-403a-8efd-2928694fbe40/06748d40-250d-461f-ac80-ec5c3552a5da_1943362992.jpeg?h=225&w=225
302219044,Pro Formula Complete Charcoal Soft Toothbrush,https://www.tesco.com/groceries/en-GB/shop/health-and-beauty/all?department=Toothpaste%2C%20Mouthwash%20%26%20Toothbrush&viewAll=department&page=,£1.00,£1.00/each,,,/groceries/en-GB/products/302219044,https://digitalcontent.api.tesco.com/v2/media/ghs/3355b06c-62da-489e-b49f-86c2c3a2a4a2/d8173bbc-2443-4522-b560-c63637679410_1945788107.jpeg?h=225&w=225
272373527,Colgate Total Whitening Toothpaste 75Ml,https://www.tesco.com/groceries/en-GB/shop/health-and-beauty/all?department=Toothpaste%2C%20Mouthwash%20%26%20Toothbrush&viewAll=department&page=,£1.75,£2.34/100ml,,,/groceries/en-GB/products/272373527,https://digitalcontent.api.tesco.com/v2/media/ghs/8424c227-af7a-4dcb-9d1f-52521f63bf81/36d46b54-0337-4b84-ab49-20213b604725_1513337162.jpeg?h=225&w=225
306350543,Keep It Handy Toothbrush Heads 2 Pack,https://www.tesco.com/groceries/en-GB/shop/health-and-beauty/all?department=Toothpaste%2C%20Mouthwash%20%26%20Toothbrush&viewAll=department&page=,£1.00,£0.50/each,,,/groceries/en-GB/products/306350543,https://digitalcontent.api.tesco.com/v2/media/ghs/58272d2d-3a97-451e-aac8-7510d41cdc0c/97166558-279c-4730-bf6c-2f55868c6391_1127976344.jpeg?h=225&w=225
300556367,Pro Formula Complete Care Toothbrush 2 Pack,https://www.tesco.com/groceries/en-GB/shop/health-and-beauty/all?department=Toothpaste%2C%20Mouthwash%20%26%20Toothbrush&viewAll=department&page=,£1.00,£0.50/each,,,/groceries/en-GB/products/300556367,https://digitalcontent.api.tesco.com/v2/media/ghs/127bbc2d-3c1c-482f-bbdc-4f7c3194bca5/449898c8-e259-4437-9d54-9aa62b092158_197654793.jpeg?h=225&w=225
265372090,Listerine Mouthwash Totalcare 1Ltr,https://www.tesco.com/groceries/en-GB/shop/health-and-beauty/all?department=Toothpaste%2C%20Mouthwash%20%26%20Toothbrush&viewAll=department&page=,£6.00,£0.60/100ml,£4.50 Clubcard Price,,/groceries/en-GB/products/265372090,https://digitalcontent.api.tesco.com/v2/media/ghs/4f109145-04c0-430b-a766-1b1c0d5f4057/20cb6880-385d-40b2-8ad8-688ab528f8ee_1396040163.jpeg?h=225&w=225
313366877,Oral-B Smart 4500N White Electric Toothbush & Case,https://www.tesco.com/groceries/en-GB/shop/health-and-beauty/all?department=Toothpaste%2C%20Mouthwash%20%26%20Toothbrush&viewAll=department&page=,£130.00,£130.00/each,,,/groceries/en-GB/products/313366877,https://digitalcontent.api.tesco.com/v2/media/ghs/2e59d6a0-7966-4ccb-b67d-0d0f575710eb/9d8736f3-1ec2-4bea-b21c-907a9929199a_663068131.jpeg?h=225&w=225
299584766,Oral-B Junior 6+ Green Electric Toothbrush,https://www.tesco.com/groceries/en-GB/shop/health-and-beauty/all?department=Toothpaste%2C%20Mouthwash%20%26%20Toothbrush&viewAll=department&page=,£50.00,£50.00/each,,,/groceries/en-GB/products/299584766,https://digitalcontent.api.tesco.com/v2/media/ghs/5f5142f4-aee6-48db-85b1-e3367e378542/6698ad98-6bba-4f11-ab67-9b53e98f3bea_731632538.jpeg?h=225&w=225
311428785,Oral-B Kids 3+ Years Frozen Electric Toothbrush & Case,https://www.tesco.com/groceries/en-GB/shop/health-and-beauty/all?department=Toothpaste%2C%20Mouthwash%20%26%20Toothbrush&viewAll=department&page=,£40.00,£40.00/each,£20.00 Clubcard Price,,/groceries/en-GB/products/311428785,https://digitalcontent.api.tesco.com/v2/media/ghs/37136a9c-b883-4351-af3a-252899dc57e3/86843aac-44bf-4ff1-8ded-8a2aa7abe2e1_1264182665.jpeg?h=225&w=225
311793178,Oral-B Kids 3+ Spider-Man Electric Toothbrush & Case,https://www.tesco.com/groceries/en-GB/shop/health-and-beauty/all?department=Toothpaste%2C%20Mouthwash%20%26%20Toothbrush&viewAll=department&page=,£40.00,£40.00/each,£20.00 Clubcard Price,,/groceries/en-GB/products/311793178,https://digitalcontent.api.tesco.com/v2/media/ghs/faf136ea-a581-478f-bdf5-53cb7ab0dd7c/0bc7f7c5-d4bf-4d70-8c1f-15e544a47f9e_1548564838.jpeg?h=225&w=225
310117360,Oral-B 3D White Replacement Electric Toothbrush Head 8Pk,https://www.tesco.com/groceries/en-GB/shop/health-and-beauty/all?department=Toothpaste%2C%20Mouthwash%20%26%20Toothbrush&viewAll=department&page=,£36.00,£4.50/each,£17.50 Clubcard Price,,/groceries/en-GB/products/310117360,https://digitalcontent.api.tesco.com/v2/media/ghs/5195f3b5-636e-49cc-90ec-9a60ad08f6f2/03cd3658-09fb-4aa4-9217-65c72aad307d_1448269495.jpeg?h=225&w=225
309483542,Oral-B 3D White Whitening Restore Toothpaste 70Ml,https://www.tesco.com/groceries/en-GB/shop/health-and-beauty/all?department=Toothpaste%2C%20Mouthwash%20%26%20Toothbrush&viewAll=department&page=,£16.00,£22.86/100ml,,,/groceries/en-GB/products/309483542,https://digitalcontent.api.tesco.com/v2/media/ghs/3f93f7dc-0485-46fb-b65b-b4e6bc65d7e3/1ca86003-3bba-4ee7-999e-c32f694aa714_360685611.jpeg?h=225&w=225
304787149,Colgate Max White Ultimate Catalyst Whitening Paste 75Ml,https://www.tesco.com/groceries/en-GB/shop/health-and-beauty/all?department=Toothpaste%2C%20Mouthwash%20%26%20Toothbrush&viewAll=department&page=,£20.00,£26.67/100ml,,,/groceries/en-GB/products/304787149,https://digitalcontent.api.tesco.com/v2/media/ghs/8261462b-1808-4f79-90a9-f3946e14104b/b0107077-0310-4e92-84b7-9629c27ff1ed_157520940.jpeg?h=225&w=225
308111766,Oral-B Cross Action Toothbrush Replacement Heads 5 Pack,https://www.tesco.com/groceries/en-GB/shop/health-and-beauty/all?department=Toothpaste%2C%20Mouthwash%20%26%20Toothbrush&viewAll=department&page=,£28.00,£5.60/each,£13.50 Clubcard Price,,/groceries/en-GB/products/308111766,https://digitalcontent.api.tesco.com/v2/media/ghs/7f60e195-f5b2-4781-b557-0e303457c13a/f72858ef-26e4-470a-8db0-525838d36a5b_622466446.jpeg?h=225&w=225
308117309,Oral-B 3D White Replacement Electric Toothbrush Heads X5,https://www.tesco.com/groceries/en-GB/shop/health-and-beauty/all?department=Toothpaste%2C%20Mouthwash%20%26%20Toothbrush&viewAll=department&page=,£28.00,£5.60/each,£13.50 Clubcard Price,,/groceries/en-GB/products/308117309,https://digitalcontent.api.tesco.com/v2/media/ghs/76222678-ad7e-4f1c-9105-53ff66a14056/77af6849-d0fa-403d-be5b-def524e7413f_88632520.jpeg?h=225&w=225
311793731,Oral-B Densify Daily Protection Toothpaste 75Ml,https://www.tesco.com/groceries/en-GB/shop/health-and-beauty/all?department=Toothpaste%2C%20Mouthwash%20%26%20Toothbrush&viewAll=department&page=,£8.00,£10.67/100ml,,,/groceries/en-GB/products/311793731,https://digitalcontent.api.tesco.com/v2/media/ghs/6eac0e0e-1b7f-4aca-be07-ab4c3905fc61/2fd6b4be-bacc-47d8-bf8e-843a09fb59f5_1651862146.jpeg?h=225&w=225
311786008,Oral-B Densify Gentle Whitening Toothpaste 75Ml,https://www.tesco.com/groceries/en-GB/shop/health-and-beauty/all?department=Toothpaste%2C%20Mouthwash%20%26%20Toothbrush&viewAll=department&page=,£8.00,£10.67/100ml,,,/groceries/en-GB/products/311786008,https://digitalcontent.api.tesco.com/v2/media/ghs/6dcd53dd-f167-4249-bbbc-ca134e1fa5e4/378e1a2c-c592-44aa-8037-9bfae9657263_918306978.jpeg?h=225&w=225
307739814,Oral-B Cross Action Replacement Electric Toothbrush Heads X8,https://www.tesco.com/groceries/en-GB/shop/health-and-beauty/all?department=Toothpaste%2C%20Mouthwash%20%26%20Toothbrush&viewAll=department&page=,£36.00,£4.50/each,£17.50 Clubcard Price,,/groceries/en-GB/products/307739814,https://digitalcontent.api.tesco.com/v2/media/ghs/4e0bd922-1e28-4f98-bb1e-03024bf733f5/b9a4808a-1622-4ab6-99ab-97bc49734a8e_1135127010.jpeg?h=225&w=225
308084198,Colgate Max White Ultimate Renewal Toothpaste 75Ml,https://www.tesco.com/groceries/en-GB/shop/health-and-beauty/all?department=Toothpaste%2C%20Mouthwash%20%26%20Toothbrush&viewAll=department&page=,£20.00,£26.67/100ml,£10.00 Clubcard Price,,/groceries/en-GB/products/308084198,https://digitalcontent.api.tesco.com/v2/media/ghs/5e5dad1b-04d8-46b9-9a3f-2d489af0f3e0/38df04d7-1bfe-4581-a259-53aeba83ca89_75758948.jpeg?h=225&w=225
274904243,Ultradex Oral Rinse 500Ml,https://www.tesco.com/groceries/en-GB/shop/health-and-beauty/all?department=Toothpaste%2C%20Mouthwash%20%26%20Toothbrush&viewAll=department&page=,£8.00,£1.60/100ml,,,/groceries/en-GB/products/274904243,https://digitalcontent.api.tesco.com/v2/media/ghs/c624252b-6c4e-4eb1-a7df-20bd896fbd7e/2e47e76c-1152-4163-a2e0-6c02edfef99e_1411103838.jpeg?h=225&w=225
305520943,Colgate Max White Expert Complete Toothpaste 75Ml,https://www.tesco.com/groceries/en-GB/shop/health-and-beauty/all?department=Toothpaste%2C%20Mouthwash%20%26%20Toothbrush&viewAll=department&page=,£12.00,£16.00/100ml,,,/groceries/en-GB/products/305520943,https://digitalcontent.api.tesco.com/v2/media/ghs/0d160b2f-c801-4ffc-8c92-2bd46dc59503/176a0fee-7df7-4d07-acf3-9f5c90723b10_1241558307.jpeg?h=225&w=225
308091362,Sensodyne Repair & Protect Toothpaste Extra Fresh 75Ml,https://www.tesco.com/groceries/en-GB/shop/health-and-beauty/all?department=Toothpaste%2C%20Mouthwash%20%26%20Toothbrush&viewAll=department&page=,£5.50,£7.34/100ml,,,/groceries/en-GB/products/308091362,https://digitalcontent.api.tesco.com/v2/media/ghs/ed19c6ba-34e7-4d57-a034-d19689f815be/952f57f5-b857-4081-94cb-148f69b2b2c2_727538950.jpeg?h=225&w=225
311438295,Colgate Perio Gard Soft Toothbrush,https://www.tesco.com/groceries/en-GB/shop/health-and-beauty/all?department=Toothpaste%2C%20Mouthwash%20%26%20Toothbrush&viewAll=department&page=,£5.00,£5.00/each,£2.50 Clubcard Price,,/groceries/en-GB/products/311438295,https://digitalcontent.api.tesco.com/v2/media/ghs/cad234dc-e277-4358-aef5-6d5272e0e35d/dc093025-3cb1-49df-99da-01b3a048fcf8_835281467.jpeg?h=225&w=225
305252079,Colgate Max White Anti-Stain Whitening Toothpaste 75Ml,https://www.tesco.com/groceries/en-GB/shop/health-and-beauty/all?department=Toothpaste%2C%20Mouthwash%20%26%20Toothbrush&viewAll=department&page=,£12.00,£16.00/100ml,£6.00 Clubcard Price,,/groceries/en-GB/products/305252079,https://digitalcontent.api.tesco.com/v2/media/ghs/6f0afded-5d0a-4452-ae65-e7e50dfe27dc/22f04838-884e-4018-b177-64eef55e8d1a_421038984.jpeg?h=225&w=225
311684584,Colgate Perio Gard Gum Protection Sensitive Toothpaste 75Ml,https://www.tesco.com/groceries/en-GB/shop/health-and-beauty/all?department=Toothpaste%2C%20Mouthwash%20%26%20Toothbrush&viewAll=department&page=,£5.00,£6.67/100ml,£2.50 Clubcard Price,,/groceries/en-GB/products/311684584,https://digitalcontent.api.tesco.com/v2/media/ghs/83d2373e-fb22-4663-9300-f6b4014013c2/265b0e26-554a-4926-bca0-f95775b0aa5b_1555314740.jpeg?h=225&w=225
311681092,Colgate Perio Gard Gum Protection Toothpaste 75Ml,https://www.tesco.com/groceries/en-GB/shop/health-and-beauty/all?department=Toothpaste%2C%20Mouthwash%20%26%20Toothbrush&viewAll=department&page=,£5.00,£6.67/100ml,£2.50 Clubcard Price,,/groceries/en-GB/products/311681092,https://digitalcontent.api.tesco.com/v2/media/ghs/a7b968af-bca6-4ee4-ac3a-61b8e0a3a44a/fd3ce5a0-9a78-44a9-960b-507621833ef8_1753986246.jpeg?h=225&w=225
311803243,Dentyl Advanced Protection Smooth Mint Mouthwash 500Ml,https://www.tesco.com/groceries/en-GB/shop/health-and-beauty/all?department=Toothpaste%2C%20Mouthwash%20%26%20Toothbrush&viewAll=department&page=,£4.40,£0.88/100ml,,,/groceries/en-GB/products/311803243,https://digitalcontent.api.tesco.com/v2/media/ghs/996af7fb-5544-45eb-b145-57f109bf38a8/044035ed-efaa-4b66-b60f-e141de97cd6d_1795631677.jpeg?h=225&w=225
311672347,Colgate Perio Gard Gum Protection Mouthwash 400Ml,https://www.tesco.com/groceries/en-GB/shop/health-and-beauty/all?department=Toothpaste%2C%20Mouthwash%20%26%20Toothbrush&viewAll=department&page=,£5.00,£1.25/100ml,£2.50 Clubcard Price,,/groceries/en-GB/products/311672347,https://digitalcontent.api.tesco.com/v2/media/ghs/59bee716-177a-47a5-9232-3fe562c8302d/6ddc18ef-bdcb-42c2-b705-87492a750455_535624671.jpeg?h=225&w=225
311791589,Dentyl Advanced Protection Fresh Clove Mouthwash 500Ml,https://www.tesco.com/groceries/en-GB/shop/health-and-beauty/all?department=Toothpaste%2C%20Mouthwash%20%26%20Toothbrush&viewAll=department&page=,£4.40,£0.88/100ml,,,/groceries/en-GB/products/311791589,https://digitalcontent.api.tesco.com/v2/media/ghs/6429577e-c4df-4830-a24d-2fe3bd0dd750/17bbf2bf-ae32-4e6a-81ce-c7d01c03ea58_1689930603.jpeg?h=225&w=225
311691333,Colgate Max White Ultra Foam Whitening Toothpaste 75Ml,https://www.tesco.com/groceries/en-GB/shop/health-and-beauty/all?department=Toothpaste%2C%20Mouthwash%20%26%20Toothbrush&viewAll=department&page=,£8.00,£10.67/100ml,£4.00 Clubcard Price,,/groceries/en-GB/products/311691333,https://digitalcontent.api.tesco.com/v2/media/ghs/9da3cad5-70a3-4bff-a8cc-e109362e81e1/a3d7912c-581d-46b3-a9b0-88e20964f0d6_1622547728.jpeg?h=225&w=225
261022196,Colgate Kids Battery Toothbrush Barbie,https://www.tesco.com/groceries/en-GB/shop/health-and-beauty/all?department=Toothpaste%2C%20Mouthwash%20%26%20Toothbrush&viewAll=department&page=,£7.00,£7.00/each,,,/groceries/en-GB/products/261022196,https://digitalcontent.api.tesco.com/v2/media/ghs/7353d6e3-2550-4ed8-99cb-6281aad5fa73/d1223b88-e0ff-40cc-a186-c74b81b7034c_108069011.jpeg?h=225&w=225
304781836,Corsodyl Complete Protection Whitening Toothpaste 75Ml,https://www.tesco.com/groceries/en-GB/shop/health-and-beauty/all?department=Toothpaste%2C%20Mouthwash%20%26%20Toothbrush&viewAll=department&page=,£4.50,£6.00/100ml,,,/groceries/en-GB/products/304781836,https://digitalcontent.api.tesco.com/v2/media/ghs/679bac8b-0c8f-4aea-bf04-6005df6c8d2a/a71f1cf3-d219-4765-b556-f9fb64bd0ae3_794481488.jpeg?h=225&w=225
305054302,Oral-B 3D White Therapy Charcoal Toothpaste 75Ml,https://www.tesco.com/groceries/en-GB/shop/health-and-beauty/all?department=Toothpaste%2C%20Mouthwash%20%26%20Toothbrush&viewAll=department&page=,£5.00,£6.67/100ml,,,/groceries/en-GB/products/305054302,https://digitalcontent.api.tesco.com/v2/media/ghs/bccd5db4-5e16-481f-a062-897bb6b72f0c/2c819951-0928-480f-871d-a72804329b85_779381268.jpeg?h=225&w=225
284127577,Colgate Total Advanced Mouthrinse Peppermint 500Ml,https://www.tesco.com/groceries/en-GB/shop/health-and-beauty/all?department=Toothpaste%2C%20Mouthwash%20%26%20Toothbrush&viewAll=department&page=,£5.00,£1.00/100ml,,,/groceries/en-GB/products/284127577,https://digitalcontent.api.tesco.com/v2/media/ghs/8efd1137-3ffd-4723-b1d6-483970b2488a/c04e54ab-e8af-4bf2-954d-377cab561a22_1908283841.jpeg?h=225&w=225
304791398,Colgate Bamboo Charcoal Soft Toothbrush,https://www.tesco.com/groceries/en-GB/shop/health-and-beauty/all?department=Toothpaste%2C%20Mouthwash%20%26%20Toothbrush&viewAll=department&page=,£4.00,£4.00/each,,,/groceries/en-GB/products/304791398,https://digitalcontent.api.tesco.com/v2/media/ghs/9f777d58-8edb-41b0-a186-22f8101bfc2d/cf1b6f23-6cd4-412e-9f3b-f9aa50a5a5cb_1439183606.jpeg?h=225&w=225
301794682,Colgate Natural Extracts Charcoal Plus White Toothpaste 75Ml,https://www.tesco.com/groceries/en-GB/shop/health-and-beauty/all?department=Toothpaste%2C%20Mouthwash%20%26%20Toothbrush&viewAll=department&page=,£4.00,£5.34/100ml,,,/groceries/en-GB/products/301794682,https://digitalcontent.api.tesco.com/v2/media/ghs/b1feae08-068b-43e0-8958-eda20c73fe9c/2295863d-f05f-4684-8133-ffe5ee5d234f_1248034492.jpeg?h=225&w=225
311945414,Oral-B Pro Expert Extra Clean Eco Edition Toothbrush,https://www.tesco.com/groceries/en-GB/shop/health-and-beauty/all?department=Toothpaste%2C%20Mouthwash%20%26%20Toothbrush&viewAll=department&page=,£3.50,£3.50/each,£2.00 Clubcard Price,,/groceries/en-GB/products/311945414,https://digitalcontent.api.tesco.com/v2/media/ghs/6573547a-e353-4a01-ba24-267e94715963/af91ced6-6e7b-4eb4-8f12-41f3fe73215b_1530904107.jpeg?h=225&w=225
274027002,Colgate 360 Max White One Toothbrush Medium,https://www.tesco.com/groceries/en-GB/shop/health-and-beauty/all?department=Toothpaste%2C%20Mouthwash%20%26%20Toothbrush&viewAll=department&page=,£2.95,£2.95/each,,,/groceries/en-GB/products/274027002,https://digitalcontent.api.tesco.com/v2/media/ghs/7e1e1d60-c859-4782-b06a-21b6937d8f55/b65a4afb-22b9-452d-b400-c06f87f35983_214391353.jpeg?h=225&w=225
268100304,Colgate 360 Max White Sonic Power Toothbrush,https://www.tesco.com/groceries/en-GB/shop/health-and-beauty/all?department=Toothpaste%2C%20Mouthwash%20%26%20Toothbrush&viewAll=department&page=,£5.50,£5.50/each,,,/groceries/en-GB/products/268100304,https://digitalcontent.api.tesco.com/v2/media/ghs/1d4feea1-8e75-471d-aa6e-fcea45e1b970/5c11f693-b8e5-44f3-97ad-7640dd37dfb4_133671359.jpeg?h=225&w=225
307344709,Pro Formula Bamboo Toothbrush Medium,https://www.tesco.com/groceries/en-GB/shop/health-and-beauty/all?department=Toothpaste%2C%20Mouthwash%20%26%20Toothbrush&viewAll=department&page=,£1.70,£1.70/each,,,/groceries/en-GB/products/307344709,https://digitalcontent.api.tesco.com/v2/media/ghs/9eab4637-608a-4df6-b09f-afd235e7ab14/904894b3-ee8b-40a3-9ce4-420bb3982949_1604381762.jpeg?h=225&w=225
308840542,Oral-B Gum Repair Whitening Toothpaste 100Ml,https://www.tesco.com/groceries/en-GB/shop/health-and-beauty/all?department=Toothpaste%2C%20Mouthwash%20%26%20Toothbrush&viewAll=department&page=,£3.00,£3.00/100ml,,,/groceries/en-GB/products/308840542,https://digitalcontent.api.tesco.com/v2/media/ghs/d396e306-0790-45de-9281-8473e8ace7a3/a58429e3-9180-47d1-8e73-5a47c1cb5f29_379156780.jpeg?h=225&w=225
304388104,Pro Formula Clean Mint Mouthwash 300Ml,https://www.tesco.com/groceries/en-GB/shop/health-and-beauty/all?department=Toothpaste%2C%20Mouthwash%20%26%20Toothbrush&viewAll=department&page=,£2.00,£0.67/100ml,,,/groceries/en-GB/products/304388104,https://digitalcontent.api.tesco.com/v2/media/ghs/95b0b2b3-e6c8-4553-ad8c-1a11e6fb37d9/b326e3d0-0a96-4098-b9ee-423dd538e5ee_144460311.jpeg?h=225&w=225
300556389,Pro Formula Complete Care Toothbrush 4 Pack,https://www.tesco.com/groceries/en-GB/shop/health-and-beauty/all?department=Toothpaste%2C%20Mouthwash%20%26%20Toothbrush&viewAll=department&page=,£2.50,£0.62/each,,,/groceries/en-GB/products/300556389,https://digitalcontent.api.tesco.com/v2/media/ghs/50685fad-61ae-4ebd-abc3-07c2bbdd0599/e5c2678a-25d1-4258-b6c3-cd59d28f8327_722968160.jpeg?h=225&w=225
277208763,Proformula Interdental Sticks 100'S,https://www.tesco.com/groceries/en-GB/shop/health-and-beauty/all?department=Toothpaste%2C%20Mouthwash%20%26%20Toothbrush&viewAll=department&page=,£1.50,£0.02/each,,,/groceries/en-GB/products/277208763,https://digitalcontent.api.tesco.com/v2/media/ghs/abd35888-c48d-4fd0-b0b2-6dcbc2bb55c7/snapshotimagehandler_106786153.jpeg?h=225&w=225
276878293,Oral-B Complete 5 Way Clean Toothbrush Medium 40,https://www.tesco.com/groceries/en-GB/shop/health-and-beauty/all?department=Toothpaste%2C%20Mouthwash%20%26%20Toothbrush&viewAll=department&page=,£2.00,£2.00/each,,,/groceries/en-GB/products/276878293,https://digitalcontent.api.tesco.com/v2/media/ghs/87597369-ac1a-4f2a-ad34-18abdbbba0aa/939ffb71-0407-45c9-9f22-f9201bf0423d_292146910.jpeg?h=225&w=225
310693396,Pro Formula Alcohol Free Mouthwash Clean Mint 300Ml,https://www.tesco.com/groceries/en-GB/shop/health-and-beauty/all?department=Toothpaste%2C%20Mouthwash%20%26%20Toothbrush&viewAll=department&page=,£2.00,£0.67/100ml,,,/groceries/en-GB/products/310693396,https://digitalcontent.api.tesco.com/v2/media/ghs/1b8f4cd1-0335-47de-8dbb-24cec90499c2/b95f9888-f535-4caf-8c8d-78c6d77504d2_1191938698.jpeg?h=225&w=225
303206478,Oral-B Pro Expert Fresh Breath Toothpaste 75Ml,https://www.tesco.com/groceries/en-GB/shop/health-and-beauty/all?department=Toothpaste%2C%20Mouthwash%20%26%20Toothbrush&viewAll=department&page=,£1.99,£2.66/100ml,,,/groceries/en-GB/products/303206478,https://digitalcontent.api.tesco.com/v2/media/ghs/2cc42007-5d84-4a52-92d7-eeae077f32cb/5245d6b1-0d39-4c41-8227-d1cf2886a621_1254314179.jpeg?h=225&w=225
300556429,Pro Formula Complete Gum Health Toothbrush,https://www.tesco.com/groceries/en-GB/shop/health-and-beauty/all?department=Toothpaste%2C%20Mouthwash%20%26%20Toothbrush&viewAll=department&page=,£1.00,£1.00/each,,,/groceries/en-GB/products/300556429,https://digitalcontent.api.tesco.com/v2/media/ghs/b122cbad-c9e2-4613-846c-24b249c475f2/1fa4f13a-ca09-43cc-9a3a-6268e29f6fec_1803967262.jpeg?h=225&w=225
311795579,Aquafresh Naturals Mint Clean Toothpaste 75Ml,https://www.tesco.com/groceries/en-GB/shop/health-and-beauty/all?department=Toothpaste%2C%20Mouthwash%20%26%20Toothbrush&viewAll=department&page=,£1.50,£2.00/100ml,,,/groceries/en-GB/products/311795579,https://digitalcontent.api.tesco.com/v2/media/ghs/36379121-8a07-43f6-b181-7a59789f2b55/311399c4-05a9-4a87-8877-45679e208bd6_61395822.jpeg?h=225&w=225
310171772,Oral-B Pro Expert Professional Protection Toothpaste 125Ml,https://www.tesco.com/groceries/en-GB/shop/health-and-beauty/all?department=Toothpaste%2C%20Mouthwash%20%26%20Toothbrush&viewAll=department&page=,£4.30,£3.44/100ml,,,/groceries/en-GB/products/310171772,https://digitalcontent.api.tesco.com/v2/media/ghs/67a2c755-7683-41bb-b03b-31a6881ca2d7/7ca06bd8-42c2-48d4-8669-4ef5f17c3085_743859172.jpeg?h=225&w=225
290657009,Colgate Kids Minions Battery Toothbrush,https://www.tesco.com/groceries/en-GB/shop/health-and-beauty/all?department=Toothpaste%2C%20Mouthwash%20%26%20Toothbrush&viewAll=department&page=,£7.00,£7.00/each,£4.00 Clubcard Price,,/groceries/en-GB/products/290657009,https://digitalcontent.api.tesco.com/v2/media/ghs/f55c6e54-48ca-4f0d-aa5c-ea67afd44fd0/00bd5f10-4cac-4b6a-9cce-d87b98304398_1116308614.jpeg?h=225&w=225
309185440,Oral-B Pro 3 3D White Pink Electric Toothbrush,https://www.tesco.com/groceries/en-GB/shop/health-and-beauty/all?department=Toothpaste%2C%20Mouthwash%20%26%20Toothbrush&viewAll=department&page=,£90.00,£90.00/each,,,/groceries/en-GB/products/309185440,https://digitalcontent.api.tesco.com/v2/media/ghs/93797969-2024-4fa2-be9f-7e72d5db938c/034d2d1d-d185-4180-9f58-9adfe66a5be8_277548040.jpeg?h=225&w=225
309185929,Oral-B Pro 3 3900 Twin Pack Electric Toothbrush,https://www.tesco.com/groceries/en-GB/shop/health-and-beauty/all?department=Toothpaste%2C%20Mouthwash%20%26%20Toothbrush&viewAll=department&page=,£140.00,£70.00/each,,,/groceries/en-GB/products/309185929,https://digitalcontent.api.tesco.com/v2/media/ghs/e4cc221f-14b4-459a-be26-629a3a6e313b/d94491d0-d7bf-4bbd-a0f9-cb127b8683d0_53154690.jpeg?h=225&w=225
309203748,Oral-B Pro 3 Cross Action White Electric Toothbrush,https://www.tesco.com/groceries/en-GB/shop/health-and-beauty/all?department=Toothpaste%2C%20Mouthwash%20%26%20Toothbrush&viewAll=department&page=,£90.00,£90.00/each,£39.50 Clubcard Price,,/groceries/en-GB/products/309203748,https://digitalcontent.api.tesco.com/v2/media/ghs/ec264be2-2598-42f3-aebb-7a0a1dbd612b/15dcd11b-8da6-4ee9-86b4-0c2090882551_2089340383.jpeg?h=225&w=225
311796970,Oral-B Vitality Pro Electric Toothbrush Twin Pack 2 Handles,https://www.tesco.com/groceries/en-GB/shop/health-and-beauty/all?department=Toothpaste%2C%20Mouthwash%20%26%20Toothbrush&viewAll=department&page=,£80.00,£40.00/each,£39.00 Clubcard Price,,/groceries/en-GB/products/311796970,https://digitalcontent.api.tesco.com/v2/media/ghs/7785cc33-bc4b-42aa-b522-3d9109b31f0a/e439220d-f4a4-4f3c-b5e0-7248952bc52b_570058942.jpeg?h=225&w=225
309196093,Oral-B Pro 3 Black Cross Action Electric Toothbrush,https://www.tesco.com/groceries/en-GB/shop/health-and-beauty/all?department=Toothpaste%2C%20Mouthwash%20%26%20Toothbrush&viewAll=department&page=,£90.00,£90.00/each,£44.00 Clubcard Price,,/groceries/en-GB/products/309196093,https://digitalcontent.api.tesco.com/v2/media/ghs/206df64c-eaee-488c-9ce3-a0e790286e4c/41aae364-74ae-41eb-a996-eacc72479331_430422026.jpeg?h=225&w=225
309183154,Oral-B Pro 3 3D White Pink Electric Toothbrush & Case,https://www.tesco.com/groceries/en-GB/shop/health-and-beauty/all?department=Toothpaste%2C%20Mouthwash%20%26%20Toothbrush&viewAll=department&page=,£90.00,£90.00/each,£44.00 Clubcard Price,,/groceries/en-GB/products/309183154,https://digitalcontent.api.tesco.com/v2/media/ghs/d5b86009-a428-45f9-8c3f-cd199d5cb048/86739141-a2b3-4be8-bde2-754649f58eb5_1692200230.jpeg?h=225&w=225
308096374,Oral-B Floss Action Replacement Electric Toothbrush Heads X5,https://www.tesco.com/groceries/en-GB/shop/health-and-beauty/all?department=Toothpaste%2C%20Mouthwash%20%26%20Toothbrush&viewAll=department&page=,£29.40,£5.88/each,,,/groceries/en-GB/products/308096374,https://digitalcontent.api.tesco.com/v2/media/ghs/4a7bdb58-cd47-4aa6-ac98-fa4610cb1f22/fb0ad243-0f2c-439d-a346-77f93078fddc_1741582837.jpeg?h=225&w=225
305049885,Oral-B Smart 4 4500 Black Edition With Travel Case,https://www.tesco.com/groceries/en-GB/shop/health-and-beauty/all?department=Toothpaste%2C%20Mouthwash%20%26%20Toothbrush&viewAll=department&page=,£130.00,£130.00/each,£50.00 Clubcard Price,,/groceries/en-GB/products/305049885,https://digitalcontent.api.tesco.com/v2/media/ghs/bc91aa3a-e6ed-4268-8345-260c16b6c168/19569b35-7e96-46f4-ad80-5fd9dc31cdc2_182276920.jpeg?h=225&w=225
277959046,Oral-B Pro 1 3D White Blue Electric Toothbrush,https://www.tesco.com/groceries/en-GB/shop/health-and-beauty/all?department=Toothpaste%2C%20Mouthwash%20%26%20Toothbrush&viewAll=department&page=,£60.00,£60.00/each,,,/groceries/en-GB/products/277959046,https://digitalcontent.api.tesco.com/v2/media/ghs/67081bef-edab-4aac-b30d-230eb8cc1179/070426d6-fd3c-43ef-b62c-2aa047a528c0_1138955473.jpeg?h=225&w=225
311806637,Oral-B Vitality Pro Lilac Electric Toothbrush,https://www.tesco.com/groceries/en-GB/shop/health-and-beauty/all?department=Toothpaste%2C%20Mouthwash%20%26%20Toothbrush&viewAll=department&page=,£50.00,£50.00/each,£25.00 Clubcard Price,,/groceries/en-GB/products/311806637,https://digitalcontent.api.tesco.com/v2/media/ghs/709dc7fd-29c0-4d01-8df7-3263c0ca0b60/d441e7a1-f587-4490-9b29-42102a1dbf97_1251900936.jpeg?h=225&w=225
298512376,Oral-B Pro 1 3D White Pink Electric Toothbrush & Case,https://www.tesco.com/groceries/en-GB/shop/health-and-beauty/all?department=Toothpaste%2C%20Mouthwash%20%26%20Toothbrush&viewAll=department&page=,£60.00,£60.00/each,£30.00 Clubcard Price,,/groceries/en-GB/products/298512376,https://digitalcontent.api.tesco.com/v2/media/ghs/40846e64-b615-4cee-936b-9a3b6af208cc/83a1e168-b9dc-4894-a753-cba793143304_1016571068.jpeg?h=225&w=225
311682281,Oral-B Kids 3+ Lightyear Electric Toothbrush,https://www.tesco.com/groceries/en-GB/shop/health-and-beauty/all?department=Toothpaste%2C%20Mouthwash%20%26%20Toothbrush&viewAll=department&page=,£40.00,£40.00/each,,,/groceries/en-GB/products/311682281,https://digitalcontent.api.tesco.com/v2/media/ghs/96372eaf-5b02-432b-91d1-2df02cc6535a/cc14b421-d765-4e93-b01b-348734920578_600321080.jpeg?h=225&w=225
298512232,Oral-B Pro 1 Crossaction Electric Toothbrush & Case,https://www.tesco.com/groceries/en-GB/shop/health-and-beauty/all?department=Toothpaste%2C%20Mouthwash%20%26%20Toothbrush&viewAll=department&page=,£60.00,£60.00/each,£30.00 Clubcard Price,,/groceries/en-GB/products/298512232,https://digitalcontent.api.tesco.com/v2/media/ghs/ad72fa27-02b5-4a24-865e-3258b1846f3c/c1f20b83-18bf-41a5-98ca-4965634a562c_847254356.jpeg?h=225&w=225
285794202,Oral-B Vitality+ 2 Heads Electric Toothbrush,https://www.tesco.com/groceries/en-GB/shop/health-and-beauty/all?department=Toothpaste%2C%20Mouthwash%20%26%20Toothbrush&viewAll=department&page=,£40.00,£40.00/each,,,/groceries/en-GB/products/285794202,https://digitalcontent.api.tesco.com/v2/media/ghs/78c2943e-0893-4a18-8d4e-92e824b8c6ba/41795e6d-23f5-43c5-8718-667b8176ac04_1097667712.jpeg?h=225&w=225
285794320,Oral-B Vitality Plus Crossaction Electric Toothbrush,https://www.tesco.com/groceries/en-GB/shop/health-and-beauty/all?department=Toothpaste%2C%20Mouthwash%20%26%20Toothbrush&viewAll=department&page=,£40.00,£40.00/each,,,/groceries/en-GB/products/285794320,https://digitalcontent.api.tesco.com/v2/media/ghs/030da05c-69f2-4925-befd-ac6e8849827a/b5ee4de7-ab36-488e-a6b9-feee90282309_1731106625.jpeg?h=225&w=225
308108333,Oral-B Sensitive Clean Replacement Electric Toothbrush Heads X5,https://www.tesco.com/groceries/en-GB/shop/health-and-beauty/all?department=Toothpaste%2C%20Mouthwash%20%26%20Toothbrush&viewAll=department&page=,£29.40,£5.88/each,,,/groceries/en-GB/products/308108333,https://digitalcontent.api.tesco.com/v2/media/ghs/60ffc3c5-6b95-4293-930b-bedbd143aa8c/ebd4c407-9dcb-493c-a8f7-62dfd951b810_2146276012.jpeg?h=225&w=225
291377615,Oral-B Frozen Kids 3+ Electric Toothbrush,https://www.tesco.com/groceries/en-GB/shop/health-and-beauty/all?department=Toothpaste%2C%20Mouthwash%20%26%20Toothbrush&viewAll=department&page=,£40.00,£40.00/each,£20.00 Clubcard Price,,/groceries/en-GB/products/291377615,https://digitalcontent.api.tesco.com/v2/media/ghs/12bfe829-6855-41e9-9a98-edbf194b6884/9f424583-99cf-4772-b0fb-1effa6a4e227_1670037009.jpeg?h=225&w=225
308105463,Colgate Link Aluminium Deep Clean Toothbrush,https://www.tesco.com/groceries/en-GB/shop/health-and-beauty/all?department=Toothpaste%2C%20Mouthwash%20%26%20Toothbrush&viewAll=department&page=,£20.00,£20.00/each,,,/groceries/en-GB/products/308105463,https://digitalcontent.api.tesco.com/v2/media/ghs/8cd9a422-a035-49e1-b0a9-d7bd82cac151/c8bb719e-6061-4fdc-8054-6086aa0a835b_1749078947.jpeg?h=225&w=225
309175740,Oral-B 3Yrs Plus Spiderman Electric Toothbrush,https://www.tesco.com/groceries/en-GB/shop/health-and-beauty/all?department=Toothpaste%2C%20Mouthwash%20%26%20Toothbrush&viewAll=department&page=,£40.00,£40.00/each,£20.00 Clubcard Price,,/groceries/en-GB/products/309175740,https://digitalcontent.api.tesco.com/v2/media/ghs/7374d5bb-299b-4014-9cdb-20c81daa88cf/e14d85bb-141d-4848-842b-c871c2b30c17_2027260308.jpeg?h=225&w=225
309482261,Oral-B 3D Whitening Power Fresh Toothpaste 70Ml,https://www.tesco.com/groceries/en-GB/shop/health-and-beauty/all?department=Toothpaste%2C%20Mouthwash%20%26%20Toothbrush&viewAll=department&page=,£16.00,£22.86/100ml,,,/groceries/en-GB/products/309482261,https://digitalcontent.api.tesco.com/v2/media/ghs/1eeac5b8-b2dc-421d-96da-1f7369fc3bb6/4a93e75e-c13a-4e22-91be-f865c584381c_913702947.jpeg?h=225&w=225
308093066,Pro Formula 8 Replacement Brush Heads,https://www.tesco.com/groceries/en-GB/shop/health-and-beauty/all?department=Toothpaste%2C%20Mouthwash%20%26%20Toothbrush&viewAll=department&page=,£12.60,£1.58/each,,,/groceries/en-GB/products/308093066,https://digitalcontent.api.tesco.com/v2/media/ghs/a10ccfc8-550c-42e3-95a9-e4951bc786c3/7e65dd14-1d26-471b-9c9e-a75a0530f7a4_725756803.jpeg?h=225&w=225
310172120,Philips One Battery Toothbrush Blue Hy1100/04,https://www.tesco.com/groceries/en-GB/shop/health-and-beauty/all?department=Toothpaste%2C%20Mouthwash%20%26%20Toothbrush&viewAll=department&page=,£30.00,£30.00/each,,,/groceries/en-GB/products/310172120,https://digitalcontent.api.tesco.com/v2/media/ghs/cedf686f-1523-4343-aa5b-094071b8aaca/aba8df2c-a8cd-47ee-8692-b14d572176bf_2023558831.jpeg?h=225&w=225
311274257,Oral-B Cross Action Black Electric Toothbrush Head 5 Pack,https://www.tesco.com/groceries/en-GB/shop/health-and-beauty/all?department=Toothpaste%2C%20Mouthwash%20%26%20Toothbrush&viewAll=department&page=,£28.00,£5.60/each,£13.50 Clubcard Price,,/groceries/en-GB/products/311274257,https://digitalcontent.api.tesco.com/v2/media/ghs/d56ca107-3a52-4a26-9574-e3a2f6ab1ee9/2e4bc210-f4eb-4760-83c3-951cbba95c18_2027887693.jpeg?h=225&w=225
309191334,Oral-B Kids 3+ Frozen Electric Toothbrush Replacement Heads 4 Pack,https://www.tesco.com/groceries/en-GB/shop/health-and-beauty/all?department=Toothpaste%2C%20Mouthwash%20%26%20Toothbrush&viewAll=department&page=,£14.00,£3.50/each,,,/groceries/en-GB/products/309191334,https://digitalcontent.api.tesco.com/v2/media/ghs/76bbf1c0-56fb-4c86-97ec-6695e9ee3b0f/754583c1-23fe-4c39-b9ec-3673964bbe83_509209006.jpeg?h=225&w=225
298822182,Tesco Pro Formula Electric Toothbrush,https://www.tesco.com/groceries/en-GB/shop/health-and-beauty/all?department=Toothpaste%2C%20Mouthwash%20%26%20Toothbrush&viewAll=department&page=,£15.00,£15.00/each,,,/groceries/en-GB/products/298822182,https://digitalcontent.api.tesco.com/v2/media/ghs/d71712d6-ac1c-46fa-8d77-c813041e45ad/fb1124f1-bce9-4ec4-ab44-d6a282c4b102_1429425711.jpeg?h=225&w=225
311666067,Oral-B Kids 3+ Lightyear Electric Toothbrush Heads X4,https://www.tesco.com/groceries/en-GB/shop/health-and-beauty/all?department=Toothpaste%2C%20Mouthwash%20%26%20Toothbrush&viewAll=department&page=,£14.00,£3.50/each,,,/groceries/en-GB/products/311666067,https://digitalcontent.api.tesco.com/v2/media/ghs/329f1c4f-2ef4-4339-be26-0ce79060b3ab/df0572b0-67ed-4966-8226-df410c3506f1_327396860.jpeg?h=225&w=225
308865039,Oral-B Kids 3+Yr Spiderman Electric Replacement Heads 4 Pack,https://www.tesco.com/groceries/en-GB/shop/health-and-beauty/all?department=Toothpaste%2C%20Mouthwash%20%26%20Toothbrush&viewAll=department&page=,£14.00,£3.50/each,,,/groceries/en-GB/products/308865039,https://digitalcontent.api.tesco.com/v2/media/ghs/8000d4b2-61d9-48b9-9ca3-8c8afa539f7f/131cc978-f51f-4229-a107-cabcc9a0a612_548702483.jpeg?h=225&w=225
310104974,Colgate Max White Overnight Whitening Pen 2.5Ml,https://www.tesco.com/groceries/en-GB/shop/health-and-beauty/all?department=Toothpaste%2C%20Mouthwash%20%26%20Toothbrush&viewAll=department&page=,£20.00,£800.00/100ml,£10.00 Clubcard Price,,/groceries/en-GB/products/310104974,https://digitalcontent.api.tesco.com/v2/media/ghs/7418b6a9-a319-45d4-b7da-761532c96465/784978d8-6939-4cc8-8c46-99ff74770727_420952864.jpeg?h=225&w=225
298907520,Pro Formula Sensitive Replacement Brush Heads 4Pkk,https://www.tesco.com/groceries/en-GB/shop/health-and-beauty/all?department=Toothpaste%2C%20Mouthwash%20%26%20Toothbrush&viewAll=department&page=,£10.00,£2.50/each,,,/groceries/en-GB/products/298907520,https://digitalcontent.api.tesco.com/v2/media/ghs/7f969cff-dfd7-4fbb-8819-c6a3b13aba79/8da6a3b8-08b7-4f2b-bad2-b6a8fd17e5af_1686214154.jpeg?h=225&w=225
301073781,Pro Formula Teeth Whitening Strips 14 X 2,https://www.tesco.com/groceries/en-GB/shop/health-and-beauty/all?department=Toothpaste%2C%20Mouthwash%20%26%20Toothbrush&viewAll=department&page=,£9.50,£0.68/each,,,/groceries/en-GB/products/301073781,https://digitalcontent.api.tesco.com/v2/media/ghs/b5082f86-06fa-4144-ba21-083b472fc072/8d826333-25cf-4434-b3a2-91497e4c9ac9_1420883076.jpeg?h=225&w=225
308100508,Oral-B Black Cross Action Replacement Electric Toothbrush Heads 2,https://www.tesco.com/groceries/en-GB/shop/health-and-beauty/all?department=Toothpaste%2C%20Mouthwash%20%26%20Toothbrush&viewAll=department&page=,£11.00,£5.50/each,,,/groceries/en-GB/products/308100508,https://digitalcontent.api.tesco.com/v2/media/ghs/9aa0e3b3-b3c9-45a1-9070-9550f827fdef/1c3163fb-54df-4394-badd-20edfa85b2e3_1781468994.jpeg?h=225&w=225
308092666,Oral-B Cross Action Toothbrush Replacement Heads 2 Pack,https://www.tesco.com/groceries/en-GB/shop/health-and-beauty/all?department=Toothpaste%2C%20Mouthwash%20%26%20Toothbrush&viewAll=department&page=,£11.00,£5.50/each,,,/groceries/en-GB/products/308092666,https://digitalcontent.api.tesco.com/v2/media/ghs/435c2a90-5b53-4538-b8b6-ab8da689c6cd/78ed527c-a229-4e7d-8137-703b97193a08_1445429036.jpeg?h=225&w=225
308092159,Colgate Link Deep Clean Toothbrush Replacement Heads 2Pack,https://www.tesco.com/groceries/en-GB/shop/health-and-beauty/all?department=Toothpaste%2C%20Mouthwash%20%26%20Toothbrush&viewAll=department&page=,£7.00,£3.50/each,,,/groceries/en-GB/products/308092159,https://digitalcontent.api.tesco.com/v2/media/ghs/fede2196-b39e-4b99-bf42-a47426c28a18/0d18c926-5e2c-473a-84a6-3b2c7fb0ecc7_1807820776.jpeg?h=225&w=225
298179165,Pro Formula Complete Whitening 4 Brush Heads,https://www.tesco.com/groceries/en-GB/shop/health-and-beauty/all?department=Toothpaste%2C%20Mouthwash%20%26%20Toothbrush&viewAll=department&page=,£9.00,£2.25/each,,,/groceries/en-GB/products/298179165,https://digitalcontent.api.tesco.com/v2/media/ghs/3efb25c4-d363-424c-9983-029494c05658/9d2a9965-42e7-4bc0-895f-65883b533520_1392140366.jpeg?h=225&w=225
306938678,Pro Formula Bamboo Toothbrush 2 Pack,https://www.tesco.com/groceries/en-GB/shop/health-and-beauty/all?department=Toothpaste%2C%20Mouthwash%20%26%20Toothbrush&viewAll=department&page=,£4.20,£2.10/each,,,/groceries/en-GB/products/306938678,https://digitalcontent.api.tesco.com/v2/media/ghs/9d7993e2-44d2-4138-9ad3-f1ca284a23ae/d91d2718-7b17-4fad-b034-91ee4db30a6c_1889876101.jpeg?h=225&w=225
310692374,Colgate 360 Sonic Max White Soft Battery Toothbrush,https://www.tesco.com/groceries/en-GB/shop/health-and-beauty/all?department=Toothpaste%2C%20Mouthwash%20%26%20Toothbrush&viewAll=department&page=,£14.00,£14.00/each,,,/groceries/en-GB/products/310692374,https://digitalcontent.api.tesco.com/v2/media/ghs/2c6315da-eea8-441a-aa77-a1f3499110a9/25ac654d-0bec-493e-ad21-8d97f5564661_298714734.jpeg?h=225&w=225
304785135,Colgate Bamboo Toothbrush 2 Pack,https://www.tesco.com/groceries/en-GB/shop/health-and-beauty/all?department=Toothpaste%2C%20Mouthwash%20%26%20Toothbrush&viewAll=department&page=,£6.00,£3.00/each,,,/groceries/en-GB/products/304785135,https://digitalcontent.api.tesco.com/v2/media/ghs/9167cbd1-6c2e-47ab-aad5-4b0ab258bb13/96aeb75b-c5ee-40a2-96a8-42809b0d180a_547265030.jpeg?h=225&w=225
302269813,Dabur Herbal Charcoal Toothpaste 100Ml,https://www.tesco.com/groceries/en-GB/shop/health-and-beauty/all?department=Toothpaste%2C%20Mouthwash%20%26%20Toothbrush&viewAll=department&page=,£3.00,£3.00/100ml,,,/groceries/en-GB/products/302269813,https://digitalcontent.api.tesco.com/v2/media/ghs/0d5f45b1-4e7a-49e5-b563-3b0a3970aeef/1d5a372b-06ba-44da-a9f1-5a39ee4b5a95_332398603.jpeg?h=225&w=225
310137353,Sensodyne Pronamel Mineral Boost Infused With Peppermint 75Ml,https://www.tesco.com/groceries/en-GB/shop/health-and-beauty/all?department=Toothpaste%2C%20Mouthwash%20%26%20Toothbrush&viewAll=department&page=,£4.50,£6.00/100ml,,,/groceries/en-GB/products/310137353,https://digitalcontent.api.tesco.com/v2/media/ghs/51731e63-b85c-44f6-a600-094866f5f0be/388c1284-a763-4c5a-9717-644c157acd82_1356658214.jpeg?h=225&w=225
308102529,Colgate Recyclean Medium Toothbrush,https://www.tesco.com/groceries/en-GB/shop/health-and-beauty/all?department=Toothpaste%2C%20Mouthwash%20%26%20Toothbrush&viewAll=department&page=,£3.50,£3.50/each,,,/groceries/en-GB/products/308102529,https://digitalcontent.api.tesco.com/v2/media/ghs/e40990cc-e0e7-4654-b153-0c218e0a4a1b/776deda1-c637-45f6-8564-5317c21c9c08_1485893053.jpeg?h=225&w=225
254344929,Dabur Herbal Neem Toothpaste 100Ml,https://www.tesco.com/groceries/en-GB/shop/health-and-beauty/all?department=Toothpaste%2C%20Mouthwash%20%26%20Toothbrush&viewAll=department&page=,£2.50,£2.50/100ml,,,/groceries/en-GB/products/254344929,https://digitalcontent.api.tesco.com/v2/media/ghs/491b93e3-652a-47b0-87c9-cf67da6c3268/b180f00d-3c7c-4bb1-952c-62efb70135f4_951091104.jpeg?h=225&w=225
311802503,Aquafresh Naturals Herbal Fresh Toothpaste 75Ml,https://www.tesco.com/groceries/en-GB/shop/health-and-beauty/all?department=Toothpaste%2C%20Mouthwash%20%26%20Toothbrush&viewAll=department&page=,£1.50,£2.00/100ml,,,/groceries/en-GB/products/311802503,https://digitalcontent.api.tesco.com/v2/media/ghs/643a4fd8-cc9a-4ca0-b2b3-84612c1270eb/f5ae1f51-b0aa-4436-b049-41f9d8c2fa53_1062593999.jpeg?h=225&w=225
268422073,Tena Lady Maxi Night 6,https://www.tesco.com/groceries/en-GB/shop/health-and-beauty/all?department=Women%27s%20Toiletries&viewAll=department&page=,£2.50,£0.42/each,Any 3 for £6.75 Clubcard Price - Selected Tena Femcare Products 6 - 26 Pack,,/groceries/en-GB/products/268422073,https://digitalcontent.api.tesco.com/v2/media/ghs/f4acbc9e-9828-481c-bc24-cee941254ec6/6232dc04-f76c-4a34-b741-9e861564d49a_1994947126.jpeg?h=225&w=225
279906066,Tena Lady Extra Plus 8,https://www.tesco.com/groceries/en-GB/shop/health-and-beauty/all?department=Women%27s%20Toiletries&viewAll=department&page=,£2.50,£0.31/each,Any 3 for £6.75 Clubcard Price - Selected Tena Femcare Products 6 - 26 Pack,,/groceries/en-GB/products/279906066,https://digitalcontent.api.tesco.com/v2/media/ghs/05b97b5b-94ea-41c8-8f05-13a50285f84e/343c1a22-1087-43ed-b35e-b34f405addaa_195611732.jpeg?h=225&w=225
284125809,Always Discreet Long Plus Incontinence Pads 8 Pack,https://www.tesco.com/groceries/en-GB/shop/health-and-beauty/all?department=Women%27s%20Toiletries&viewAll=department&page=,£2.50,£0.31/each,Any 2 for £4.50 Clubcard Price - Selected Always Discreet Incontinence Pads 8 - 20 Pack,,/groceries/en-GB/products/284125809,https://digitalcontent.api.tesco.com/v2/media/ghs/20f02a2c-6909-4088-8493-7243fd61b640/ea34f6ef-a973-419f-9210-139e2912c1d6_1254849527.jpeg?h=225&w=225
253158587,Tena Lady Extra Bladder Weakness Pads 10 Pack,https://www.tesco.com/groceries/en-GB/shop/health-and-beauty/all?department=Women%27s%20Toiletries&viewAll=department&page=,£2.50,£0.25/each,Any 3 for £6.75 Clubcard Price - Selected Tena Femcare Products 6 - 26 Pack,,/groceries/en-GB/products/253158587,https://digitalcontent.api.tesco.com/v2/media/ghs/92f5a1e7-aab3-48db-afc7-70fd465b464b/116133a7-c023-4826-836e-e439f6bc49f3_318126787.jpeg?h=225&w=225
295337542,Tena Lady Discreet Normal X12,https://www.tesco.com/groceries/en-GB/shop/health-and-beauty/all?department=Women%27s%20Toiletries&viewAll=department&page=,£2.50,£0.21/each,Any 3 for £6.75 Clubcard Price - Selected Tena Femcare Products 6 - 26 Pack,,/groceries/en-GB/products/295337542,https://digitalcontent.api.tesco.com/v2/media/ghs/4a35fc43-65de-4a0b-aedc-0e0da9e01547/ae150557-8816-41d2-b794-a36014b83e4a_1022465009.jpeg?h=225&w=225
284127329,Always Discreet Normal Bladder Weakness Pads 12 Pack,https://www.tesco.com/groceries/en-GB/shop/health-and-beauty/all?department=Women%27s%20Toiletries&viewAll=department&page=,£2.50,£0.21/each,Any 2 for £4.50 Clubcard Price - Selected Always Discreet Incontinence Pads 8 - 20 Pack,,/groceries/en-GB/products/284127329,https://digitalcontent.api.tesco.com/v2/media/ghs/b0e37cac-9828-4f6a-8111-1fb78f04ddb1/366e3015-6e2e-408e-b404-6e4f45c34689_138341418.jpeg?h=225&w=225
280574180,Tesco Incontinence Pads Extra Plus X8,https://www.tesco.com/groceries/en-GB/shop/health-and-beauty/all?department=Women%27s%20Toiletries&viewAll=department&page=,£1.55,£0.19/each,,,/groceries/en-GB/products/280574180,https://digitalcontent.api.tesco.com/v2/media/ghs/31c95053-3af3-4dd7-8897-1b0a36917310/9122b291-5279-428d-96c3-f9d8e2f5b728_191148332.jpeg?h=225&w=225
265019331,Tesco Large Oval Cotton Wool Pads Double Faced 50,https://www.tesco.com/groceries/en-GB/shop/health-and-beauty/all?department=Women%27s%20Toiletries&viewAll=department&page=,£1.85,£0.04/each,,,/groceries/en-GB/products/265019331,https://digitalcontent.api.tesco.com/v2/media/ghs/4c337900-6212-409a-91b0-976e9411e706/5ee98062-f84e-4366-be11-d3b687fe5f70_1882800791.jpeg?h=225&w=225
312232778,Always Dailies Long Plus Panty Liners 48 Pack,https://www.tesco.com/groceries/en-GB/shop/health-and-beauty/all?department=Women%27s%20Toiletries&viewAll=department&page=,£2.80,£0.06/each,Any 2 for £5 Clubcard Price - Selected Always Dailies Panty Liners 48 - 68 Pack,,/groceries/en-GB/products/312232778,https://digitalcontent.api.tesco.com/v2/media/ghs/51ccdea2-283d-446e-abb2-270bdf57a902/fa610de2-c87a-482e-ad5b-ff7d31155801_991590227.jpeg?h=225&w=225
268421391,Lights By Tena Bladder Weakness Liners 24 Pack,https://www.tesco.com/groceries/en-GB/shop/health-and-beauty/all?department=Women%27s%20Toiletries&viewAll=department&page=,£2.00,£0.08/each,Any 2 for £3.50 Clubcard Price - Selected Lights By Tena Liners 20 - 28 Pack,,/groceries/en-GB/products/268421391,https://digitalcontent.api.tesco.com/v2/media/ghs/cd0d4ad0-a532-45aa-a737-82cb9d999738/a373463b-248c-4c2a-8092-64b7e9f7e4e1_1173339829.jpeg?h=225&w=225
264422839,Tesco Cotton Wool Double Faced Pads 100,https://www.tesco.com/groceries/en-GB/shop/health-and-beauty/all?department=Women%27s%20Toiletries&viewAll=department&page=,£1.25,£0.01/each,,,/groceries/en-GB/products/264422839,https://digitalcontent.api.tesco.com/v2/media/ghs/854f3423-558f-4f3a-b5cd-2cfd346d5d4e/99439ef9-35bd-4a47-be5c-98569643c9ef_2006186854.jpeg?h=225&w=225
272234468,Lights By Tena Long Bladder Weakness Liners 20 Pack,https://www.tesco.com/groceries/en-GB/shop/health-and-beauty/all?department=Women%27s%20Toiletries&viewAll=department&page=,£2.00,£0.10/each,Any 2 for £3.50 Clubcard Price - Selected Lights By Tena Liners 20 - 28 Pack,,/groceries/en-GB/products/272234468,https://digitalcontent.api.tesco.com/v2/media/ghs/63d5f31b-df1d-4dd4-9f60-297851097a00/84a434a5-c498-429d-b265-fb6a3ce484df_2080134974.jpeg?h=225&w=225
259123688,Bodyform Ultra Normal Wing Sanitary Towels 14 Pack,https://www.tesco.com/groceries/en-GB/shop/health-and-beauty/all?department=Women%27s%20Toiletries&viewAll=department&page=,£1.30,£0.09/each,Any 3 for £3.20 Clubcard Price - Selected Bodyform Femcare Products 10 - 34 Pack,,/groceries/en-GB/products/259123688,https://digitalcontent.api.tesco.com/v2/media/ghs/8bb61744-8d4d-4488-b005-b6289cf38380/1649edd7-c330-4e06-89c9-b7d65c2d26d3_1203506483.jpeg?h=225&w=225
259502580,Bodyform Ultra Goodnight Sanitary Towels 10 Pack,https://www.tesco.com/groceries/en-GB/shop/health-and-beauty/all?department=Women%27s%20Toiletries&viewAll=department&page=,£1.30,£0.13/each,Any 3 for £3.20 Clubcard Price - Selected Bodyform Femcare Products 10 - 34 Pack,,/groceries/en-GB/products/259502580,https://digitalcontent.api.tesco.com/v2/media/ghs/4e8b960b-6307-40db-8abc-fc723fa5c9ee/b8e8ec17-782a-4880-a720-90080a6435a0_1350124278.jpeg?h=225&w=225
259123613,Bodyform Ultra Super Wing Sanitary Towels 12 Pack,https://www.tesco.com/groceries/en-GB/shop/health-and-beauty/all?department=Women%27s%20Toiletries&viewAll=department&page=,£1.30,£0.11/each,Any 3 for £3.20 Clubcard Price - Selected Bodyform Femcare Products 10 - 34 Pack,,/groceries/en-GB/products/259123613,https://digitalcontent.api.tesco.com/v2/media/ghs/9f3b55fc-e4cb-49b7-bd9b-fdd3a0a7bbbf/98b587bc-82b3-422a-b556-5e53dacbbe36_66434421.jpeg?h=225&w=225
253955634,Bodyform Ultra Normal Sanitary Towels 16 Pack,https://www.tesco.com/groceries/en-GB/shop/health-and-beauty/all?department=Women%27s%20Toiletries&viewAll=department&page=,£1.30,£0.08/each,Any 3 for £3.20 Clubcard Price - Selected Bodyform Femcare Products 10 - 34 Pack,,/groceries/en-GB/products/253955634,https://digitalcontent.api.tesco.com/v2/media/ghs/53a04178-5ccb-423b-b68e-90b325067ccb/d9bd6e90-029f-4880-965f-da2f89383d45_245170011.jpeg?h=225&w=225
304393126,Andrex Ultra Care Flushable Washlet 36 Wipes,https://www.tesco.com/groceries/en-GB/shop/health-and-beauty/all?department=Women%27s%20Toiletries&viewAll=department&page=,£1.75,£4.87/100sht,,,/groceries/en-GB/products/304393126,https://digitalcontent.api.tesco.com/v2/media/ghs/df5cc4e8-8ae1-4077-86b2-fc94403ece7b/4f313638-5a95-4644-8b04-69255ce3ef37_1813558990.jpeg?h=225&w=225
305736947,Tesco Kind&Pure 20 Biodegradable Facial Cleansing Wipes,https://www.tesco.com/groceries/en-GB/shop/health-and-beauty/all?department=Women%27s%20Toiletries&viewAll=department&page=,£1.00,£5.00/100sht,,,/groceries/en-GB/products/305736947,https://digitalcontent.api.tesco.com/v2/media/ghs/0c5eccb0-841a-4ec7-9fb2-afcd2281f582/49aa33f7-15da-4134-8181-b9e8ca4de8f5_1787994497.jpeg?h=225&w=225
305734195,Tesco Kind & Pure Biodegradable Facial Wipes 20 Pack,https://www.tesco.com/groceries/en-GB/shop/health-and-beauty/all?department=Women%27s%20Toiletries&viewAll=department&page=,£1.00,£5.00/100sht,,,/groceries/en-GB/products/305734195,https://digitalcontent.api.tesco.com/v2/media/ghs/fa48d4b4-a79a-4b2d-9fd0-14e9d1572b3b/d0f98f2f-64ac-4293-8d58-58f73cc7c10d_222453134.jpeg?h=225&w=225
268179896,Nivea Black & White Clear Antiperspirant Deodorant 250Ml,https://www.tesco.com/groceries/en-GB/shop/health-and-beauty/all?department=Women%27s%20Toiletries&viewAll=department&page=,£1.85,£0.74/100ml,,,/groceries/en-GB/products/268179896,https://digitalcontent.api.tesco.com/v2/media/ghs/dc430080-e610-441b-97e1-dbcebdbd6ab5/45f5682d-0007-4429-b3e8-ff677298aa1a.jpeg?h=225&w=225
268153546,Sure Women Bright Antiperspirant Deodorant 250Ml,https://www.tesco.com/groceries/en-GB/shop/health-and-beauty/all?department=Women%27s%20Toiletries&viewAll=department&page=,£1.75,£0.70/100ml,Aldi Price Match,,/groceries/en-GB/products/268153546,https://digitalcontent.api.tesco.com/v2/media/ghs/4488cd88-7d9a-420c-a8b7-ad5ea6d55e1c/3c00771c-b90e-4d97-ae3a-501adb7832a9.jpeg?h=225&w=225
305732767,Tesco Luxury Soft Coconut Oil 40 Flushable Wipes,https://www.tesco.com/groceries/en-GB/shop/health-and-beauty/all?department=Women%27s%20Toiletries&viewAll=department&page=,£0.65,£1.63/100sht,,,/groceries/en-GB/products/305732767,https://digitalcontent.api.tesco.com/v2/media/ghs/4edf7717-40c5-4c7b-8144-0c4275d56003/a427ae77-7cef-4b8d-9489-5f96729428a2_1897935188.jpeg?h=225&w=225
305730061,Tesco Luxury Soft Spring Fresh 40 Flushable Wipes,https://www.tesco.com/groceries/en-GB/shop/health-and-beauty/all?department=Women%27s%20Toiletries&viewAll=department&page=,£0.65,£1.63/100sht,,,/groceries/en-GB/products/305730061,https://digitalcontent.api.tesco.com/v2/media/ghs/e7aaa9ec-97eb-49ef-9d13-6298e66ad741/bba86dfc-f23b-45f2-b7ce-d1652175f028_696154144.jpeg?h=225&w=225
263746475,Dove Invisible Dry Antiperspirant Deodorant 250Ml,https://www.tesco.com/groceries/en-GB/shop/health-and-beauty/all?department=Women%27s%20Toiletries&viewAll=department&page=,£2.00,£0.80/100ml,,,/groceries/en-GB/products/263746475,https://digitalcontent.api.tesco.com/v2/media/ghs/757f2450-addf-47ff-8acf-ecf8c1e0bfd7/27de5602-eaa2-4687-9ceb-a233e89b1b2f.jpeg?h=225&w=225
305728871,Tesco Luxury Soft Sensitive 40 Flushable Wipes,https://www.tesco.com/groceries/en-GB/shop/health-and-beauty/all?department=Women%27s%20Toiletries&viewAll=department&page=,£0.65,£1.63/100sht,,,/groceries/en-GB/products/305728871,https://digitalcontent.api.tesco.com/v2/media/ghs/ee9770cc-313c-4275-b1c3-dec4f7afbe13/2e184aac-6663-4b07-8211-fc76139d4def_996866615.jpeg?h=225&w=225
312572006,Always Ultra Secure Night Size 4 Sanitary Towels Wing 20 Pack,https://www.tesco.com/groceries/en-GB/shop/health-and-beauty/all?department=Women%27s%20Toiletries&viewAll=department&page=,£3.06,£0.15/each,Any 2 for £5.40 Clubcard Price - Selected Always Ultra Sanitary Towels 18 - 30 Pack,,/groceries/en-GB/products/312572006,https://digitalcontent.api.tesco.com/v2/media/ghs/036ef64c-a545-432c-bdcd-68b68b73e43a/2a4b9d5c-9800-419f-8524-46ec05c192ac_1838826006.jpeg?h=225&w=225
305055226,Dove Nourishing Secret Antiperspirant Deodorant Coconut & Jasmine 250Ml,https://www.tesco.com/groceries/en-GB/shop/health-and-beauty/all?department=Women%27s%20Toiletries&viewAll=department&page=,£2.00,£0.80/100ml,,,/groceries/en-GB/products/305055226,https://digitalcontent.api.tesco.com/v2/media/ghs/814dcb1d-1887-4d70-88e0-e2e2a686aa24/ef115e7c-7f95-440f-9062-446dfb95f4d7_427412388.jpeg?h=225&w=225
271327850,Dove Go Fresh Pomegranate Antiperspirant Deodorant 250Ml,https://www.tesco.com/groceries/en-GB/shop/health-and-beauty/all?department=Women%27s%20Toiletries&viewAll=department&page=,£2.00,£0.80/100ml,,,/groceries/en-GB/products/271327850,https://digitalcontent.api.tesco.com/v2/media/ghs/ff26b6cf-a0f1-4b17-902d-3eeebdac7146/b124e6a5-a3a4-4ded-bea1-79131dd8003f.jpeg?h=225&w=225
301179368,Tesco Free Spirit Panty Liners Regular 32 Pack,https://www.tesco.com/groceries/en-GB/shop/health-and-beauty/all?department=Women%27s%20Toiletries&viewAll=department&page=,£1.00,£0.03/each,,,/groceries/en-GB/products/301179368,https://digitalcontent.api.tesco.com/v2/media/ghs/e9284d9b-20b8-4653-b4e2-4ab41e3b3f8b/3edec492-411f-4726-884b-cbc13320d6c8_1375479336.jpeg?h=225&w=225
257179262,Sure Women Cotton Dry Antiperspirant Deodorant 250Ml,https://www.tesco.com/groceries/en-GB/shop/health-and-beauty/all?department=Women%27s%20Toiletries&viewAll=department&page=,£1.75,£0.70/100ml,Aldi Price Match,,/groceries/en-GB/products/257179262,https://digitalcontent.api.tesco.com/v2/media/ghs/6cd507da-8147-428a-8748-ec065ccea795/5b5db9de-aa03-490b-aa4c-8a75b590fe66.jpeg?h=225&w=225
259047565,Carefree Panty Liners Unscented 20 Pack,https://www.tesco.com/groceries/en-GB/shop/health-and-beauty/all?department=Women%27s%20Toiletries&viewAll=department&page=,£0.85,£0.04/each,,,/groceries/en-GB/products/259047565,https://digitalcontent.api.tesco.com/v2/media/ghs/3e58b20c-fe71-4ea1-90a6-88a67d8da9d4/de5f1074-0d31-47b6-b592-4f33e91584fd_2063202526.jpeg?h=225&w=225
253538063,Carefree Normal P/Liner Cotton Fresh Scent X20,https://www.tesco.com/groceries/en-GB/shop/health-and-beauty/all?department=Women%27s%20Toiletries&viewAll=department&page=,£0.85,£0.04/each,,,/groceries/en-GB/products/253538063,https://digitalcontent.api.tesco.com/v2/media/ghs/b5a548cd-abcc-4f18-b7d0-c3eab633295b/1256eb50-92e9-4784-8fb7-52354418b07a_1011139129.jpeg?h=225&w=225
261538402,Sure Women Crystal Invisible Pure Antiperspirant Deodorant 250Ml,https://www.tesco.com/groceries/en-GB/shop/health-and-beauty/all?department=Women%27s%20Toiletries&viewAll=department&page=,£1.75,£0.70/100ml,Aldi Price Match,,/groceries/en-GB/products/261538402,https://digitalcontent.api.tesco.com/v2/media/ghs/06babb15-438e-4daa-9697-a6cba792a199/20d686a1-91eb-4a31-a915-547d3376d11a.jpeg?h=225&w=225
295144672,Sure Women Bright Bouquet Antiperspirant Deodorant 150Ml,https://www.tesco.com/groceries/en-GB/shop/health-and-beauty/all?department=Women%27s%20Toiletries&viewAll=department&page=,£1.15,£0.77/100ml,,,/groceries/en-GB/products/295144672,https://digitalcontent.api.tesco.com/v2/media/ghs/54bcfcfe-0bb7-4c3c-b21f-4b3d49ae62fc/075b7078-19ca-40f6-80f7-393c61adb92d_1754594578.jpeg?h=225&w=225
301179282,Tesco Free Spirit Ultra Long Sanitary Towels With Wings 12 Pack,https://www.tesco.com/groceries/en-GB/shop/health-and-beauty/all?department=Women%27s%20Toiletries&viewAll=department&page=,£0.75,£0.06/each,,,/groceries/en-GB/products/301179282,https://digitalcontent.api.tesco.com/v2/media/ghs/54c5f0b8-7508-4814-af62-bcd1e4d890c8/2809f54e-fad0-4ee5-b624-87d30e005d34_425621199.jpeg?h=225&w=225
301179309,Tesco Free Spirit Ultra Night Sanitary Towels With Wings 10 Pack,https://www.tesco.com/groceries/en-GB/shop/health-and-beauty/all?department=Women%27s%20Toiletries&viewAll=department&page=,£0.75,£0.08/each,,,/groceries/en-GB/products/301179309,https://digitalcontent.api.tesco.com/v2/media/ghs/bb175232-2442-4fed-88f8-f5c463ec4f78/26d10ccd-04bc-429b-ba88-e9b1d74eb8bc_1789641547.jpeg?h=225&w=225
301179269,Tesco Free Spirit Ultra Regular Sanitary Towels With Wings 14 Pack,https://www.tesco.com/groceries/en-GB/shop/health-and-beauty/all?department=Women%27s%20Toiletries&viewAll=department&page=,£0.75,£0.05/each,,,/groceries/en-GB/products/301179269,https://digitalcontent.api.tesco.com/v2/media/ghs/e76e8709-edc4-4f6d-a08d-66f73e762deb/a2f3edae-46dd-4f4a-b69c-8d03fdfe23ef_501911910.jpeg?h=225&w=225
258909918,Impulse Hint Of Musk Body Spray 75Ml,https://www.tesco.com/groceries/en-GB/shop/health-and-beauty/all?department=Women%27s%20Toiletries&viewAll=department&page=,£1.00,£1.34/100ml,,,/groceries/en-GB/products/258909918,https://digitalcontent.api.tesco.com/v2/media/ghs/4f9f8e4d-4390-4052-b970-50cb807b7929/6292b202-ad32-4013-a825-7d955e770818.jpeg?h=225&w=225
263745925,Sure Women Cotton Roll-On Antiperspirant Deodorant 50Ml,https://www.tesco.com/groceries/en-GB/shop/health-and-beauty/all?department=Women%27s%20Toiletries&viewAll=department&page=,£1.00,£2.00/100ml,,,/groceries/en-GB/products/263745925,https://digitalcontent.api.tesco.com/v2/media/ghs/23adfe7f-25b2-4cd6-8aeb-d1679a0eccba/1e5d60f9-7b55-45a6-a6d1-040ab3fa3a87_1222402003.jpeg?h=225&w=225
268154211,Sure Women Bright Roll-On Antiperspirant Deodorant 50Ml,https://www.tesco.com/groceries/en-GB/shop/health-and-beauty/all?department=Women%27s%20Toiletries&viewAll=department&page=,£1.00,£2.00/100ml,,,/groceries/en-GB/products/268154211,https://digitalcontent.api.tesco.com/v2/media/ghs/29b64491-f9a2-487e-aab7-8f635d7d620b/4a877232-d806-4547-871c-7088c8558161_1409078213.jpeg?h=225&w=225
258910242,Impulse Tease Bodyspray 75Ml,https://www.tesco.com/groceries/en-GB/shop/health-and-beauty/all?department=Women%27s%20Toiletries&viewAll=department&page=,£1.00,£1.34/100ml,,,/groceries/en-GB/products/258910242,https://digitalcontent.api.tesco.com/v2/media/ghs/b4c06814-bbc0-43dc-99d1-7e85687ef60f/b5c6b981-b272-4813-9735-4313dd942644.jpeg?h=225&w=225
263592212,Impulse True Love Bodyspray 75Ml,https://www.tesco.com/groceries/en-GB/shop/health-and-beauty/all?department=Women%27s%20Toiletries&viewAll=department&page=,£1.00,£1.34/100ml,,,/groceries/en-GB/products/263592212,https://digitalcontent.api.tesco.com/v2/media/ghs/6e1f5236-ef81-4c2e-9a5a-0d399dc476fe/2b2be4a4-eb3e-49e8-951e-03e40a6fb07c.jpeg?h=225&w=225
309774250,Always Ultra Size 1 Normal With Wings Sanitary Towels 13 Pack,https://www.tesco.com/groceries/en-GB/shop/health-and-beauty/all?department=Women%27s%20Toiletries&viewAll=department&page=,£1.80,£0.14/each,Any 3 for £4 Clubcard Price - Selected Always Ultra Sanitary Towels Size 1 - 5 8 - 15 Pack,,/groceries/en-GB/products/309774250,https://digitalcontent.api.tesco.com/v2/media/ghs/a125c2af-8ab1-47ca-ab33-32a4d0a87ac4/e202676c-b68b-4c31-bdd4-051214adedf3_1011829568.jpeg?h=225&w=225
263745188,Dove Original Roll-On Antiperspirant Deodorant 50Ml,https://www.tesco.com/groceries/en-GB/shop/health-and-beauty/all?department=Women%27s%20Toiletries&viewAll=department&page=,£1.00,£2.00/100ml,,,/groceries/en-GB/products/263745188,https://digitalcontent.api.tesco.com/v2/media/ghs/b898bad4-393a-4bcb-869c-6e41ee3d6e01/0785f06a-0c91-4105-8061-f927b2870546_1617715582.jpeg?h=225&w=225
278465202,Gillette Simply Venus 2 Blade Disposable Razors 4 Pack,https://www.tesco.com/groceries/en-GB/shop/health-and-beauty/all?department=Women%27s%20Toiletries&viewAll=department&page=,£1.50,£0.38/each,,,/groceries/en-GB/products/278465202,https://digitalcontent.api.tesco.com/v2/media/ghs/ad4d8af0-8194-44e6-aeea-329df1cf9915/883f211f-dc2c-4ea4-abde-a1404635340b_1824578463.jpeg?h=225&w=225
253107153,Tesco 200 Cotton Buds,https://www.tesco.com/groceries/en-GB/shop/health-and-beauty/all?department=Women%27s%20Toiletries&viewAll=department&page=,£0.50,£0.00/each,,,/groceries/en-GB/products/253107153,https://digitalcontent.api.tesco.com/v2/media/ghs/06b2e959-3553-40e3-9b32-e701dd7d9b84/582969c1-1a20-4a69-80e7-db4ad3bfea77_1519011598.jpeg?h=225&w=225
262605713,Silvikrin Maximum Hold Hair Spray 400Ml,https://www.tesco.com/groceries/en-GB/shop/health-and-beauty/all?department=Women%27s%20Toiletries&viewAll=department&page=,£4.20,£1.05/100ml,,,/groceries/en-GB/products/262605713,https://digitalcontent.api.tesco.com/v2/media/ghs/bff3a2bf-2340-46f5-b3f0-dff859d97adc/354b5538-c187-480a-a154-61efcf769a75_284046907.jpeg?h=225&w=225
295361260,Tena Lady Discreet Mini 20S,https://www.tesco.com/groceries/en-GB/shop/health-and-beauty/all?department=Women%27s%20Toiletries&viewAll=department&page=,£2.50,£0.12/each,Any 3 for £6.75 Clubcard Price - Selected Tena Femcare Products 6 - 26 Pack,,/groceries/en-GB/products/295361260,https://digitalcontent.api.tesco.com/v2/media/ghs/29e098b6-8f68-427f-8a18-0398fa2c52ae/092c3f8a-deab-449f-bd8b-de918cddc611_2037591640.jpeg?h=225&w=225
312575562,Bodyform Dailies Fresh & Protect Long Liners X64,https://www.tesco.com/groceries/en-GB/shop/health-and-beauty/all?department=Women%27s%20Toiletries&viewAll=department&page=,£2.50,£0.04/each,,New,/groceries/en-GB/products/312575562,https://digitalcontent.api.tesco.com/v2/media/ghs/58bf365b-e39d-4def-a364-11c2d6216206/7f7f3ff4-62d8-46c7-aae9-9ab28e1a08ac_427087571.jpeg?h=225&w=225
312558099,Tena Lights Sensitive Ultra Pads Normal 16 Pack,https://www.tesco.com/groceries/en-GB/shop/health-and-beauty/all?department=Women%27s%20Toiletries&viewAll=department&page=,£3.00,£0.19/each,,New,/groceries/en-GB/products/312558099,https://digitalcontent.api.tesco.com/v2/media/ghs/61d8a57a-b285-4096-a1f6-4e225cf19b76/a1e7fb4d-10fe-44e0-a26f-a728362d0f90_1268043524.jpeg?h=225&w=225
260382667,Tesco Free Spirit Extra Pads 10 Pack,https://www.tesco.com/groceries/en-GB/shop/health-and-beauty/all?department=Women%27s%20Toiletries&viewAll=department&page=,£1.55,£0.16/each,,,/groceries/en-GB/products/260382667,https://digitalcontent.api.tesco.com/v2/media/ghs/fb893e24-6948-49a3-b676-05c2faa7221a/4f5f65ab-406b-4dc4-a49c-8b74b0174faa_634274244.jpeg?h=225&w=225
271158784,Batiste Dry Shampoo Original 200Ml,https://www.tesco.com/groceries/en-GB/shop/health-and-beauty/all?department=Women%27s%20Toiletries&viewAll=department&page=,£3.00,£1.50/100ml,,,/groceries/en-GB/products/271158784,https://digitalcontent.api.tesco.com/v2/media/ghs/52b66618-3115-4c51-9fa7-521bb9208f0e/3bde0ba9-1352-47d6-b54b-bd1269bd49df_183127495.jpeg?h=225&w=225
271159023,Batiste Dry Shampoo Blush 200Ml,https://www.tesco.com/groceries/en-GB/shop/health-and-beauty/all?department=Women%27s%20Toiletries&viewAll=department&page=,£3.00,£1.50/100ml,,,/groceries/en-GB/products/271159023,https://digitalcontent.api.tesco.com/v2/media/ghs/5094867e-9b6f-4509-bd6e-724ba86fddcf/3f209c72-80b6-40a4-84d5-1ea0cb435420_645773911.jpeg?h=225&w=225
260382581,Tesco Free Spirit Discreet Normal Pads 12 Pack,https://www.tesco.com/groceries/en-GB/shop/health-and-beauty/all?department=Women%27s%20Toiletries&viewAll=department&page=,£1.55,£0.13/each,,,/groceries/en-GB/products/260382581,https://digitalcontent.api.tesco.com/v2/media/ghs/ff55167b-93aa-4c5d-879e-4ab83a61106e/316dfc00-c8ab-4d7c-bba9-788eb03c804f_229383023.jpeg?h=225&w=225
284126929,Always Discreet Plus Incontinence Panty Liners 20 Pack,https://www.tesco.com/groceries/en-GB/shop/health-and-beauty/all?department=Women%27s%20Toiletries&viewAll=department&page=,£2.00,£0.10/each,2 for £3.50 Clubcard Price - Always Discreet Incontinence Liners 20 Pack,,/groceries/en-GB/products/284126929,https://digitalcontent.api.tesco.com/v2/media/ghs/11ae31bf-2345-46d4-afbc-79270283a4b9/f10f8589-9d1d-43c8-aba6-814d3e7193bf_733064961.jpeg?h=225&w=225
312574237,Always Dailies 3 In 1 Panty Liners 68 Pack,https://www.tesco.com/groceries/en-GB/shop/health-and-beauty/all?department=Women%27s%20Toiletries&viewAll=department&page=,£2.80,£0.04/each,Any 2 for £5 Clubcard Price - Selected Always Dailies Panty Liners 48 - 68 Pack,,/groceries/en-GB/products/312574237,https://digitalcontent.api.tesco.com/v2/media/ghs/2ba88dce-4704-4a31-abff-98574603db94/ef387221-219d-4cc7-a1db-92d9c7afa73d_44210947.jpeg?h=225&w=225
312579961,Always Dailies Large Panty Liners 58 Pack,https://www.tesco.com/groceries/en-GB/shop/health-and-beauty/all?department=Women%27s%20Toiletries&viewAll=department&page=,£2.80,£0.05/each,Any 2 for £5 Clubcard Price - Selected Always Dailies Panty Liners 48 - 68 Pack,,/groceries/en-GB/products/312579961,https://digitalcontent.api.tesco.com/v2/media/ghs/0bdd5436-83af-4328-aab8-2912d4bcdcdc/d732de37-446f-4c18-b24b-34acbd857a7e_799342626.jpeg?h=225&w=225
311951176,Tampax Pearl Compak Super Applicator Tampons 16,https://www.tesco.com/groceries/en-GB/shop/health-and-beauty/all?department=Women%27s%20Toiletries&viewAll=department&page=,£2.85,£0.18/each,Any 2 for £5 Clubcard Price - Selected Tampax Pearl Compak Tampons 16 Pack,,/groceries/en-GB/products/311951176,https://digitalcontent.api.tesco.com/v2/media/ghs/81ec7926-97f6-463b-a280-fb578d940d70/87877d0f-6e6b-4779-ac15-f5e4e3bd8294_2099378118.jpeg?h=225&w=225
268421264,Lights By Tena Light Bladder Weakness Liners 28 Pack,https://www.tesco.com/groceries/en-GB/shop/health-and-beauty/all?department=Women%27s%20Toiletries&viewAll=department&page=,£2.00,£0.07/each,Any 2 for £3.50 Clubcard Price - Selected Lights By Tena Liners 20 - 28 Pack,,/groceries/en-GB/products/268421264,https://digitalcontent.api.tesco.com/v2/media/ghs/83bfb4dc-73a2-49bf-a789-0cd75376e06d/82e16370-acdf-4bcf-85f0-cf83b3a060ef_906822968.jpeg?h=225&w=225
258966711,Bodyform So Slim Individually Wrapped And Folded Panty Liners 34 Pack,https://www.tesco.com/groceries/en-GB/shop/health-and-beauty/all?department=Women%27s%20Toiletries&viewAll=department&page=,£1.40,£0.04/each,Any 3 for £3.20 Clubcard Price - Selected Bodyform Femcare Products 10 - 34 Pack,,/groceries/en-GB/products/258966711,https://digitalcontent.api.tesco.com/v2/media/ghs/c03bc20c-c9d5-4dcb-8817-69a0149c61c5/da2433f3-b5a3-4948-9398-403a27141c84_1262416581.jpeg?h=225&w=225
252474058,Bodyform Ultra Super Sanitary Towels 14 Pack,https://www.tesco.com/groceries/en-GB/shop/health-and-beauty/all?department=Women%27s%20Toiletries&viewAll=department&page=,£1.30,£0.09/each,Any 3 for £3.20 Clubcard Price - Selected Bodyform Femcare Products 10 - 34 Pack,,/groceries/en-GB/products/252474058,https://digitalcontent.api.tesco.com/v2/media/ghs/81a620a0-95f4-406e-a006-1d50bb5d2058/cc65b941-2cba-4e98-aa7c-cad27b15fad2_500304113.jpeg?h=225&w=225
311221087,Sure 72 Hour Invisible Pure Antiperspirant 150Ml,https://www.tesco.com/groceries/en-GB/shop/health-and-beauty/all?department=Women%27s%20Toiletries&viewAll=department&page=,£2.50,£16.67/litre,£1.50 Clubcard Price,,/groceries/en-GB/products/311221087,https://digitalcontent.api.tesco.com/v2/media/ghs/dbb29aca-3a8a-4ff7-b077-7fe8487b4b4b/c14ca8b6-be0d-4727-bd1b-79734742531d_733893390.jpeg?h=225&w=225
301179247,Tesco Free Spirit Maxi Towels Night 10 Pack,https://www.tesco.com/groceries/en-GB/shop/health-and-beauty/all?department=Women%27s%20Toiletries&viewAll=department&page=,£0.90,£0.09/each,,,/groceries/en-GB/products/301179247,https://digitalcontent.api.tesco.com/v2/media/ghs/6310fdb0-2033-4c95-9289-3e3297d9e9a7/d3cbe603-78aa-48cf-86c5-d496f4bbdb61_1273722647.jpeg?h=225&w=225
257967274,Sanex Dermo Sensitive Rollon Deodorant 50Ml,https://www.tesco.com/groceries/en-GB/shop/health-and-beauty/all?department=Women%27s%20Toiletries&viewAll=department&page=,£1.50,£3.00/100ml,,,/groceries/en-GB/products/257967274,https://digitalcontent.api.tesco.com/v2/media/ghs/25c4876c-7b86-4a6b-a154-63a209b70a28/baf8c503-a059-4708-80ac-a64a6eda9f27_1871824621.jpeg?h=225&w=225
305434043,Simple Kind To Skin Exfoliating Wipes 20 Pack,https://www.tesco.com/groceries/en-GB/shop/health-and-beauty/all?department=Women%27s%20Toiletries&viewAll=department&page=,£2.50,£12.50/100sht,,,/groceries/en-GB/products/305434043,https://digitalcontent.api.tesco.com/v2/media/ghs/50df4096-3562-4b2b-89d8-1316bbeb3c5b/50330aff-87a0-4592-a313-215a008e1ca5_481253051.jpeg?h=225&w=225
261497616,Sure Women Crystal Invisible Aqua Stick Antiperspirant Deodorant 40Ml,https://www.tesco.com/groceries/en-GB/shop/health-and-beauty/all?department=Women%27s%20Toiletries&viewAll=department&page=,£1.99,£4.98/100ml,,,/groceries/en-GB/products/261497616,https://digitalcontent.api.tesco.com/v2/media/ghs/a0e5f64c-047f-4425-b194-92973fba27ce/0b783fea-116b-42b8-bc4e-2fcea101bdf4_1270240157.jpeg?h=225&w=225
258903619,Nivea For Women Pearl & Beauty Antiperspirant Deodorant 250Ml,https://www.tesco.com/groceries/en-GB/shop/health-and-beauty/all?department=Women%27s%20Toiletries&viewAll=department&page=,£1.85,£0.74/100ml,,,/groceries/en-GB/products/258903619,https://digitalcontent.api.tesco.com/v2/media/ghs/118dd4ae-7238-4f4e-b173-2169881c5083/b71fd36e-9c5e-4f40-bcee-980e1ba59660.jpeg?h=225&w=225
288532799,Always Sensitive Long Size 2 Sanitary Towels With Wings 12 Pack,https://www.tesco.com/groceries/en-GB/shop/health-and-beauty/all?department=Women%27s%20Toiletries&viewAll=department&page=,£0.95,£0.08/each,,,/groceries/en-GB/products/288532799,https://digitalcontent.api.tesco.com/v2/media/ghs/d17331ba-e4be-4be2-be34-9e865db05e77/cd23bba3-dc1c-4bc9-9de8-1f3554beeabc_1444587805.jpeg?h=225&w=225
309759015,Andrex Pure Care Washlets Toilet Tissue 36 Sheets,https://www.tesco.com/groceries/en-GB/shop/health-and-beauty/all?department=Women%27s%20Toiletries&viewAll=department&page=,£1.75,£4.87/100sht,£1.00 Clubcard Price,,/groceries/en-GB/products/309759015,https://digitalcontent.api.tesco.com/v2/media/ghs/973235f9-440a-46b2-ac00-27b8f337b7aa/2ae334e4-1a2e-4baa-be88-ddf11dcb14e8_1070036876.jpeg?h=225&w=225
288547367,Always Sensitive Normal Size 1 Sanitary Towels 16 Pack,https://www.tesco.com/groceries/en-GB/shop/health-and-beauty/all?department=Women%27s%20Toiletries&viewAll=department&page=,£0.95,£0.06/each,,,/groceries/en-GB/products/288547367,https://digitalcontent.api.tesco.com/v2/media/ghs/62b5c9b2-3e4b-4ebc-b030-dc8143f714cf/d87e5699-5d7f-4a0f-8587-6ede40c79b4e_1138144743.jpeg?h=225&w=225
288532908,Always Sensitive Normal Size 1 Sanitary Towels With Wings 14 Pack,https://www.tesco.com/groceries/en-GB/shop/health-and-beauty/all?department=Women%27s%20Toiletries&viewAll=department&page=,£0.95,£0.07/each,,,/groceries/en-GB/products/288532908,https://digitalcontent.api.tesco.com/v2/media/ghs/e97e5d64-e727-4428-a3a1-90ce9c459df1/2eb06ad5-4b98-492c-8311-9af0ca99b694_1522567762.jpeg?h=225&w=225
301869519,Tesco Beauty Cotton Wool Balls 100 Pack,https://www.tesco.com/groceries/en-GB/shop/health-and-beauty/all?department=Women%27s%20Toiletries&viewAll=department&page=,£1.20,£0.01/each,,,/groceries/en-GB/products/301869519,https://digitalcontent.api.tesco.com/v2/media/ghs/83ddf0aa-4bba-488c-aadf-a10ff7f561dd/3695c10b-c647-40ce-bd65-ade92dc538cd_257957297.jpeg?h=225&w=225
301179408,Tesco Free Spirit Panty Liners Long 28 Pack,https://www.tesco.com/groceries/en-GB/shop/health-and-beauty/all?department=Women%27s%20Toiletries&viewAll=department&page=,£1.00,£0.04/each,,,/groceries/en-GB/products/301179408,https://digitalcontent.api.tesco.com/v2/media/ghs/dff4d96e-5bbd-4c5c-b10f-a9f179e6384e/29ca202a-d738-4f37-9f2c-18d8ee19516e_121190409.jpeg?h=225&w=225
301179322,Tesco Free Spirit Secure Night Sanitary Towels With Wings 8 Pack,https://www.tesco.com/groceries/en-GB/shop/health-and-beauty/all?department=Women%27s%20Toiletries&viewAll=department&page=,£0.75,£0.09/each,,,/groceries/en-GB/products/301179322,https://digitalcontent.api.tesco.com/v2/media/ghs/89a51f34-d857-4c22-b2d9-2cf507bb8a21/52f755a5-eef1-4893-b061-d64eebcb6e2f_1660074728.jpeg?h=225&w=225
312345345,Always Ultra Size 5 Scure Night Sanitary Towels With Wings 18 Pack,https://www.tesco.com/groceries/en-GB/shop/health-and-beauty/all?department=Women%27s%20Toiletries&viewAll=department&page=,£3.06,£0.17/each,Any 2 for £5.40 Clubcard Price - Selected Always Ultra Sanitary Towels 18 - 30 Pack,,/groceries/en-GB/products/312345345,https://digitalcontent.api.tesco.com/v2/media/ghs/05f4c72b-ceb3-424d-a96d-1dcc72be36ba/4f2cd1ca-bda6-4e8c-bacb-80ae324f6af3_2019512808.jpeg?h=225&w=225
301179380,Tesco Free Spirit Panty Liners Long Plus 22 Pack,https://www.tesco.com/groceries/en-GB/shop/health-and-beauty/all?department=Women%27s%20Toiletries&viewAll=department&page=,£1.00,£0.05/each,,,/groceries/en-GB/products/301179380,https://digitalcontent.api.tesco.com/v2/media/ghs/a0b06ac1-c66f-47f7-8542-2a6aebbcc4aa/7bd48098-b303-4c84-a4fb-5ba7d3bd7db8_1970131813.jpeg?h=225&w=225
312582196,Always Ultra Day & Night Size 3 Sanitary Towels With Wings 22 Pack,https://www.tesco.com/groceries/en-GB/shop/health-and-beauty/all?department=Women%27s%20Toiletries&viewAll=department&page=,£2.99,£0.14/each,Any 2 for £5.40 Clubcard Price - Selected Always Ultra Sanitary Towels 18 - 30 Pack,,/groceries/en-GB/products/312582196,https://digitalcontent.api.tesco.com/v2/media/ghs/df4c5953-1f86-4eb4-94a3-6a1e527871d0/6eee6b22-a90d-4e27-8c80-3dec83b93f77_996874212.jpeg?h=225&w=225
298817678,Always Dailies Singles To Go Panty Liners 20 Pack,https://www.tesco.com/groceries/en-GB/shop/health-and-beauty/all?department=Women%27s%20Toiletries&viewAll=department&page=,£0.95,£0.05/each,,,/groceries/en-GB/products/298817678,https://digitalcontent.api.tesco.com/v2/media/ghs/42d5fd03-d1ac-4e36-a424-7583dfb85e2a/0d1a1ca6-37eb-45eb-a0dd-2bf14fd55569_557756706.jpeg?h=225&w=225
268330803,Tampax Super Tampons With Applicator 20 Pack,https://www.tesco.com/groceries/en-GB/shop/health-and-beauty/all?department=Women%27s%20Toiletries&viewAll=department&page=,£1.90,£0.10/each,,,/groceries/en-GB/products/268330803,https://digitalcontent.api.tesco.com/v2/media/ghs/e4005fb1-1705-4699-9eec-e1902274b24a/e8a33f6f-a834-4dee-a6ea-2e2289c4bad8_986166582.jpeg?h=225&w=225
254447658,Gillette Satin Care Sensitive Skin Shave Gel 200Ml,https://www.tesco.com/groceries/en-GB/shop/health-and-beauty/all?department=Women%27s%20Toiletries&viewAll=department&page=,£2.40,£1.20/100ml,,,/groceries/en-GB/products/254447658,https://digitalcontent.api.tesco.com/v2/media/ghs/aefee8e9-7c5d-4f5f-a749-584c96dcf7f6/0faaf685-c4e0-48d2-868c-b4b0c9978812_946613850.jpeg?h=225&w=225
312369000,Always Ultra Size 2 Sanitary Towels With Wings 24 Pack,https://www.tesco.com/groceries/en-GB/shop/health-and-beauty/all?department=Women%27s%20Toiletries&viewAll=department&page=,£2.83,£0.12/each,Any 2 for £5.40 Clubcard Price - Selected Always Ultra Sanitary Towels 18 - 30 Pack,,/groceries/en-GB/products/312369000,https://digitalcontent.api.tesco.com/v2/media/ghs/1efcbd23-c36e-4076-b8d9-b02c3ad375fa/a4046054-b3e1-465b-9bbe-10eeee3ebe43_1681100967.jpeg?h=225&w=225
301179184,Tesco Free Spirit Ultra Regular Sanitary Towels 16 Pack,https://www.tesco.com/groceries/en-GB/shop/health-and-beauty/all?department=Women%27s%20Toiletries&viewAll=department&page=,£0.75,£0.05/each,,,/groceries/en-GB/products/301179184,https://digitalcontent.api.tesco.com/v2/media/ghs/b2241cb8-7038-49e8-ab26-fdc565809edf/1d8ff8d4-71bd-4d2b-bb4e-155f2477fcf4_1635970809.jpeg?h=225&w=225
287259502,Sure Women Crystal Aqua Roll-On Antiperspirant Deodorant 50Ml,https://www.tesco.com/groceries/en-GB/shop/health-and-beauty/all?department=Women%27s%20Toiletries&viewAll=department&page=,£1.00,£2.00/100ml,,,/groceries/en-GB/products/287259502,https://digitalcontent.api.tesco.com/v2/media/ghs/8cc02ba5-ea97-4d03-905a-731c179bd5e5/1cc46c08-4285-4353-8535-56fa52564fe8_610938349.jpeg?h=225&w=225
310134270,Always Ultra Normal Size 1 Sanitary Towels 15 Pack,https://www.tesco.com/groceries/en-GB/shop/health-and-beauty/all?department=Women%27s%20Toiletries&viewAll=department&page=,£1.80,£0.12/each,Any 3 for £4 Clubcard Price - Selected Always Ultra Sanitary Towels Size 1 - 5 8 - 15 Pack,,/groceries/en-GB/products/310134270,https://digitalcontent.api.tesco.com/v2/media/ghs/7ff57cb5-aea1-442e-9da2-131e07a61de6/ae49bebe-1a56-4dd7-a0ce-ada72d95b0ff_431136312.jpeg?h=225&w=225
310184365,Always Ultra Size 2 Long With Wings Sanitary Towels 11 Pack,https://www.tesco.com/groceries/en-GB/shop/health-and-beauty/all?department=Women%27s%20Toiletries&viewAll=department&page=,£1.80,£0.16/each,Any 3 for £4 Clubcard Price - Selected Always Ultra Sanitary Towels Size 1 - 5 8 - 15 Pack,,/groceries/en-GB/products/310184365,https://digitalcontent.api.tesco.com/v2/media/ghs/760aa186-5656-4044-95c8-c2b18cdaac60/f53ffef2-e5b3-4fae-be5f-2d4903f7d0d9_1531568734.jpeg?h=225&w=225
271327896,Dove Go Fresh Pomegranate Roll-On Antiperspirant Deodorant 50Ml,https://www.tesco.com/groceries/en-GB/shop/health-and-beauty/all?department=Women%27s%20Toiletries&viewAll=department&page=,£1.00,£2.00/100ml,,,/groceries/en-GB/products/271327896,https://digitalcontent.api.tesco.com/v2/media/ghs/1499c641-6de2-490b-8518-e747ee7645eb/9ae7c9d1-a602-4ee8-a30e-1aeb9eb50843_713438827.jpeg?h=225&w=225
310111994,Always Ultra Size 4 Secure Night With Wings Sanitary Towels 8Pk,https://www.tesco.com/groceries/en-GB/shop/health-and-beauty/all?department=Women%27s%20Toiletries&viewAll=department&page=,£1.80,£0.22/each,Any 3 for £4 Clubcard Price - Selected Always Ultra Sanitary Towels Size 1 - 5 8 - 15 Pack,,/groceries/en-GB/products/310111994,https://digitalcontent.api.tesco.com/v2/media/ghs/31e9682b-95f4-42b7-9026-41b7f64a1715/a730c9f1-ad5a-4221-9ee8-23e227bac5af_720805958.jpeg?h=225&w=225
295143546,Dove Go Fresh Pear & Aloe Vera Roll On Antiperspirant Deodorant 50Ml,https://www.tesco.com/groceries/en-GB/shop/health-and-beauty/all?department=Women%27s%20Toiletries&viewAll=department&page=,£1.00,£2.00/100ml,,,/groceries/en-GB/products/295143546,https://digitalcontent.api.tesco.com/v2/media/ghs/842b9fc3-12b9-4e9f-9f40-525669c6a181/c3013049-163a-4282-9400-e22faa1c94dd_1770400651.jpeg?h=225&w=225
308112984,Always Ultra Size 5 Secure Night Extra Plus Wings Sanitary Towels 8Pk,https://www.tesco.com/groceries/en-GB/shop/health-and-beauty/all?department=Women%27s%20Toiletries&viewAll=department&page=,£1.80,£0.22/each,Any 3 for £4 Clubcard Price - Selected Always Ultra Sanitary Towels Size 1 - 5 8 - 15 Pack,,/groceries/en-GB/products/308112984,https://digitalcontent.api.tesco.com/v2/media/ghs/838dbdfc-8052-4469-a42d-bfef493239d6/acdeb9f0-251d-4636-bd2e-04a11c8953ac_262313084.jpeg?h=225&w=225
301179345,Tesco Essentials Panty Liners 30 Pack,https://www.tesco.com/groceries/en-GB/shop/health-and-beauty/all?department=Women%27s%20Toiletries&viewAll=department&page=,£0.45,£0.02/each,,,/groceries/en-GB/products/301179345,https://digitalcontent.api.tesco.com/v2/media/ghs/5b7ea393-39ce-46f5-877e-156bbd0142c5/fbdf1ad5-3ea1-4b80-9e90-19cdb8516c77_784853460.jpeg?h=225&w=225
268179867,Nivea Roll On Black & White Clear 50Ml,https://www.tesco.com/groceries/en-GB/shop/health-and-beauty/all?department=Women%27s%20Toiletries&viewAll=department&page=,£1.15,£2.30/100ml,,,/groceries/en-GB/products/268179867,https://digitalcontent.api.tesco.com/v2/media/ghs/577a5520-1e74-47ba-bba0-79e6fab5bcb5/2ecb12f8-5d99-4463-b0db-f6cfeb49254d_1490678166.jpeg?h=225&w=225
263744932,Dove Invisible Dry Roll-On Antiperspirant Deodorant 50Ml,https://www.tesco.com/groceries/en-GB/shop/health-and-beauty/all?department=Women%27s%20Toiletries&viewAll=department&page=,£1.00,£2.00/100ml,,,/groceries/en-GB/products/263744932,https://digitalcontent.api.tesco.com/v2/media/ghs/99ca6fdb-41b5-4ccf-a6b4-5dd1ee3d003d/4a5723ab-b9ca-41d3-b60c-0f83db186e6e_415719696.jpeg?h=225&w=225
299918908,Tampax Compak Regular Applicator Tampons 18,https://www.tesco.com/groceries/en-GB/shop/health-and-beauty/all?department=Women%27s%20Toiletries&viewAll=department&page=,£2.00,£0.11/each,,,/groceries/en-GB/products/299918908,https://digitalcontent.api.tesco.com/v2/media/ghs/181d4766-5495-4ca7-b6dc-465a681f0e4d/c945b9ec-2305-4ce5-97b6-0a501e0eedab_969829517.jpeg?h=225&w=225
311425270,"Baylis & Harding Jojoba, Vanilla & Almond Oil 2 Piece Gift Set",https://www.tesco.com/groceries/en-GB/shop/health-and-beauty/all?department=Women%27s%20Toiletries&viewAll=department&page=,£9.00,£9.00/each,£4.50 Clubcard Price,,/groceries/en-GB/products/311425270,https://digitalcontent.api.tesco.com/v2/media/ghs/36253d09-7bb1-4c74-9aa4-75905c7547bc/7f91bc1f-d607-4b9a-b75b-a4c14663c994_579293085.jpeg?h=225&w=225
262605892,Silvikrin Firm Hold Hair Spray 400Ml,https://www.tesco.com/groceries/en-GB/shop/health-and-beauty/all?department=Women%27s%20Toiletries&viewAll=department&page=,£4.20,£1.05/100ml,,,/groceries/en-GB/products/262605892,https://digitalcontent.api.tesco.com/v2/media/ghs/29fdf158-d689-409b-b393-6d8cb2977a62/bc059be9-069c-4e60-923a-c8c65cf62af2_1661297649.jpeg?h=225&w=225
284127272,Always Discreet Small Incontinence Pads 20 Pack,https://www.tesco.com/groceries/en-GB/shop/health-and-beauty/all?department=Women%27s%20Toiletries&viewAll=department&page=,£2.50,£0.12/each,Any 2 for £4.50 Clubcard Price - Selected Always Discreet Incontinence Pads 8 - 20 Pack,,/groceries/en-GB/products/284127272,https://digitalcontent.api.tesco.com/v2/media/ghs/ca9c8a3b-a12d-4fba-8281-55013cd6ea96/1ce28261-e936-493f-ad14-21ecb6e574c1_980048119.jpeg?h=225&w=225
252606451,L'oreal Paris Age Perfect Cleansing Wipes 25,https://www.tesco.com/groceries/en-GB/shop/health-and-beauty/all?department=Women%27s%20Toiletries&viewAll=department&page=,£5.00,£20.00/100sht,£2.50 Clubcard Price,,/groceries/en-GB/products/252606451,https://digitalcontent.api.tesco.com/v2/media/ghs/e29c8609-5a4e-43d0-974a-4ca42f7d51b8/d69e58ef-4f96-44cd-b5df-ab8f8d339575_1955227863.jpeg?h=225&w=225
305956681,Nivea Biodegradable Micellair Cleansing Wipes 25 Pack,https://www.tesco.com/groceries/en-GB/shop/health-and-beauty/all?department=Women%27s%20Toiletries&viewAll=department&page=,£3.50,£14.00/100sht,,,/groceries/en-GB/products/305956681,https://digitalcontent.api.tesco.com/v2/media/ghs/a5de761d-085e-4015-a632-c6a2d782d815/5e26862c-df30-45cc-ba58-c2aafb0191e6_2106956444.jpeg?h=225&w=225
272191840,Sure Women Maximum Protection Confidence Cream Antiperspirant Deodorant 45Ml,https://www.tesco.com/groceries/en-GB/shop/health-and-beauty/all?department=Women%27s%20Toiletries&viewAll=department&page=,£5.00,£11.12/100ml,,,/groceries/en-GB/products/272191840,https://digitalcontent.api.tesco.com/v2/media/ghs/43852257-3fc9-4afe-9b25-f0d242328289/74ced512-af87-48be-bb88-8ffb1bebfdef_1046125364.jpeg?h=225&w=225
305438309,Simple Hydr Cleanser Facial Wipes 20 Wipes,https://www.tesco.com/groceries/en-GB/shop/health-and-beauty/all?department=Women%27s%20Toiletries&viewAll=department&page=,£4.00,£20.00/100sht,£2.65 Clubcard Price,,/groceries/en-GB/products/305438309,https://digitalcontent.api.tesco.com/v2/media/ghs/160e371e-64d6-4f08-a8ca-33f6cc08f69d/d6137d5b-5d32-4d88-837f-143154976e22_1922944684.jpeg?h=225&w=225
263697428,Sure Women Maximum Protection Clean Cream Antiperspirant Deodorant 45Ml,https://www.tesco.com/groceries/en-GB/shop/health-and-beauty/all?department=Women%27s%20Toiletries&viewAll=department&page=,£5.00,£11.12/100ml,,,/groceries/en-GB/products/263697428,https://digitalcontent.api.tesco.com/v2/media/ghs/ae3df07b-abb7-4aa9-9515-cf4d25c7d298/0e3d6125-31fa-4d68-a89b-1f01fbe7ff5f_2071058028.jpeg?h=225&w=225
273898400,Nivea Daily Eye Make Up Remover 125Ml,https://www.tesco.com/groceries/en-GB/shop/health-and-beauty/all?department=Women%27s%20Toiletries&viewAll=department&page=,£3.20,£2.56/100ml,,,/groceries/en-GB/products/273898400,https://digitalcontent.api.tesco.com/v2/media/ghs/0ca279cd-755f-4a10-94bb-5258b131ff2d/f05d17f3-7e17-4566-8857-2fa9ffc91387_76266655.jpeg?h=225&w=225
303670451,Mitchum Female Clear Fresh Antiperspirant Deodorant 200Ml,https://www.tesco.com/groceries/en-GB/shop/health-and-beauty/all?department=Women%27s%20Toiletries&viewAll=department&page=,£3.00,£1.50/100ml,,,/groceries/en-GB/products/303670451,https://digitalcontent.api.tesco.com/v2/media/ghs/a1bd76c8-cbe5-4bc2-aa77-cf1e4d0dcc10/0c9938d4-05bd-491b-8732-fbb025a33e97_833718086.jpeg?h=225&w=225
281947089,Mitchum Powder Fresh Roll On100ml,https://www.tesco.com/groceries/en-GB/shop/health-and-beauty/all?department=Women%27s%20Toiletries&viewAll=department&page=,£3.00,£3.00/100ml,,,/groceries/en-GB/products/281947089,https://digitalcontent.api.tesco.com/v2/media/ghs/cc55586f-93a3-463f-b53a-aa0be59cd908/5c49c8f0-5e7f-47b2-9ff0-593841674b1f_99074712.jpeg?h=225&w=225
281975562,Mitchum Deodorant Powder Fresh Stick41g,https://www.tesco.com/groceries/en-GB/shop/health-and-beauty/all?department=Women%27s%20Toiletries&viewAll=department&page=,£3.00,£7.32/100g,,,/groceries/en-GB/products/281975562,https://digitalcontent.api.tesco.com/v2/media/ghs/6675f5d2-724f-456e-ae03-317f8e8f5444/1c018626-840a-49b6-9926-6e87ff2fee33_250498806.jpeg?h=225&w=225
254006680,Bionsen Deodorant Aluminium Free Roll On 50Ml,https://www.tesco.com/groceries/en-GB/shop/health-and-beauty/all?department=Women%27s%20Toiletries&viewAll=department&page=,£2.40,£4.80/100ml,£1.80 Clubcard Price,,/groceries/en-GB/products/254006680,https://digitalcontent.api.tesco.com/v2/media/ghs/b307ad36-8dae-4e3a-ab21-3c16e47e4dcd/f6c3c369-1633-4223-88ee-bf6907006f70_423263348.jpeg?h=225&w=225
312348336,Tampax Pearl Compak Super Plus Applicator Tampons 16 Pack,https://www.tesco.com/groceries/en-GB/shop/health-and-beauty/all?department=Women%27s%20Toiletries&viewAll=department&page=,£2.85,£0.18/each,Any 2 for £5 Clubcard Price - Selected Tampax Pearl Compak Tampons 16 Pack,,/groceries/en-GB/products/312348336,https://digitalcontent.api.tesco.com/v2/media/ghs/c0cb625c-95a5-488a-b366-e25cdd69e32f/305b0923-9fcd-44e9-9f6d-458647225864_74274660.jpeg?h=225&w=225
312214777,Tampax Pearl Compak Regular Applicator Tampons 16 Pack,https://www.tesco.com/groceries/en-GB/shop/health-and-beauty/all?department=Women%27s%20Toiletries&viewAll=department&page=,£2.85,£0.18/each,Any 2 for £5 Clubcard Price - Selected Tampax Pearl Compak Tampons 16 Pack,,/groceries/en-GB/products/312214777,https://digitalcontent.api.tesco.com/v2/media/ghs/cdcf5079-5f1f-4346-ad78-8816330d3dee/e5d62620-289f-452e-a7b6-52151b702ebf_1073574261.jpeg?h=225&w=225
250687719,Lil Lets Non Applicator Super Plus Extra Tampons 14 Pack,https://www.tesco.com/groceries/en-GB/shop/health-and-beauty/all?department=Women%27s%20Toiletries&viewAll=department&page=,£2.20,£0.16/each,,,/groceries/en-GB/products/250687719,https://digitalcontent.api.tesco.com/v2/media/ghs/843560bb-cbae-4ab7-86aa-83ab21ba12e9/9e54e8e4-59f8-447f-9e79-0bdb05e51ffd_2127376748.jpeg?h=225&w=225
257870595,Lil Lets Non Applicator Super Tampons 16 Pack,https://www.tesco.com/groceries/en-GB/shop/health-and-beauty/all?department=Women%27s%20Toiletries&viewAll=department&page=,£2.20,£0.14/each,,,/groceries/en-GB/products/257870595,https://digitalcontent.api.tesco.com/v2/media/ghs/4ee1f2d5-dce8-4e61-8e20-6004edda6eb7/71b5ef8c-6de9-48d3-be3c-d540c7f00cb3_1061017908.jpeg?h=225&w=225
305253209,Simple Sensitive Skin Micellar Wipes 20 Pack,https://www.tesco.com/groceries/en-GB/shop/health-and-beauty/all?department=Women%27s%20Toiletries&viewAll=department&page=,£2.30,£11.50/100sht,,,/groceries/en-GB/products/305253209,https://digitalcontent.api.tesco.com/v2/media/ghs/1057ecc7-7013-498c-b113-f50cd3d73539/7f0fa795-b680-453b-ba8d-ea754e8fcbde_1741804219.jpeg?h=225&w=225
255505289,Simple Kind To Eyes Eye Make-Up Remover 125Ml,https://www.tesco.com/groceries/en-GB/shop/health-and-beauty/all?department=Women%27s%20Toiletries&viewAll=department&page=,£2.50,£2.00/100ml,,,/groceries/en-GB/products/255505289,https://digitalcontent.api.tesco.com/v2/media/ghs/ff969764-2795-40fd-b4d9-b57de1d8f2b4/3f4151bc-fee9-4ef0-a09e-f7fb81cbbd2b_1026237340.jpeg?h=225&w=225
299425967,Bic Twin Lady Disposable Razors 10S,https://www.tesco.com/groceries/en-GB/shop/health-and-beauty/all?department=Women%27s%20Toiletries&viewAll=department&page=,£2.00,£0.20/each,,,/groceries/en-GB/products/299425967,https://digitalcontent.api.tesco.com/v2/media/ghs/cf39ac93-a3a2-4b46-9b93-04abfd39b29f/b24088a5-3722-44fe-88c7-f81c4a4e80e4_461457380.jpeg?h=225&w=225
250667916,Dove Original Stick Antiperspirant Deodorant 40Ml,https://www.tesco.com/groceries/en-GB/shop/health-and-beauty/all?department=Women%27s%20Toiletries&viewAll=department&page=,£2.00,£5.00/100ml,,,/groceries/en-GB/products/250667916,https://digitalcontent.api.tesco.com/v2/media/ghs/b1103d3b-099a-422c-9e95-f5b219688cbe/2c69c371-ad3f-48ae-a5f0-e881b7f7bad4_837672400.jpeg?h=225&w=225
299918966,Tampax Pearl Regular Applicator Tampons 18,https://www.tesco.com/groceries/en-GB/shop/health-and-beauty/all?department=Women%27s%20Toiletries&viewAll=department&page=,£2.85,£0.16/each,Any 2 for £5 Clubcard Price - Selected Tampax Pearl Applicator Tampons 18 Pack,,/groceries/en-GB/products/299918966,https://digitalcontent.api.tesco.com/v2/media/ghs/0f1988ea-b9c5-4213-b84e-876d0e3004a6/8fa7b1e0-a792-49f9-9253-491e65da8e0a_961906747.jpeg?h=225&w=225
263656748,Tampax Pearl Applicator Super Tampons 18 Pack,https://www.tesco.com/groceries/en-GB/shop/health-and-beauty/all?department=Women%27s%20Toiletries&viewAll=department&page=,£2.85,£0.16/each,Any 2 for £5 Clubcard Price - Selected Tampax Pearl Applicator Tampons 18 Pack,,/groceries/en-GB/products/263656748,https://digitalcontent.api.tesco.com/v2/media/ghs/a49714e0-9aa7-4558-a7ea-822288dd33f4/cfc62900-ad02-4785-86a5-8ef72e00f012_1798831151.jpeg?h=225&w=225
306647826,Bodyform Dailies Extra Protection Long Liners X24,https://www.tesco.com/groceries/en-GB/shop/health-and-beauty/all?department=Women%27s%20Toiletries&viewAll=department&page=,£1.75,£0.07/each,£1.00 Clubcard Price,,/groceries/en-GB/products/306647826,https://digitalcontent.api.tesco.com/v2/media/ghs/e31b2b12-e327-423f-ae10-16d646ee3838/ee151c4c-6d2c-40f4-82e8-e47a614a2edb_1421267032.jpeg?h=225&w=225
251687848,Sanex Invisible Dry Roll On Deodorant 50Ml,https://www.tesco.com/groceries/en-GB/shop/health-and-beauty/all?department=Women%27s%20Toiletries&viewAll=department&page=,£1.50,£3.00/100ml,,,/groceries/en-GB/products/251687848,https://digitalcontent.api.tesco.com/v2/media/ghs/63c5b67c-8c7c-42fb-84e5-0da3d5de0311/0fcfd1bc-de92-49d3-a999-584385a3c6e6_1659818647.jpeg?h=225&w=225
306653352,Bodyform Dailies Extra Protection Regular Liners X26,https://www.tesco.com/groceries/en-GB/shop/health-and-beauty/all?department=Women%27s%20Toiletries&viewAll=department&page=,£1.75,£0.07/each,£1.00 Clubcard Price,,/groceries/en-GB/products/306653352,https://digitalcontent.api.tesco.com/v2/media/ghs/6a3d7028-ad91-4bb2-b3ad-8b35d9fef395/a9313ad3-3b7a-4103-bf7f-c90d7b99c30b_1003163611.jpeg?h=225&w=225
307756747,Tesco Free Spirit Regular Non Applicator Tampons 24 Pack,https://www.tesco.com/groceries/en-GB/shop/health-and-beauty/all?department=Women%27s%20Toiletries&viewAll=department&page=,£1.10,£0.05/each,,,/groceries/en-GB/products/307756747,https://digitalcontent.api.tesco.com/v2/media/ghs/ba33da7b-0fb4-4671-8cab-8c4c2605221c/9a8b475e-dd3b-4212-b693-a936fbde80ed_697457249.jpeg?h=225&w=225
266415004,Gillette Simply Venus 3 Blade Disposable Razors 4 Pack,https://www.tesco.com/groceries/en-GB/shop/health-and-beauty/all?department=Women%27s%20Toiletries&viewAll=department&page=,£2.50,£0.62/each,,,/groceries/en-GB/products/266415004,https://digitalcontent.api.tesco.com/v2/media/ghs/d8051f33-d167-4139-afde-aeeeca168c09/b7205b27-b635-4863-92d1-255c85f0a566_1385020974.jpeg?h=225&w=225
301179420,Tesco Free Spirit Panty Liners Ultra Thin 30 Pack,https://www.tesco.com/groceries/en-GB/shop/health-and-beauty/all?department=Women%27s%20Toiletries&viewAll=department&page=,£0.90,£0.03/each,,,/groceries/en-GB/products/301179420,https://digitalcontent.api.tesco.com/v2/media/ghs/1da22a0d-6c77-4f90-9b75-fd89103cfc11/c058b339-d23a-49f6-a423-3175bbcfd5f6_1041388031.jpeg?h=225&w=225
307755633,Tesco Free Spirit Super Non Applicator Tampons 24 Pack,https://www.tesco.com/groceries/en-GB/shop/health-and-beauty/all?department=Women%27s%20Toiletries&viewAll=department&page=,£1.10,£0.05/each,,,/groceries/en-GB/products/307755633,https://digitalcontent.api.tesco.com/v2/media/ghs/48bf0ed8-0acc-4789-a3d7-b084a30cd7e1/b4858eb0-dd3b-40c8-9189-7c7746321a79_709465902.jpeg?h=225&w=225
299225910,Dove Invisible Care Anti Perspirant 250Ml,https://www.tesco.com/groceries/en-GB/shop/health-and-beauty/all?department=Women%27s%20Toiletries&viewAll=department&page=,£2.00,£0.80/100ml,,,/groceries/en-GB/products/299225910,https://digitalcontent.api.tesco.com/v2/media/ghs/f50557c9-4720-44ab-8e54-6d2e22da39c6/5d795575-8b24-4dcc-835c-a53c6e084aa9_1633918696.jpeg?h=225&w=225
258903752,Nivea For Women Pearl & Beauty Antiperspirant Deodorant 150Ml,https://www.tesco.com/groceries/en-GB/shop/health-and-beauty/all?department=Women%27s%20Toiletries&viewAll=department&page=,£1.30,£0.87/100ml,,,/groceries/en-GB/products/258903752,https://digitalcontent.api.tesco.com/v2/media/ghs/13783e0c-9db4-4487-bf11-1066a5bbe6e3/a45b9138-6e1f-43d2-b7de-7e27c8529787.jpeg?h=225&w=225
268330567,Tampax Super Plus Tampons With Applicator 20 Pack,https://www.tesco.com/groceries/en-GB/shop/health-and-beauty/all?department=Women%27s%20Toiletries&viewAll=department&page=,£1.90,£0.10/each,,,/groceries/en-GB/products/268330567,https://digitalcontent.api.tesco.com/v2/media/ghs/424da16d-b841-4ff3-8318-6b8067a59d26/19e23d04-6298-445d-a9b6-32e155a5aa48_2142094722.jpeg?h=225&w=225
268330832,Tampax Regular Tampons With Applicator 20 Pack,https://www.tesco.com/groceries/en-GB/shop/health-and-beauty/all?department=Women%27s%20Toiletries&viewAll=department&page=,£1.90,£0.10/each,,,/groceries/en-GB/products/268330832,https://digitalcontent.api.tesco.com/v2/media/ghs/04fb2dd0-63e6-4304-9ead-0bbba08a1a6e/9b996b65-e691-465b-a9cc-29679d547be8_1606774218.jpeg?h=225&w=225
301179201,Tesco Essentials Maxi Towels 10 Pack,https://www.tesco.com/groceries/en-GB/shop/health-and-beauty/all?department=Women%27s%20Toiletries&viewAll=department&page=,£0.40,£0.04/each,,,/groceries/en-GB/products/301179201,https://digitalcontent.api.tesco.com/v2/media/ghs/e080f159-d43a-420f-aced-90daf2544956/832a983c-90c9-47f9-89bc-43ace0cc69c2_112151857.jpeg?h=225&w=225
260567645,Alberto Balsam Ultra Strong Hair Gel 200Ml,https://www.tesco.com/groceries/en-GB/shop/health-and-beauty/all?department=Women%27s%20Toiletries&viewAll=department&page=,£1.00,£0.50/100ml,,,/groceries/en-GB/products/260567645,https://digitalcontent.api.tesco.com/v2/media/ghs/06e0fe1a-0219-4538-ba3e-6ea68649688e/70663724-e80b-40b3-bc68-c97975ac7f6c_738866919.jpeg?h=225&w=225
301412980,Tesco Free Spirit Regular Applicator Tampons 20 Pack,https://www.tesco.com/groceries/en-GB/shop/health-and-beauty/all?department=Women%27s%20Toiletries&viewAll=department&page=,£1.10,£0.06/each,,,/groceries/en-GB/products/301412980,https://digitalcontent.api.tesco.com/v2/media/ghs/dc7e9a05-405f-45f3-b0c8-1e3dbad2f14c/22fdbd3b-ab8c-47b2-850b-163a4dd35dc9_142451114.jpeg?h=225&w=225
263745954,Sure Women Cool Blue Roll-On Antiperspirant Deodorant 50Ml,https://www.tesco.com/groceries/en-GB/shop/health-and-beauty/all?department=Women%27s%20Toiletries&viewAll=department&page=,£1.00,£2.00/100ml,,,/groceries/en-GB/products/263745954,https://digitalcontent.api.tesco.com/v2/media/ghs/f9c5b0ef-04a6-4496-ac51-6cfa3f426ea2/544dbf3c-aa75-4a36-92f8-10a79ef93730_1380516486.jpeg?h=225&w=225
310651164,Always Ultra Size 3 Night With Wings Sanitary Towels 9 Pack,https://www.tesco.com/groceries/en-GB/shop/health-and-beauty/all?department=Women%27s%20Toiletries&viewAll=department&page=,£1.80,£0.20/each,Any 3 for £4 Clubcard Price - Selected Always Ultra Sanitary Towels Size 1 - 5 8 - 15 Pack,,/groceries/en-GB/products/310651164,https://digitalcontent.api.tesco.com/v2/media/ghs/f50a9001-5d8f-4c69-b890-be3d8c834412/3c2cb47b-cd99-4275-97c1-6bf8561e9556_1331175246.jpeg?h=225&w=225
304375534,Johnson's Baby Cotton Buds 100 Buds,https://www.tesco.com/groceries/en-GB/shop/health-and-beauty/all?department=Women%27s%20Toiletries&viewAll=department&page=,£0.90,£0.01/each,,,/groceries/en-GB/products/304375534,https://digitalcontent.api.tesco.com/v2/media/ghs/e174c5d1-802e-42c5-b325-65a5b6493644/46b25651-3169-4594-8696-8ff33d5964ce_493635379.jpeg?h=225&w=225
301413005,Tesco Free Spirit Super Applicator Tampons 20 Pack,https://www.tesco.com/groceries/en-GB/shop/health-and-beauty/all?department=Women%27s%20Toiletries&viewAll=department&page=,£1.10,£0.06/each,,,/groceries/en-GB/products/301413005,https://digitalcontent.api.tesco.com/v2/media/ghs/5540c5e2-d8be-4472-90d0-8999ef02b9bf/b024cf84-d1b9-4753-8dec-7bf4b5670fab_1139904041.jpeg?h=225&w=225
263594803,Dove Go Fresh Cucumber Roll-On Antiperspirant Deodorant 50Ml,https://www.tesco.com/groceries/en-GB/shop/health-and-beauty/all?department=Women%27s%20Toiletries&viewAll=department&page=,£1.00,£2.00/100ml,,,/groceries/en-GB/products/263594803,https://digitalcontent.api.tesco.com/v2/media/ghs/7c2ebec4-2c03-468b-b31e-36dd9a6b88c9/303fb7c9-fef3-4acd-baf2-719c88c03a94_1532038021.jpeg?h=225&w=225
299918851,Tampax Compak Super Plus Applicator Tampons 18,https://www.tesco.com/groceries/en-GB/shop/health-and-beauty/all?department=Women%27s%20Toiletries&viewAll=department&page=,£2.00,£0.11/each,,,/groceries/en-GB/products/299918851,https://digitalcontent.api.tesco.com/v2/media/ghs/ace383e4-4503-4dd9-a9d1-d66f31cc5353/659dbd6f-4551-452b-8057-1a730a80b3b1_1063207245.jpeg?h=225&w=225
299918880,Tampax Compak Super Applicator Tampons 18,https://www.tesco.com/groceries/en-GB/shop/health-and-beauty/all?department=Women%27s%20Toiletries&viewAll=department&page=,£2.00,£0.11/each,,,/groceries/en-GB/products/299918880,https://digitalcontent.api.tesco.com/v2/media/ghs/b74b57a9-cdf3-4352-823c-e37d33ff858c/ffabfc07-125d-43b1-9a1f-9e32719b22a5_1243037552.jpeg?h=225&w=225
297201855,Tena Lady Pants Plus Large 8Pcs,https://www.tesco.com/groceries/en-GB/shop/health-and-beauty/all?department=Women%27s%20Toiletries&viewAll=department&page=,£7.75,£0.97/each,,,/groceries/en-GB/products/297201855,https://digitalcontent.api.tesco.com/v2/media/ghs/3c2a7ba8-6e2d-41dd-a6c5-3c15aa74e93f/0971db5b-c4ad-4d41-af79-9d959e16e2f7_1965011752.jpeg?h=225&w=225
266121806,Gillette Venus Comfort Glide Blade 4 Pack,https://www.tesco.com/groceries/en-GB/shop/health-and-beauty/all?department=Women%27s%20Toiletries&viewAll=department&page=,£12.00,£3.00/each,£10.00 Clubcard Price,,/groceries/en-GB/products/266121806,https://digitalcontent.api.tesco.com/v2/media/ghs/e2185dfb-1f61-4b90-afd2-67a8d49fa9f2/efbc1f14-bd88-4dd2-a7ba-5b12d086bf6c_662702338.jpeg?h=225&w=225
281863781,Garnier Micellar Water Sensitive 400Ml,https://www.tesco.com/groceries/en-GB/shop/health-and-beauty/all?department=Women%27s%20Toiletries&viewAll=department&page=,£6.00,£1.50/100ml,,,/groceries/en-GB/products/281863781,https://digitalcontent.api.tesco.com/v2/media/ghs/c3d6981e-a9b1-4437-b2ab-fe8b4ad279ed/4ab89387-8794-4cad-8e5d-48804026a137_1857169364.jpeg?h=225&w=225
259880355,L'oreal Paris Elnett Normal Strength Hair Spray 400Ml,https://www.tesco.com/groceries/en-GB/shop/health-and-beauty/all?department=Women%27s%20Toiletries&viewAll=department&page=,£6.95,£1.74/100ml,£5.00 Clubcard Price,,/groceries/en-GB/products/259880355,https://digitalcontent.api.tesco.com/v2/media/ghs/7d8109e2-0033-4d3d-9a8f-b371a70ccf38/b091a494-8a11-4174-9292-eb9a6bbcb1a7_317005695.jpeg?h=225&w=225
259880240,L'oreal Paris Elnett Supreme Hold Hair Spray 400Ml,https://www.tesco.com/groceries/en-GB/shop/health-and-beauty/all?department=Women%27s%20Toiletries&viewAll=department&page=,£6.95,£1.74/100ml,£5.00 Clubcard Price,,/groceries/en-GB/products/259880240,https://digitalcontent.api.tesco.com/v2/media/ghs/629b194f-3b8c-47cf-9995-95b49055b79f/709dd0e9-42ee-4758-bb87-a78a9fe2eebe_1751838675.jpeg?h=225&w=225
303194156,Always Maxi Size 3 Night Sanitary Towels 9 Pack,https://www.tesco.com/groceries/en-GB/shop/health-and-beauty/all?department=Women%27s%20Toiletries&viewAll=department&page=,£2.00,£0.22/each,,,/groceries/en-GB/products/303194156,https://digitalcontent.api.tesco.com/v2/media/ghs/73fbb73b-f72c-4fd9-b0a1-0d650df527ad/0becd24f-5613-4882-a225-37386bb32b87_644489566.jpeg?h=225&w=225
276188389,Tresemme Protect Heat Defence Styling Spray 300Ml,https://www.tesco.com/groceries/en-GB/shop/health-and-beauty/all?department=Women%27s%20Toiletries&viewAll=department&page=,£4.00,£1.34/100ml,,,/groceries/en-GB/products/276188389,https://digitalcontent.api.tesco.com/v2/media/ghs/b541e3d9-aa6b-4a12-a518-26c60a94f07b/a2281bb8-f5f2-4525-a474-35f00d040d83_255722540.jpeg?h=225&w=225
253028897,Wilkinson Sword Xtreme 3 Comfort Womens Disposable Razor X4,https://www.tesco.com/groceries/en-GB/shop/health-and-beauty/all?department=Women%27s%20Toiletries&viewAll=department&page=,£3.75,£0.94/each,,,/groceries/en-GB/products/253028897,https://digitalcontent.api.tesco.com/v2/media/ghs/d6f9a8b0-448e-4aa8-bc02-fb8571bc22de/4778837e-4770-4afd-b688-8ed79db4ce00_693173056.jpeg?h=225&w=225
261499729,Sanex Dermo Invisible Antiperspirant Deodorant 250Ml,https://www.tesco.com/groceries/en-GB/shop/health-and-beauty/all?department=Women%27s%20Toiletries&viewAll=department&page=,£3.00,£1.20/100ml,,,/groceries/en-GB/products/261499729,https://digitalcontent.api.tesco.com/v2/media/ghs/4da014a4-22a8-4962-a6b9-bd6f596b4887/6ef39d93-6ab2-4b34-a1a0-46d822d1c1bd.jpeg?h=225&w=225
261499656,Sanex Dermo Sensitive Deodorant 250Ml,https://www.tesco.com/groceries/en-GB/shop/health-and-beauty/all?department=Women%27s%20Toiletries&viewAll=department&page=,£3.00,£1.20/100ml,,,/groceries/en-GB/products/261499656,https://digitalcontent.api.tesco.com/v2/media/ghs/766675a1-3993-4c6e-9c26-870106fb62f3/f4de0516-ac3f-45bd-9263-a537ae1d1248.jpeg?h=225&w=225
263551307,Dove Maximum Protection Original Clean Cream Antiperspirant Deodorant 45Ml,https://www.tesco.com/groceries/en-GB/shop/health-and-beauty/all?department=Women%27s%20Toiletries&viewAll=department&page=,£5.00,£11.12/100ml,£4.00 Clubcard Price,,/groceries/en-GB/products/263551307,https://digitalcontent.api.tesco.com/v2/media/ghs/bc14866d-49ff-4a6d-af0c-a10d4c409970/0698884f-7c34-421b-a733-8c9f5f0f29d6_999890720.jpeg?h=225&w=225
281946862,Mitchum Powder Fresh Antiperspirant Deodorant 200Ml,https://www.tesco.com/groceries/en-GB/shop/health-and-beauty/all?department=Women%27s%20Toiletries&viewAll=department&page=,£3.00,£1.50/100ml,,,/groceries/en-GB/products/281946862,https://digitalcontent.api.tesco.com/v2/media/ghs/42a2e13e-2160-48e0-82f1-08ccfeeadb90/0dd5ec63-786f-44cd-9c28-467b0a336905.jpeg?h=225&w=225
271159138,Batiste Dry Shampoo Tropical 200Ml,https://www.tesco.com/groceries/en-GB/shop/health-and-beauty/all?department=Women%27s%20Toiletries&viewAll=department&page=,£3.00,£1.50/100ml,,,/groceries/en-GB/products/271159138,https://digitalcontent.api.tesco.com/v2/media/ghs/cc50fbdd-8135-4e0e-acb7-666c1e8e3f89/0e8f956b-ff2f-4f66-9123-7ec0c142da92_819760268.jpeg?h=225&w=225
256514138,Shockwaves Volume Mousse Ultra Strong 200Ml,https://www.tesco.com/groceries/en-GB/shop/health-and-beauty/all?department=Women%27s%20Toiletries&viewAll=department&page=,£2.75,£1.38/100ml,,,/groceries/en-GB/products/256514138,https://digitalcontent.api.tesco.com/v2/media/ghs/31feb215-21d0-4da7-8075-0fe2135d0118/340b5c82-ef8b-4f9f-bf39-67947f3027ea_1925156916.jpeg?h=225&w=225
297386740,Garnier Micellar Water Sensitive 700Ml,https://www.tesco.com/groceries/en-GB/shop/health-and-beauty/all?department=Women%27s%20Toiletries&viewAll=department&page=,£5.00,£0.72/100ml,,,/groceries/en-GB/products/297386740,https://digitalcontent.api.tesco.com/v2/media/ghs/8c63fac5-4b17-4380-aefd-c141d39eaf26/aeb225bc-8ffa-4303-a753-b7ce6a42e004_1565693965.jpeg?h=225&w=225
274268436,Lil Lets Non Applicator Ultra Tampons 10 Pack,https://www.tesco.com/groceries/en-GB/shop/health-and-beauty/all?department=Women%27s%20Toiletries&viewAll=department&page=,£2.20,£0.22/each,,,/groceries/en-GB/products/274268436,https://digitalcontent.api.tesco.com/v2/media/ghs/01527a70-8741-400a-8f94-ea74fdc1ec3d/b99d8ef2-9423-42a2-b316-ff14aff83b90_742271118.jpeg?h=225&w=225
290873473,Mitchum Aerosol Pure Fresh 200Ml,https://www.tesco.com/groceries/en-GB/shop/health-and-beauty/all?department=Women%27s%20Toiletries&viewAll=department&page=,£3.00,£1.50/100ml,,,/groceries/en-GB/products/290873473,https://digitalcontent.api.tesco.com/v2/media/ghs/9374433d-a8e3-407f-a623-a0a34bd951c3/9dc16e78-a77d-44dc-9ca4-af4369d2cf8a_2007663680.jpeg?h=225&w=225
311226617,Sure 72 Hour Bright Bouquet Antiperspirant 250Ml,https://www.tesco.com/groceries/en-GB/shop/health-and-beauty/all?department=Women%27s%20Toiletries&viewAll=department&page=,£3.00,£12.00/litre,,,/groceries/en-GB/products/311226617,https://digitalcontent.api.tesco.com/v2/media/ghs/f24dd515-f9c5-429f-be7f-9421e9e89401/0c99943e-8b3a-4a82-9f14-d9093ae65c42_1560756198.jpeg?h=225&w=225
302112982,Always Platinum Size 2 Super Wings Sanitary Towels 20 Pack,https://www.tesco.com/groceries/en-GB/shop/health-and-beauty/all?department=Women%27s%20Toiletries&viewAll=department&page=,£2.85,£0.14/each,Any 2 for £5 Clubcard Price - Selected Always Sanitary Towels Size 1 - 3 16 - 24 Pack,,/groceries/en-GB/products/302112982,https://digitalcontent.api.tesco.com/v2/media/ghs/884d80b0-6a7d-4318-a52a-743fcd9f2ffc/a9601dec-b6ae-4254-bf4f-158bb943dec7_1279632050.jpeg?h=225&w=225
302112890,Always Platinum Night Size 3 Sanitary Towels 16 Pack,https://www.tesco.com/groceries/en-GB/shop/health-and-beauty/all?department=Women%27s%20Toiletries&viewAll=department&page=,£2.85,£0.18/each,Any 2 for £5 Clubcard Price - Selected Always Sanitary Towels Size 1 - 3 16 - 24 Pack,,/groceries/en-GB/products/302112890,https://digitalcontent.api.tesco.com/v2/media/ghs/bfcb4690-c860-4eac-8b33-9d815960e2e8/0104bc1a-4c27-44f1-9e9d-7662aa503bef_1940467502.jpeg?h=225&w=225
295983110,Mitchum Stick Pure Fresh Deo 41G,https://www.tesco.com/groceries/en-GB/shop/health-and-beauty/all?department=Women%27s%20Toiletries&viewAll=department&page=,£3.00,£7.32/100g,,,/groceries/en-GB/products/295983110,https://digitalcontent.api.tesco.com/v2/media/ghs/8f01b527-f399-4991-84ec-527ed290d5bb/a5f632bf-033b-4cf8-b377-b68814f6a961_1045042279.jpeg?h=225&w=225
257874239,Lil Lets Non Applicator Regular Tampons 16 Pack,https://www.tesco.com/groceries/en-GB/shop/health-and-beauty/all?department=Women%27s%20Toiletries&viewAll=department&page=,£2.20,£0.14/each,,,/groceries/en-GB/products/257874239,https://digitalcontent.api.tesco.com/v2/media/ghs/1cbe99de-ae87-4c1f-8823-96ae245ccc64/f0dfc1f7-7027-43bf-9a86-ae41ef32bcb5_1105509403.jpeg?h=225&w=225
311208061,Sure 72 Hour Invisible Aqua Antiperspirant 150Ml,https://www.tesco.com/groceries/en-GB/shop/health-and-beauty/all?department=Women%27s%20Toiletries&viewAll=department&page=,£2.50,£16.67/litre,£1.50 Clubcard Price,,/groceries/en-GB/products/311208061,https://digitalcontent.api.tesco.com/v2/media/ghs/017a240d-ba27-41da-a9a6-f91d34249a6f/d71a31fa-10e7-4d79-a4d3-97a429c2f27c_1736051732.jpeg?h=225&w=225
262604743,Silvikrin Maximum Hold Hair Spray 250Ml,https://www.tesco.com/groceries/en-GB/shop/health-and-beauty/all?department=Women%27s%20Toiletries&viewAll=department&page=,£3.20,£1.28/100ml,£2.50 Clubcard Price,,/groceries/en-GB/products/262604743,https://digitalcontent.api.tesco.com/v2/media/ghs/d3ce5756-ab97-4c8e-b81b-e5e7d4338ee9/122b33d7-2c5d-47b0-979d-a4c8b6c6859a_1723035374.jpeg?h=225&w=225
305430404,Simple Age Resisting Wipes 20 Pack,https://www.tesco.com/groceries/en-GB/shop/health-and-beauty/all?department=Women%27s%20Toiletries&viewAll=department&page=,£2.30,£11.50/100sht,,,/groceries/en-GB/products/305430404,https://digitalcontent.api.tesco.com/v2/media/ghs/4e2f6588-3ec6-4580-a1ec-bb352bc55583/a78cd5a8-1da3-45de-9c7d-6a25ad62281b_1324159775.jpeg?h=225&w=225
311203694,Sure 72H Bright Bouquet Antiperspirant 150Ml,https://www.tesco.com/groceries/en-GB/shop/health-and-beauty/all?department=Women%27s%20Toiletries&viewAll=department&page=,£2.50,£1.67/100ml,£1.50 Clubcard Price,,/groceries/en-GB/products/311203694,https://digitalcontent.api.tesco.com/v2/media/ghs/76cfa863-87a2-4ded-b0d9-c5b863150d28/0264e01a-1d8b-45e0-a43d-624632ec7e81_83096151.jpeg?h=225&w=225
301179126,Tesco Free Spirit Disposable Bags 50 Pack,https://www.tesco.com/groceries/en-GB/shop/health-and-beauty/all?department=Women%27s%20Toiletries&viewAll=department&page=,£1.00,£0.02/each,,,/groceries/en-GB/products/301179126,https://digitalcontent.api.tesco.com/v2/media/ghs/59fb173f-ba94-4ae5-9f08-c7a43b65870b/91d2265a-6e54-4df2-9fbc-b737db8c7c95_1237418164.jpeg?h=225&w=225
262484601,Tresemme Firm Hold Hair Spray 100Ml,https://www.tesco.com/groceries/en-GB/shop/health-and-beauty/all?department=Women%27s%20Toiletries&viewAll=department&page=,£2.20,£2.20/100ml,£1.75 Clubcard Price,,/groceries/en-GB/products/262484601,https://digitalcontent.api.tesco.com/v2/media/ghs/3899e44d-0358-45a9-98c4-3f3b9e2d8512/0c74d439-ff4c-4b93-a9e9-b88e59535dc6_452299832.jpeg?h=225&w=225
295176887,Girlz Only Brnete Argan Dry Shampoo 200Ml,https://www.tesco.com/groceries/en-GB/shop/health-and-beauty/all?department=Women%27s%20Toiletries&viewAll=department&page=,£2.10,£1.05/100ml,£1.60 Clubcard Price,,/groceries/en-GB/products/295176887,https://digitalcontent.api.tesco.com/v2/media/ghs/cbe12354-a704-4279-85bf-1644ceff07aa/cfd8655b-01f5-49f6-9a5f-c5fa1a4a080a_1849724200.jpeg?h=225&w=225
301361117,Tesco Kind And Pure Cleansing Micellar Water 200Ml,https://www.tesco.com/groceries/en-GB/shop/health-and-beauty/all?department=Women%27s%20Toiletries&viewAll=department&page=,£1.60,£0.80/100ml,,,/groceries/en-GB/products/301361117,https://digitalcontent.api.tesco.com/v2/media/ghs/2c54622b-f886-495b-8141-984ac73687ca/62deac1f-947d-44dd-8747-a738e0ba135b_576613365.jpeg?h=225&w=225
311431227,Soft & Gentle Antiperspirant Deodorant Fresh Blossom 250Ml,https://www.tesco.com/groceries/en-GB/shop/health-and-beauty/all?department=Women%27s%20Toiletries&viewAll=department&page=,£2.30,£0.92/100ml,,,/groceries/en-GB/products/311431227,https://digitalcontent.api.tesco.com/v2/media/ghs/a7c33354-5c9f-4960-a80e-792eec7096d7/644d8765-9025-4616-b569-54fd6018ec09_1992757139.jpeg?h=225&w=225
255635221,Silvikrin Firm Hold Hair Spray 75Ml,https://www.tesco.com/groceries/en-GB/shop/health-and-beauty/all?department=Women%27s%20Toiletries&viewAll=department&page=,£1.65,£2.20/100ml,,,/groceries/en-GB/products/255635221,https://digitalcontent.api.tesco.com/v2/media/ghs/b90d838e-609f-4747-9707-c94fb27e1783/229859d2-cef9-459f-ad25-15cec3110014_1246528073.jpeg?h=225&w=225
299488287,Gillette Venus Tropical Disposable Razors 3Pack,https://www.tesco.com/groceries/en-GB/shop/health-and-beauty/all?department=Women%27s%20Toiletries&viewAll=department&page=,£5.25,£1.75/each,,,/groceries/en-GB/products/299488287,https://digitalcontent.api.tesco.com/v2/media/ghs/9f9bcdc4-ec5e-4421-8485-0c14f3a23a5f/580a9f90-7423-4063-98da-3b72c4ef5809_1695087963.jpeg?h=225&w=225
253393244,Nivea Gentle Eye Make Up Remover 125Ml,https://www.tesco.com/groceries/en-GB/shop/health-and-beauty/all?department=Women%27s%20Toiletries&viewAll=department&page=,£2.10,£1.68/100ml,,,/groceries/en-GB/products/253393244,https://digitalcontent.api.tesco.com/v2/media/ghs/5322e4d5-a013-4bfd-9bae-bd0ee534c495/7c5404c7-5239-468e-b075-3e1e5526a7ff_1591885101.jpeg?h=225&w=225
274730897,Nivea Daily Essential Refresh Facial Wash Gel 150Ml,https://www.tesco.com/groceries/en-GB/shop/health-and-beauty/all?department=Women%27s%20Toiletries&viewAll=department&page=,£2.20,£1.47/100ml,,,/groceries/en-GB/products/274730897,https://digitalcontent.api.tesco.com/v2/media/ghs/53c6b803-5b6e-45f7-a083-26685d449a1a/ffb2a59a-50ab-418b-a7b2-da99cf0c02c9_1644952131.jpeg?h=225&w=225
295165543,Girlz Only Dry Shampoo Nude 200Ml,https://www.tesco.com/groceries/en-GB/shop/health-and-beauty/all?department=Women%27s%20Toiletries&viewAll=department&page=,£1.50,£0.75/100ml,£1.20 Clubcard Price,,/groceries/en-GB/products/295165543,https://digitalcontent.api.tesco.com/v2/media/ghs/0fbadef8-8ae7-44df-adfb-5b3931d7b2e3/bc762fa3-bfd8-47e0-b966-cc06ccbb895f_873013264.jpeg?h=225&w=225
307762555,Tesco Free Spirit Super Plus Non Applicator Tampons 24 Pack,https://www.tesco.com/groceries/en-GB/shop/health-and-beauty/all?department=Women%27s%20Toiletries&viewAll=department&page=,£1.10,£0.05/each,,,/groceries/en-GB/products/307762555,https://digitalcontent.api.tesco.com/v2/media/ghs/d2025a18-f2cb-4163-8cb9-63ac862567d6/1f0cdf01-4d50-43ce-935d-5992d7912937_1584378861.jpeg?h=225&w=225
268179959,Nivea Black & White Clear Antiperspirant Deodorant 150Ml,https://www.tesco.com/groceries/en-GB/shop/health-and-beauty/all?department=Women%27s%20Toiletries&viewAll=department&page=,£1.30,£0.87/100ml,,,/groceries/en-GB/products/268179959,https://digitalcontent.api.tesco.com/v2/media/ghs/6135a86c-4b6e-4dba-bf70-7b53b7a356c0/66869cda-d505-44a7-8bbb-495f584e65e0.jpeg?h=225&w=225
311444990,Dove Go Fresh Passion Fruit & Lgrass 250Ml,https://www.tesco.com/groceries/en-GB/shop/health-and-beauty/all?department=Women%27s%20Toiletries&viewAll=department&page=,£2.00,£0.80/100ml,,,/groceries/en-GB/products/311444990,https://digitalcontent.api.tesco.com/v2/media/ghs/91bb513b-5be8-48a5-95e8-e974ae5a74b6/263889c7-29c1-4c6c-80e2-bd45d0153c40_2037451593.jpeg?h=225&w=225
301796576,Always Dailies Slim Multiform Fresh Panty Liners 26,https://www.tesco.com/groceries/en-GB/shop/health-and-beauty/all?department=Women%27s%20Toiletries&viewAll=department&page=,£0.95,£0.04/each,,,/groceries/en-GB/products/301796576,https://digitalcontent.api.tesco.com/v2/media/ghs/c42774e2-3e4f-48ca-8998-24972147a4cd/cc554f75-c089-4554-8c73-42a165b8975b_1103134595.jpeg?h=225&w=225
266414973,Gillette Venus Oceana 3 Blade Disposable Razor 3 Pack,https://www.tesco.com/groceries/en-GB/shop/health-and-beauty/all?department=Women%27s%20Toiletries&viewAll=department&page=,£5.25,£1.75/each,£3.50 Clubcard Price,,/groceries/en-GB/products/266414973,https://digitalcontent.api.tesco.com/v2/media/ghs/d25e8176-26c3-4311-9cc8-fdadecbbf77d/0086f652-d483-48fb-853c-7b544be25284_2024301248.jpeg?h=225&w=225
301413028,Tesco Free Spirit Super Plus Applicator Tampons 20 Pack,https://www.tesco.com/groceries/en-GB/shop/health-and-beauty/all?department=Women%27s%20Toiletries&viewAll=department&page=,£1.10,£0.06/each,,,/groceries/en-GB/products/301413028,https://digitalcontent.api.tesco.com/v2/media/ghs/485de74f-c022-49d7-94ea-10b5932074b2/b06e9f45-5ffc-4db1-a15c-bf7a70661eac_112188926.jpeg?h=225&w=225
304781174,Gillette Venus 3 Sensitive Razor Blades 4 Pack,https://www.tesco.com/groceries/en-GB/shop/health-and-beauty/all?department=Women%27s%20Toiletries&viewAll=department&page=,£3.95,£0.99/each,£2.50 Clubcard Price,,/groceries/en-GB/products/304781174,https://digitalcontent.api.tesco.com/v2/media/ghs/7d4c3975-0046-4423-bab8-b16df5c5740e/409e9f68-a228-4c8d-8513-8d5f430a0f14_2012596469.jpeg?h=225&w=225
310158034,Tesco Free Spirit Discreet Active Underwear M-L 10 Pack,https://www.tesco.com/groceries/en-GB/shop/health-and-beauty/all?department=Women%27s%20Toiletries&viewAll=department&page=,£6.25,£0.62/each,,,/groceries/en-GB/products/310158034,https://digitalcontent.api.tesco.com/v2/media/ghs/786442b6-b051-417b-8a03-fd4830e83ea1/26b9b0a0-8cf2-4c33-b5e3-50cfb6e16500_1417701265.jpeg?h=225&w=225
291265304,Tena Lady Large Bladder Weakness Pants 10 Pack,https://www.tesco.com/groceries/en-GB/shop/health-and-beauty/all?department=Women%27s%20Toiletries&viewAll=department&page=,£7.75,£0.78/each,,,/groceries/en-GB/products/291265304,https://digitalcontent.api.tesco.com/v2/media/ghs/aad9ce9e-97da-4796-9b2c-9054454dc4bb/23efffae-d07c-401a-9f5f-36c53918bb44_1990394304.jpeg?h=225&w=225
291265327,Tena Lady Medium Bladder Weakness Pants 12 Pack,https://www.tesco.com/groceries/en-GB/shop/health-and-beauty/all?department=Women%27s%20Toiletries&viewAll=department&page=,£7.75,£0.65/each,,,/groceries/en-GB/products/291265327,https://digitalcontent.api.tesco.com/v2/media/ghs/7ced9dd2-3a64-4656-a953-daefe1d3fe7a/29ecfc5e-5c9b-41b9-8d77-6fb71f4b6a7a_1253684195.jpeg?h=225&w=225
251448005,Gillette Venus Smooth Razor Blades Refill 4 Pack,https://www.tesco.com/groceries/en-GB/shop/health-and-beauty/all?department=Women%27s%20Toiletries&viewAll=department&page=,£8.50,£2.13/each,,,/groceries/en-GB/products/251448005,https://digitalcontent.api.tesco.com/v2/media/ghs/127795e9-1dbd-4da5-96f3-a069061e8d8f/e10a817f-8bbb-478b-b93d-6b3939724f19_348938606.jpeg?h=225&w=225
284127525,Always Discreet Normal Medium Incontinence Pants 12 Pack,https://www.tesco.com/groceries/en-GB/shop/health-and-beauty/all?department=Women%27s%20Toiletries&viewAll=department&page=,£7.20,£0.60/each,,,/groceries/en-GB/products/284127525,https://digitalcontent.api.tesco.com/v2/media/ghs/715dd8a3-1efc-4b88-a72e-0286e69301a1/db08d16d-ee1f-45dc-bdad-a61692cc2864_356241294.jpeg?h=225&w=225
284127387,Always Discreet Normal Large Incontinence Pants 10 Pack,https://www.tesco.com/groceries/en-GB/shop/health-and-beauty/all?department=Women%27s%20Toiletries&viewAll=department&page=,£7.20,£0.72/each,,,/groceries/en-GB/products/284127387,https://digitalcontent.api.tesco.com/v2/media/ghs/4ee11f4d-d51e-4e70-a985-2e628b17489a/c25b8200-b46b-404b-8a18-a56a65d1f83d_459343779.jpeg?h=225&w=225
262605552,Silvikrin Natural Hair Spray 400Ml,https://www.tesco.com/groceries/en-GB/shop/health-and-beauty/all?department=Women%27s%20Toiletries&viewAll=department&page=,£4.20,£1.05/100ml,,,/groceries/en-GB/products/262605552,https://digitalcontent.api.tesco.com/v2/media/ghs/d8d03d6c-c4c3-49b7-b2fa-30bebc7591bc/5b3a47a5-84d5-4420-9155-86817634809f_1698438375.jpeg?h=225&w=225
261503023,John Frieda Frizz Ease Curl Reviver Mousse 200Ml,https://www.tesco.com/groceries/en-GB/shop/health-and-beauty/all?department=Women%27s%20Toiletries&viewAll=department&page=,£7.00,£3.50/100ml,Any 2 for £9 Clubcard Price - Selected John Frieda Haircare Products,,/groceries/en-GB/products/261503023,https://digitalcontent.api.tesco.com/v2/media/ghs/bf6a2da7-51a4-44c5-8184-e89a0ab15ea9/41dfaf6d-86bc-4ab9-9d9b-87333be3c8c4_1846852970.jpeg?h=225&w=225
260566623,Vo5 Mega Hold Gel Spray 200Ml,https://www.tesco.com/groceries/en-GB/shop/health-and-beauty/all?department=Women%27s%20Toiletries&viewAll=department&page=,£3.50,£1.75/100ml,,,/groceries/en-GB/products/260566623,https://digitalcontent.api.tesco.com/v2/media/ghs/8de047c2-163e-4aa8-b4bc-7311cdbb3048/3213051d-a67d-4925-92af-a48f30252900_237565035.jpeg?h=225&w=225
258964068,Simple Kind To Eyes Eye Make-Up Remover Pads 30S,https://www.tesco.com/groceries/en-GB/shop/health-and-beauty/all?department=Women%27s%20Toiletries&viewAll=department&page=,£3.20,£0.11/each,,,/groceries/en-GB/products/258964068,https://digitalcontent.api.tesco.com/v2/media/ghs/d7db154d-6f12-4aa2-a2e4-2e1a706523eb/d94af2db-5aea-42e2-8cbf-f3796a17c7b0_2046811768.jpeg?h=225&w=225
308484600,Nivea Biodegradable Cleansing Wipes Sensitive Skin 25 Wipes,https://www.tesco.com/groceries/en-GB/shop/health-and-beauty/all?department=Women%27s%20Toiletries&viewAll=department&page=,£3.50,£14.00/100sht,,,/groceries/en-GB/products/308484600,https://digitalcontent.api.tesco.com/v2/media/ghs/b45d9add-7405-47ac-a9e9-324d0df89f33/8ce87e62-6363-4ac7-abdb-c17dc52eeadb_157475348.jpeg?h=225&w=225
302339852,Nivea Micellair Make Up Remover 400Ml,https://www.tesco.com/groceries/en-GB/shop/health-and-beauty/all?department=Women%27s%20Toiletries&viewAll=department&page=,£5.50,£1.38/100ml,£3.20 Clubcard Price,,/groceries/en-GB/products/302339852,https://digitalcontent.api.tesco.com/v2/media/ghs/2074a2ed-e728-413a-a95c-754a993afbb4/6268a3e9-af3f-4e14-b64c-53aa08fa4233_1312033502.jpeg?h=225&w=225
295446286,Simple Kind To Skin Micellar Cleansing Water 400Ml,https://www.tesco.com/groceries/en-GB/shop/health-and-beauty/all?department=Women%27s%20Toiletries&viewAll=department&page=,£3.95,£0.99/100ml,,,/groceries/en-GB/products/295446286,https://digitalcontent.api.tesco.com/v2/media/ghs/283aa06c-6c73-44d4-8c2f-94703555d4ac/05384195-1350-4679-8603-3b5009020476_46211463.jpeg?h=225&w=225
299538315,Tresemme Freeze Hold Hair Spray 400Ml,https://www.tesco.com/groceries/en-GB/shop/health-and-beauty/all?department=Women%27s%20Toiletries&viewAll=department&page=,£4.00,£1.00/100ml,,,/groceries/en-GB/products/299538315,https://digitalcontent.api.tesco.com/v2/media/ghs/b51a608b-e9f0-4c53-b59d-d65b5158994d/d654147d-6ce1-4c10-b3b4-bd937c5a4cda_1717643807.jpeg?h=225&w=225
255315433,L'oreal Paris Elnett Normal Strength Hair Spray 200Ml,https://www.tesco.com/groceries/en-GB/shop/health-and-beauty/all?department=Women%27s%20Toiletries&viewAll=department&page=,£4.00,£2.00/100ml,,,/groceries/en-GB/products/255315433,https://digitalcontent.api.tesco.com/v2/media/ghs/2cdd24f8-5e10-4e11-b154-79e416f87acf/211e8b11-8494-411d-b01c-1326795f42e5_1904156980.jpeg?h=225&w=225
299425437,Bionsen Spray Deodorant 150Ml,https://www.tesco.com/groceries/en-GB/shop/health-and-beauty/all?department=Women%27s%20Toiletries&viewAll=department&page=,£3.10,£2.07/100ml,£2.32 Clubcard Price,,/groceries/en-GB/products/299425437,https://digitalcontent.api.tesco.com/v2/media/ghs/6f45bbb7-fd6a-4336-9c93-d16df85c29eb/e3e007f1-d8d3-41db-9703-3d0b9e140840_661474824.jpeg?h=225&w=225
287261527,Sure Maximum Protection Sport Strength Cream Antiperspirant Deodorant 45Ml,https://www.tesco.com/groceries/en-GB/shop/health-and-beauty/all?department=Women%27s%20Toiletries&viewAll=department&page=,£5.00,£11.12/100ml,,,/groceries/en-GB/products/287261527,https://digitalcontent.api.tesco.com/v2/media/ghs/b729b3a6-57d8-47f7-90e8-afe648df05db/22159783-d5d9-4e4b-a200-2f387650cfb9_998234578.jpeg?h=225&w=225
258151713,Mitchum Shower Fresh Antiperspirant Deodorant 200Ml,https://www.tesco.com/groceries/en-GB/shop/health-and-beauty/all?department=Women%27s%20Toiletries&viewAll=department&page=,£3.00,£1.50/100ml,,,/groceries/en-GB/products/258151713,https://digitalcontent.api.tesco.com/v2/media/ghs-mktg/b0b04216-fa73-466d-a9d7-c9fcfa1ce9b3/no-image.jpeg
272191805,Dove Maximum Protection Go Fresh Pomegranate Cream Antiperspirant Deodorant 45Ml,https://www.tesco.com/groceries/en-GB/shop/health-and-beauty/all?department=Women%27s%20Toiletries&viewAll=department&page=,£5.00,£11.12/100ml,£4.00 Clubcard Price,,/groceries/en-GB/products/272191805,https://digitalcontent.api.tesco.com/v2/media/ghs/f46e98fe-0794-4b23-baf0-4e15a80bd9ff/fcd45369-e199-4658-bb4c-b9dc403eef22_1497377343.jpeg?h=225&w=225
310695872,Sure 72H Uplifting & Fresh Antiperspirant 250Ml,https://www.tesco.com/groceries/en-GB/shop/health-and-beauty/all?department=Women%27s%20Toiletries&viewAll=department&page=,£3.00,£1.20/100ml,,,/groceries/en-GB/products/310695872,https://digitalcontent.api.tesco.com/v2/media/ghs/921f8299-8f21-495f-a651-060350e4743e/f9a6397e-59ed-4291-9493-bf46aa01135e_1028452037.jpeg?h=225&w=225
310153863,Sure Nonstop Protection Cotton Dry Antiperspirant 250Ml,https://www.tesco.com/groceries/en-GB/shop/health-and-beauty/all?department=Women%27s%20Toiletries&viewAll=department&page=,£3.00,£1.20/100ml,,,/groceries/en-GB/products/310153863,https://digitalcontent.api.tesco.com/v2/media/ghs/3299d31e-4251-4a07-86d2-5e5f74d25c48/381dac54-075a-42e6-82c1-4c2f2fd384e8_664307965.jpeg?h=225&w=225
311217401,Sure 72H Invisible Antiperspirant 150Ml,https://www.tesco.com/groceries/en-GB/shop/health-and-beauty/all?department=Women%27s%20Toiletries&viewAll=department&page=,£2.50,£1.67/100ml,£1.50 Clubcard Price,,/groceries/en-GB/products/311217401,https://digitalcontent.api.tesco.com/v2/media/ghs/fa97faee-8f19-45a2-8c51-d98881f4228f/3ac67e30-f557-4225-abe0-71f7a8c3df7a_42592499.jpeg?h=225&w=225
310699862,Sure 72H Uplifting & Fresh Antiperspirant 150Ml,https://www.tesco.com/groceries/en-GB/shop/health-and-beauty/all?department=Women%27s%20Toiletries&viewAll=department&page=,£2.50,£1.67/100ml,£1.50 Clubcard Price,,/groceries/en-GB/products/310699862,https://digitalcontent.api.tesco.com/v2/media/ghs/31b0a830-6221-476d-a2fb-c0466a9aa82f/9903ad8c-85b8-42e5-b465-3467a2f6261f_2022389825.jpeg?h=225&w=225
311219301,Sure 72H Invisible Pure Antiperspirant 250Ml,https://www.tesco.com/groceries/en-GB/shop/health-and-beauty/all?department=Women%27s%20Toiletries&viewAll=department&page=,£3.00,£1.20/100ml,,,/groceries/en-GB/products/311219301,https://digitalcontent.api.tesco.com/v2/media/ghs/85097259-2ff0-4e7c-ab92-ab1f6a648b0e/1d3b24a2-f4dd-4ee6-93f7-f8d223721c9d_1027239140.jpeg?h=225&w=225
280356398,Tesco Free Spirit Incontinence Pad 20,https://www.tesco.com/groceries/en-GB/shop/health-and-beauty/all?department=Women%27s%20Toiletries&viewAll=department&page=,£1.55,£0.08/each,,,/groceries/en-GB/products/280356398,https://digitalcontent.api.tesco.com/v2/media/ghs/e4b97f76-d558-4da8-a89f-ad4121134cf0/40e3a60e-a4d6-4a51-8bcb-b55c803df696_597125358.jpeg?h=225&w=225
271717826,Pantene Pro-V Defined Curls Mousse 200Ml,https://www.tesco.com/groceries/en-GB/shop/health-and-beauty/all?department=Women%27s%20Toiletries&viewAll=department&page=,£3.15,£1.58/100ml,,,/groceries/en-GB/products/271717826,https://digitalcontent.api.tesco.com/v2/media/ghs/54337dce-19dd-402b-8da9-22f99ea06616/56963776-c431-4a2e-a766-98e0d87c0859_336248140.jpeg?h=225&w=225
271718013,Pantene Pro-V Perfect Volume Mousse 200Ml,https://www.tesco.com/groceries/en-GB/shop/health-and-beauty/all?department=Women%27s%20Toiletries&viewAll=department&page=,£3.15,£1.58/100ml,,,/groceries/en-GB/products/271718013,https://digitalcontent.api.tesco.com/v2/media/ghs/4bb90cd5-62a7-476d-b129-e6e3b9f557d9/1d20d7cd-d13b-42cf-8edf-4592edbfcf64_1370025025.jpeg?h=225&w=225
305255341,T-Zone Tea Tree & Witch Hazel Shine Control Cleansing Wipes 25,https://www.tesco.com/groceries/en-GB/shop/health-and-beauty/all?department=Women%27s%20Toiletries&viewAll=department&page=,£2.00,£8.00/100sht,,,/groceries/en-GB/products/305255341,https://digitalcontent.api.tesco.com/v2/media/ghs/56b026dc-595e-4b47-9359-207f1896073e/a3aa812b-551a-4100-bd23-c5cc25b111db_236710764.jpeg?h=225&w=225
302113042,Always Platinum Normal Size 1 Sanitary Towels With Wings 24S,https://www.tesco.com/groceries/en-GB/shop/health-and-beauty/all?department=Women%27s%20Toiletries&viewAll=department&page=,£2.85,£0.12/each,Any 2 for £5 Clubcard Price - Selected Always Sanitary Towels Size 1 - 3 16 - 24 Pack,,/groceries/en-GB/products/302113042,https://digitalcontent.api.tesco.com/v2/media/ghs/8e8fac5b-ddc7-47ab-a4c0-dc2a6e40f8a4/4e87f318-6983-471c-abeb-32b0e9ef9531_94190589.jpeg?h=225&w=225
262605114,Silvikrin Firm Hair Spray 250Ml,https://www.tesco.com/groceries/en-GB/shop/health-and-beauty/all?department=Women%27s%20Toiletries&viewAll=department&page=,£3.20,£1.28/100ml,£2.50 Clubcard Price,,/groceries/en-GB/products/262605114,https://digitalcontent.api.tesco.com/v2/media/ghs/f26a21b8-67b3-4137-9e00-16733a9e87d6/e7a65f35-9bc0-4d9e-9743-80f7cf2ac848_575475360.jpeg?h=225&w=225
257871790,Lil Lets Non Applicator Super Plus Tampons 16 Pack,https://www.tesco.com/groceries/en-GB/shop/health-and-beauty/all?department=Women%27s%20Toiletries&viewAll=department&page=,£2.20,£0.14/each,,,/groceries/en-GB/products/257871790,https://digitalcontent.api.tesco.com/v2/media/ghs/0276d917-2a4e-45a0-b6eb-63ce3c1b5a5b/f1ec1786-4c92-4c6b-a4cf-432212bcc351_994733392.jpeg?h=225&w=225
302208132,Leo Bancroft Flexible Hold Hair Spray 300Ml,https://www.tesco.com/groceries/en-GB/shop/health-and-beauty/all?department=Women%27s%20Toiletries&viewAll=department&page=,£3.15,£1.05/100ml,£2.25 Clubcard Price,,/groceries/en-GB/products/302208132,https://digitalcontent.api.tesco.com/v2/media/ghs/c27273a5-87dc-49fa-891c-071d7748276d/df491268-b1c3-4be7-aba6-13f3c602b42b_1865470907.jpeg?h=225&w=225
302208079,Leo Bancroft Thick & Full Mousse 200Ml,https://www.tesco.com/groceries/en-GB/shop/health-and-beauty/all?department=Women%27s%20Toiletries&viewAll=department&page=,£3.15,£1.58/100ml,£2.25 Clubcard Price,,/groceries/en-GB/products/302208079,https://digitalcontent.api.tesco.com/v2/media/ghs/9cf2169c-1a72-48bc-af53-920a01259401/9779064a-1619-4e16-98f2-8cb5a820ff03_787384211.jpeg?h=225&w=225
262484624,Tresemme Salon Finish Freeze Hold Hair Spray 100Ml,https://www.tesco.com/groceries/en-GB/shop/health-and-beauty/all?department=Women%27s%20Toiletries&viewAll=department&page=,£2.20,£2.20/100ml,£1.75 Clubcard Price,,/groceries/en-GB/products/262484624,https://digitalcontent.api.tesco.com/v2/media/ghs/84d6c3a8-b37a-4797-9ac8-1c84f8a1e55b/2b64b560-b639-45da-8c68-9f06b28a49ce_734290169.jpeg?h=225&w=225
280418320,Tesco Free Spirit Light Long Liners 20 Pack,https://www.tesco.com/groceries/en-GB/shop/health-and-beauty/all?department=Women%27s%20Toiletries&viewAll=department&page=,£1.65,£0.08/each,,,/groceries/en-GB/products/280418320,https://digitalcontent.api.tesco.com/v2/media/ghs/378cf8dc-06aa-4ed2-9a6d-44e74f77bfd3/002d6111-fe98-48fd-99a7-db28342060f9_1621251320.jpeg?h=225&w=225
311688902,Soft & Gentle Antiperspirant Deodorant Magnolia Hug 250Ml,https://www.tesco.com/groceries/en-GB/shop/health-and-beauty/all?department=Women%27s%20Toiletries&viewAll=department&page=,£2.30,£0.92/100ml,,,/groceries/en-GB/products/311688902,https://digitalcontent.api.tesco.com/v2/media/ghs/c67cf98b-2019-4125-b6d0-34eb55c4c14a/e0f41a8d-3a6f-4653-af64-460d22eb4fc0_2074044096.jpeg?h=225&w=225
271767979,Pantene Pro-V Perfect Volume Hair Spray 300Ml,https://www.tesco.com/groceries/en-GB/shop/health-and-beauty/all?department=Women%27s%20Toiletries&viewAll=department&page=,£3.00,£1.00/100ml,,,/groceries/en-GB/products/271767979,https://digitalcontent.api.tesco.com/v2/media/ghs/a5e12f66-5e65-426b-a971-156f44e6e3f7/c86abd1a-34f4-4f8a-a058-1de221502526_1691482786.jpeg?h=225&w=225
263639206,Nivea Double Effect Antiperspirant Deodorant 250Ml,https://www.tesco.com/groceries/en-GB/shop/health-and-beauty/all?department=Women%27s%20Toiletries&viewAll=department&page=,£1.85,£0.74/100ml,,,/groceries/en-GB/products/263639206,https://digitalcontent.api.tesco.com/v2/media/ghs/70697246-bb89-4298-87b3-6d32b51cbac8/c3589d18-cf26-4279-8818-071023001bb5.jpeg?h=225&w=225
271767795,Pantene Pro-V Extra Strong Hold Hair Spray 300Ml,https://www.tesco.com/groceries/en-GB/shop/health-and-beauty/all?department=Women%27s%20Toiletries&viewAll=department&page=,£3.00,£1.00/100ml,,,/groceries/en-GB/products/271767795,https://digitalcontent.api.tesco.com/v2/media/ghs/d6496464-ba88-4323-95bd-e45843779d83/fa09646a-a969-43e4-923b-e8891aac9253_1374482442.jpeg?h=225&w=225
263639090,Nivea Double Effect Antiperspirant Deodorant 150Ml,https://www.tesco.com/groceries/en-GB/shop/health-and-beauty/all?department=Women%27s%20Toiletries&viewAll=department&page=,£1.30,£0.87/100ml,,,/groceries/en-GB/products/263639090,https://digitalcontent.api.tesco.com/v2/media/ghs/1029b48a-a056-4f54-9994-9d22e1dfaaa0/62ab58fa-733f-4476-adc0-5c21807a01cf.jpeg?h=225&w=225
310138916,Tesco Free Spirit Discreet Active Underwear S-M 12 Pack,https://www.tesco.com/groceries/en-GB/shop/health-and-beauty/all?department=Women%27s%20Toiletries&viewAll=department&page=,£8.00,£0.67/each,,New,/groceries/en-GB/products/310138916,https://digitalcontent.api.tesco.com/v2/media/ghs/450f92a7-bf40-4e09-8ce2-89f2171bb2e4/5e5a6ce4-b7b7-438c-ba88-cde7d640790a_2038130221.jpeg?h=225&w=225
276902904,Veet Facial Wax Strips Sensitive 20'S,https://www.tesco.com/groceries/en-GB/shop/health-and-beauty/all?department=Women%27s%20Toiletries&viewAll=department&page=,£7.50,£0.38/each,,,/groceries/en-GB/products/276902904,https://digitalcontent.api.tesco.com/v2/media/ghs/378ae20c-b2d1-4698-a0ad-80fa5923c45e/caaeacb8-8731-4a6a-882b-85b7fbee9f0d_1517376452.jpeg?h=225&w=225
297201832,Tena Lady Pants Plus Medium 9Pcs,https://www.tesco.com/groceries/en-GB/shop/health-and-beauty/all?department=Women%27s%20Toiletries&viewAll=department&page=,£7.75,£0.86/each,,,/groceries/en-GB/products/297201832,https://digitalcontent.api.tesco.com/v2/media/ghs/b4dcfef7-dc94-4933-93af-e06f1f36a72f/c20641a9-a903-4667-b2cf-4045bad4e0e5_2084619518.jpeg?h=225&w=225
276799150,Gillette Venus Comfortglide Olay Blades 3 Pack,https://www.tesco.com/groceries/en-GB/shop/health-and-beauty/all?department=Women%27s%20Toiletries&viewAll=department&page=,£12.00,£4.00/each,£10.00 Clubcard Price,,/groceries/en-GB/products/276799150,https://digitalcontent.api.tesco.com/v2/media/ghs/3d604043-2d20-4bf4-9c9b-814d9ccc3a69/f445d8dc-495c-4b90-888c-5279f7b581f3_1423110006.jpeg?h=225&w=225
253507478,Veet 5 Minute Sensitive Hair Removal Cream 200Ml,https://www.tesco.com/groceries/en-GB/shop/health-and-beauty/all?department=Women%27s%20Toiletries&viewAll=department&page=,£8.60,£4.30/100ml,,,/groceries/en-GB/products/253507478,https://digitalcontent.api.tesco.com/v2/media/ghs/164c4fe0-d56b-4b03-8485-ac268ba23582/a1569b8e-841b-45c1-8059-9fdc10e93837_871218173.jpeg?h=225&w=225
287169430,Gillette Venus Extra Smooth Blades 4 Pack,https://www.tesco.com/groceries/en-GB/shop/health-and-beauty/all?department=Women%27s%20Toiletries&viewAll=department&page=,£12.00,£3.00/each,£10.00 Clubcard Price,,/groceries/en-GB/products/287169430,https://digitalcontent.api.tesco.com/v2/media/ghs/c88ef00b-7219-4ee8-b50f-34d96ad77e41/23d0bedf-d30d-400c-89f9-09e539e1c1ae_132144275.jpeg?h=225&w=225
312718319,Be You Monthly Patches 5 Pack,https://www.tesco.com/groceries/en-GB/shop/health-and-beauty/all?department=Women%27s%20Toiletries&viewAll=department&page=,£8.00,£1.60/each,,,/groceries/en-GB/products/312718319,https://digitalcontent.api.tesco.com/v2/media/ghs/e738ebf2-b736-460b-ad45-87eb5d741350/ef13ea16-4532-4fff-82ac-0de92d4a4552_1935920361.jpeg?h=225&w=225
261502842,John Frieda Frizz Ease Moisture Barrier Hair Spray 250Ml,https://www.tesco.com/groceries/en-GB/shop/health-and-beauty/all?department=Women%27s%20Toiletries&viewAll=department&page=,£7.00,£2.80/100ml,Any 2 for £9 Clubcard Price - Selected John Frieda Haircare Products,,/groceries/en-GB/products/261502842,https://digitalcontent.api.tesco.com/v2/media/ghs/754f9507-57ea-46cd-9a55-aa172b65b0dd/3ca61f99-c9c6-4b2a-9e08-a34ba090c2db_520491254.jpeg?h=225&w=225
302340446,Nivea Micellair Water Sensitive Skin 400Ml,https://www.tesco.com/groceries/en-GB/shop/health-and-beauty/all?department=Women%27s%20Toiletries&viewAll=department&page=,£5.25,£1.32/100ml,,,/groceries/en-GB/products/302340446,https://digitalcontent.api.tesco.com/v2/media/ghs/a1f90674-1dcb-4004-b80d-641811660091/cf846ac9-8be3-49c7-b691-6000f5361c8c_382536359.jpeg?h=225&w=225
264705269,Schwarzkopf Got2b Glued Blasting Freeze Spray 300Ml,https://www.tesco.com/groceries/en-GB/shop/health-and-beauty/all?department=Women%27s%20Toiletries&viewAll=department&page=,£5.00,£1.67/100ml,,,/groceries/en-GB/products/264705269,https://digitalcontent.api.tesco.com/v2/media/ghs/d07cb2ed-5d2a-423b-b9d4-3770ee36541b/936b973b-b56c-4b0e-8447-f2272119f584_1287524731.jpeg?h=225&w=225
250657479,John Frieda Frizz Ease Secret Agent Creme 100Ml,https://www.tesco.com/groceries/en-GB/shop/health-and-beauty/all?department=Women%27s%20Toiletries&viewAll=department&page=,£7.00,£7.00/100ml,Any 2 for £9 Clubcard Price - Selected John Frieda Haircare Products,,/groceries/en-GB/products/250657479,https://digitalcontent.api.tesco.com/v2/media/ghs/649d8cd3-5ba1-4d53-9f2b-1efa4eaa28f7/1258913d-c158-4e60-b6d3-725ec442b69f_974671861.jpeg?h=225&w=225
262605840,Silvikrin Flexible Hold Hair Spray 400Ml,https://www.tesco.com/groceries/en-GB/shop/health-and-beauty/all?department=Women%27s%20Toiletries&viewAll=department&page=,£4.20,£1.05/100ml,,,/groceries/en-GB/products/262605840,https://digitalcontent.api.tesco.com/v2/media/ghs/58c18f50-bbea-46e9-9c6e-6eab50ed6d70/14821748-efaf-420c-9cd1-f9d61e3b93a6_140315308.jpeg?h=225&w=225
268401376,Vo5 Ultimate Hold Hair Spray 400Ml,https://www.tesco.com/groceries/en-GB/shop/health-and-beauty/all?department=Women%27s%20Toiletries&viewAll=department&page=,£4.00,£1.00/100ml,,,/groceries/en-GB/products/268401376,https://digitalcontent.api.tesco.com/v2/media/ghs/107891fd-1c5c-4339-9565-0ed7d512e235/2bfb5cca-cffa-42ac-9bf5-4515bb4a13b6_930820054.jpeg?h=225&w=225
309789371,Andrex Ultra Care Flushable Washlet 4X36 Wipes,https://www.tesco.com/groceries/en-GB/shop/health-and-beauty/all?department=Women%27s%20Toiletries&viewAll=department&page=,£6.00,£4.17/100sht,£5.00 Clubcard Price,,/groceries/en-GB/products/309789371,https://digitalcontent.api.tesco.com/v2/media/ghs/41b5d22a-b257-40e6-9022-fdc1ff82c0f6/1a1967ae-b0f6-45f7-905f-2cdb8fe0745d_1623776851.jpeg?h=225&w=225
278434700,Olive Oil Relaxer Kit Extra Strength,https://www.tesco.com/groceries/en-GB/shop/health-and-beauty/all?department=Women%27s%20Toiletries&viewAll=department&page=,£6.00,£6.00/each,,,/groceries/en-GB/products/278434700,https://digitalcontent.api.tesco.com/v2/media/ghs/3961e651-180a-4566-afa9-be3839e352e0/72a3c8fa-5494-4411-844f-5491b2e57a8d_247041871.jpeg?h=225&w=225
260567756,Vo5 Mega Hold Styling Mousse 200Ml,https://www.tesco.com/groceries/en-GB/shop/health-and-beauty/all?department=Women%27s%20Toiletries&viewAll=department&page=,£4.00,£2.00/100ml,,,/groceries/en-GB/products/260567756,https://digitalcontent.api.tesco.com/v2/media/ghs/49a06e22-cb6a-4c60-867d-aa7fb567c8f4/a66ab5c8-ecd3-43bc-954f-f6533545268b_119505415.jpeg?h=225&w=225
264684851,Vo5 Heat Protect Styling Spray 200Ml,https://www.tesco.com/groceries/en-GB/shop/health-and-beauty/all?department=Women%27s%20Toiletries&viewAll=department&page=,£4.00,£2.00/100ml,,,/groceries/en-GB/products/264684851,https://digitalcontent.api.tesco.com/v2/media/ghs/10c73a00-45be-4589-87a6-5857ba1f8e32/0dda2291-bead-44f2-8630-db3c8378f94a_1150544033.jpeg?h=225&w=225
258053075,Veet Sensitive Hair Removal Cream 100Ml,https://www.tesco.com/groceries/en-GB/shop/health-and-beauty/all?department=Women%27s%20Toiletries&viewAll=department&page=,£4.50,£4.50/100ml,,,/groceries/en-GB/products/258053075,https://digitalcontent.api.tesco.com/v2/media/ghs/8755c0e6-7563-4a29-90cd-f2628cda9f99/83ef8b37-8c68-4178-a5d1-120a62d91216_1230581641.jpeg?h=225&w=225
263645491,Wilkinson Sword Quattro For Women Disposable 3S,https://www.tesco.com/groceries/en-GB/shop/health-and-beauty/all?department=Women%27s%20Toiletries&viewAll=department&page=,£5.75,£1.92/each,,,/groceries/en-GB/products/263645491,https://digitalcontent.api.tesco.com/v2/media/ghs/8d237155-d713-46c3-ba71-4ee94451a794/02ada11e-250f-42a7-a29f-a61009e739ba_1560152601.jpeg?h=225&w=225
305055439,T-Zone Tea Tree & Witch Hazel Deep Cleansing Pads 40S,https://www.tesco.com/groceries/en-GB/shop/health-and-beauty/all?department=Women%27s%20Toiletries&viewAll=department&page=,£3.50,£0.09/each,,,/groceries/en-GB/products/305055439,https://digitalcontent.api.tesco.com/v2/media/ghs/49db8b01-ac73-4463-97cc-015ba3b218ce/e1193ae2-fd3f-4b50-bad7-445f24dbb3d3_1596580979.jpeg?h=225&w=225
307364109,Totm Organic Cotton Super Pads 10S,https://www.tesco.com/groceries/en-GB/shop/health-and-beauty/all?department=Women%27s%20Toiletries&viewAll=department&page=,£3.35,£0.34/each,,,/groceries/en-GB/products/307364109,https://digitalcontent.api.tesco.com/v2/media/ghs/88937c8d-a5cf-40d7-b14f-4b052e11d09f/5efbe054-db6c-411d-8b1d-57262561db7b_1981819672.jpeg?h=225&w=225
305043822,Simple Instant Glow Cleansing Wipes X20,https://www.tesco.com/groceries/en-GB/shop/health-and-beauty/all?department=Women%27s%20Toiletries&viewAll=department&page=,£4.00,£20.00/100sht,,,/groceries/en-GB/products/305043822,https://digitalcontent.api.tesco.com/v2/media/ghs/7b4b1637-2a13-419e-ace3-21bd4911ed83/58732d63-372b-4f20-a2a0-88dd04f573fc_395122077.jpeg?h=225&w=225
260567946,Vo5 Mega Hold Styling Gel 200Ml,https://www.tesco.com/groceries/en-GB/shop/health-and-beauty/all?department=Women%27s%20Toiletries&viewAll=department&page=,£3.25,£1.63/100ml,,,/groceries/en-GB/products/260567946,https://digitalcontent.api.tesco.com/v2/media/ghs/09f300f7-760d-4cdc-bd83-7e8d13b15c5b/d9f423fc-5e32-43b4-89de-2990c8cccbc1_1523670947.jpeg?h=225&w=225
299538373,Tresemme Firm Hold Hair Spray 400Ml,https://www.tesco.com/groceries/en-GB/shop/health-and-beauty/all?department=Women%27s%20Toiletries&viewAll=department&page=,£4.00,£1.00/100ml,,,/groceries/en-GB/products/299538373,https://digitalcontent.api.tesco.com/v2/media/ghs/ce54d9f4-a2f2-453c-8662-ee7072f6fbad/55bd49be-44ef-44f3-b44a-587b22343e8a_525473318.jpeg?h=225&w=225
255315479,L'oreal Paris Elnett Supreme Hold Hair Spray 200Ml,https://www.tesco.com/groceries/en-GB/shop/health-and-beauty/all?department=Women%27s%20Toiletries&viewAll=department&page=,£4.00,£2.00/100ml,,,/groceries/en-GB/products/255315479,https://digitalcontent.api.tesco.com/v2/media/ghs/b156ae90-8cc4-448b-a78b-3f47701ea913/87dbdb4d-268f-4786-aada-a017249e6f74_562757360.jpeg?h=225&w=225
308478464,Garnier Micellar Water Facial Cleanser Sensitive Skin 200Ml,https://www.tesco.com/groceries/en-GB/shop/health-and-beauty/all?department=Women%27s%20Toiletries&viewAll=department&page=,£4.00,£2.00/100ml,,,/groceries/en-GB/products/308478464,https://digitalcontent.api.tesco.com/v2/media/ghs/270c89dc-b4fe-4bb4-8162-09da423e85cd/16fd341f-9184-4b29-a067-507d87f1dd86_90695079.jpeg?h=225&w=225
257568101,Shockwaves Shaping Mousse Curl 200Ml,https://www.tesco.com/groceries/en-GB/shop/health-and-beauty/all?department=Women%27s%20Toiletries&viewAll=department&page=,£2.75,£1.38/100ml,,,/groceries/en-GB/products/257568101,https://digitalcontent.api.tesco.com/v2/media/ghs/30ebce9c-0ec8-43a5-af70-5d605bc0df88/fd8c14e0-f9da-44e8-a283-0873e23ca8d8_819878157.jpeg?h=225&w=225
261531133,Shockwaves Ultra Strong Power Gel Spray 150Ml,https://www.tesco.com/groceries/en-GB/shop/health-and-beauty/all?department=Women%27s%20Toiletries&viewAll=department&page=,£2.75,£1.84/100ml,,,/groceries/en-GB/products/261531133,https://digitalcontent.api.tesco.com/v2/media/ghs/87452635-ddad-4acb-a51a-63c90f110e4f/e307bd0e-ad5c-44b8-a8ef-de7775d8c609_1552367389.jpeg?h=225&w=225
260566894,Vo5 Styling Wax 75Ml,https://www.tesco.com/groceries/en-GB/shop/health-and-beauty/all?department=Women%27s%20Toiletries&viewAll=department&page=,£3.65,£4.87/100ml,,,/groceries/en-GB/products/260566894,https://digitalcontent.api.tesco.com/v2/media/ghs/34ccfda7-8ef0-4546-9a65-c47b1e99e379/407c22db-bce3-42aa-b2ca-c8c17b4ba3ac_1398674085.jpeg?h=225&w=225
266385614,L'oreal Paris Elvive Styliste Mousse Volume 150Ml,https://www.tesco.com/groceries/en-GB/shop/health-and-beauty/all?department=Women%27s%20Toiletries&viewAll=department&page=,£2.75,£1.84/100ml,,,/groceries/en-GB/products/266385614,https://digitalcontent.api.tesco.com/v2/media/ghs/c8f8909f-4cc1-4716-ac0a-5f57de0dc517/74425ac6-54f6-41dd-abaf-96cdc4635f7e_886364629.jpeg?h=225&w=225
260567036,Vo5 Extreme Style Matte Clay 75Ml,https://www.tesco.com/groceries/en-GB/shop/health-and-beauty/all?department=Women%27s%20Toiletries&viewAll=department&page=,£3.65,£4.87/100ml,,,/groceries/en-GB/products/260567036,https://digitalcontent.api.tesco.com/v2/media/ghs/ebd33758-c661-43d6-8166-3cd979057125/3575e22e-48a5-4c37-805e-2ef0bce441f6_1344532670.jpeg?h=225&w=225
306504368,Tena Lady Silhouette Noir Liners Normal X26,https://www.tesco.com/groceries/en-GB/shop/health-and-beauty/all?department=Women%27s%20Toiletries&viewAll=department&page=,£2.50,£0.10/each,Any 3 for £6.75 Clubcard Price - Selected Tena Femcare Products 6 - 26 Pack,,/groceries/en-GB/products/306504368,https://digitalcontent.api.tesco.com/v2/media/ghs/24292f56-31e0-4ed2-bba7-f6f1c63ec794/892f4902-454a-4c39-8283-4af0ea20d5d8_1108450956.jpeg?h=225&w=225
306497467,Tena Lady Silhouette Noir Pads Mini X18,https://www.tesco.com/groceries/en-GB/shop/health-and-beauty/all?department=Women%27s%20Toiletries&viewAll=department&page=,£2.50,£0.14/each,Any 3 for £6.75 Clubcard Price - Selected Tena Femcare Products 6 - 26 Pack,,/groceries/en-GB/products/306497467,https://digitalcontent.api.tesco.com/v2/media/ghs/fc9fe129-c709-4ae9-aae8-c1ec725e45a9/29cba792-306e-402b-85f1-e201ab871859_1347057207.jpeg?h=225&w=225
268397695,Tresemme Salon Finish Extra Hold Hair Spray 250Ml,https://www.tesco.com/groceries/en-GB/shop/health-and-beauty/all?department=Women%27s%20Toiletries&viewAll=department&page=,£3.00,£1.20/100ml,,,/groceries/en-GB/products/268397695,https://digitalcontent.api.tesco.com/v2/media/ghs/544d7712-7984-421c-8d75-92be7f9febb0/ca3a099e-7798-4545-b1e2-5a60fb6c0560_644446850.jpeg?h=225&w=225
251040395,L'oreal Paris Elnett Normal Strength Hair Spray 75Ml,https://www.tesco.com/groceries/en-GB/shop/health-and-beauty/all?department=Women%27s%20Toiletries&viewAll=department&page=,£2.50,£3.34/100ml,,,/groceries/en-GB/products/251040395,https://digitalcontent.api.tesco.com/v2/media/ghs/baca183f-e67b-4504-b6b3-c3e7bd0181f0/3ae61205-a310-4d8d-8c04-2d46b76d245c_610428647.jpeg?h=225&w=225
261511366,Shockwaves Ultra Strong Power Hold Gel 200Ml,https://www.tesco.com/groceries/en-GB/shop/health-and-beauty/all?department=Women%27s%20Toiletries&viewAll=department&page=,£2.40,£1.20/100ml,,,/groceries/en-GB/products/261511366,https://digitalcontent.api.tesco.com/v2/media/ghs/dd6b3253-121f-4108-9367-f94b04aebbe8/f6124cf7-f8c9-4006-8de3-0d622742e58b_1105008322.jpeg?h=225&w=225
257572579,Shockwaves Power Hold Spray Ultra Strong 250Ml,https://www.tesco.com/groceries/en-GB/shop/health-and-beauty/all?department=Women%27s%20Toiletries&viewAll=department&page=,£2.30,£0.92/100ml,,,/groceries/en-GB/products/257572579,https://digitalcontent.api.tesco.com/v2/media/ghs/30e101ff-9939-4144-afde-c6e8e6470301/26efd338-7b49-414f-a30a-abc389c18a1c_1981343207.jpeg?h=225&w=225
302208092,Leo Bancroft Body & Bounce Dry Shampoo 300Ml,https://www.tesco.com/groceries/en-GB/shop/health-and-beauty/all?department=Women%27s%20Toiletries&viewAll=department&page=,£3.15,£1.05/100ml,£2.25 Clubcard Price,,/groceries/en-GB/products/302208092,https://digitalcontent.api.tesco.com/v2/media/ghs/a80a35fb-5b89-4fb3-8321-245d87628df7/f60ae245-3fca-4698-829c-f0f8b8aee847_1621183154.jpeg?h=225&w=225
305433833,Simple Clear & Matte Cleansing Wipes X20,https://www.tesco.com/groceries/en-GB/shop/health-and-beauty/all?department=Women%27s%20Toiletries&viewAll=department&page=,£2.30,£11.50/100sht,,,/groceries/en-GB/products/305433833,https://digitalcontent.api.tesco.com/v2/media/ghs/bd310271-8d03-4332-8262-9f25f5b0639d/7b0a2132-55c4-4ebb-a4f9-b6fadae7f7d1_1922051429.jpeg?h=225&w=225
311428407,Soft & Gentle Antiperspirant Deodorant Citrus Twist 250Ml,https://www.tesco.com/groceries/en-GB/shop/health-and-beauty/all?department=Women%27s%20Toiletries&viewAll=department&page=,£2.30,£0.92/100ml,,,/groceries/en-GB/products/311428407,https://digitalcontent.api.tesco.com/v2/media/ghs/299adf3d-0206-4019-8c34-a075209c5a28/01dddcda-31a1-41e0-9a75-33d160ce73fe_2055818728.jpeg?h=225&w=225
267412956,Gillette Satin Care Shaving Gel Sensitive 75Ml,https://www.tesco.com/groceries/en-GB/shop/health-and-beauty/all?department=Women%27s%20Toiletries&viewAll=department&page=,£1.50,£2.00/100ml,Any 3 for 2 Clubcard Price - Cheapest Product Free - Selected Travel Accessories,,/groceries/en-GB/products/267412956,https://digitalcontent.api.tesco.com/v2/media/ghs/5918663f-0551-420c-85c5-01631ebe2b7a/0543f5e0-2852-4f3a-9ea8-ed6eece0a01d_616675905.jpeg?h=225&w=225
301179224,Tesco Free Spirit Maxi Towels Regular 24 Pack,https://www.tesco.com/groceries/en-GB/shop/health-and-beauty/all?department=Women%27s%20Toiletries&viewAll=department&page=,£0.90,£0.04/each,,,/groceries/en-GB/products/301179224,https://digitalcontent.api.tesco.com/v2/media/ghs/38933def-03c4-419f-82bd-c96487cefc91/3c50f49e-e26a-4ac9-9d33-ecc0104836b6_1338724140.jpeg?h=225&w=225
297201999,Always Discreet Boutique Bladder Weakness Pants Medium 9,https://www.tesco.com/groceries/en-GB/shop/health-and-beauty/all?department=Women%27s%20Toiletries&viewAll=department&page=,£8.50,£0.94/each,,,/groceries/en-GB/products/297201999,https://digitalcontent.api.tesco.com/v2/media/ghs/de57e949-9467-48af-82a8-a2595fed66b0/550c9dbf-625b-425e-8b07-7270c80e4887_1155740331.jpeg?h=225&w=225
297201976,Always Discreet Boutique Bladder Weakness Pants Large 8,https://www.tesco.com/groceries/en-GB/shop/health-and-beauty/all?department=Women%27s%20Toiletries&viewAll=department&page=,£8.50,£1.07/each,,,/groceries/en-GB/products/297201976,https://digitalcontent.api.tesco.com/v2/media/ghs/3b02bae3-5bd2-4f52-89bd-3adcb49a17ec/f90f6498-368e-491b-a0ce-2c76e2bd9f9a_1365535383.jpeg?h=225&w=225
308489071,Garnier Skin Active Micellar Water Rose 400Ml,https://www.tesco.com/groceries/en-GB/shop/health-and-beauty/all?department=Women%27s%20Toiletries&viewAll=department&page=,£7.00,£1.75/100ml,,,/groceries/en-GB/products/308489071,https://digitalcontent.api.tesco.com/v2/media/ghs/8bd92001-b32d-4793-a4b4-db8d60471547/17443158-aef6-44f9-89f0-995611595285_1941149429.jpeg?h=225&w=225
303194133,Tena Silhouette Normal Black Pants Medium 10 Pack,https://www.tesco.com/groceries/en-GB/shop/health-and-beauty/all?department=Women%27s%20Toiletries&viewAll=department&page=,£7.75,£0.78/each,,,/groceries/en-GB/products/303194133,https://digitalcontent.api.tesco.com/v2/media/ghs/fea2ed0b-1af3-45eb-9730-efe76bc5df75/c6229a29-09d9-4c01-8d20-2517870f5b06_1106331550.jpeg?h=225&w=225
305050001,Tena Silhouette Underwear Noir Large 8 Pack,https://www.tesco.com/groceries/en-GB/shop/health-and-beauty/all?department=Women%27s%20Toiletries&viewAll=department&page=,£7.75,£0.97/each,,,/groceries/en-GB/products/305050001,https://digitalcontent.api.tesco.com/v2/media/ghs/c1eefb33-6869-4fb4-90e7-b481dc3c1337/1a6ddc4d-426f-4ef1-b45b-83cc3786eae8_1583999490.jpeg?h=225&w=225
287305863,Wilkinson Sword Intuition Blades 3S,https://www.tesco.com/groceries/en-GB/shop/health-and-beauty/all?department=Women%27s%20Toiletries&viewAll=department&page=,£7.90,£2.64/each,,,/groceries/en-GB/products/287305863,https://digitalcontent.api.tesco.com/v2/media/ghs/f71595d7-9184-45c3-b7c3-5e71164f3411/562d411c-70a0-4a8a-ab51-d7f57a9e4529_394117552.jpeg?h=225&w=225
305255243,Tena Silhouette Medium Size Noir 9 Pack,https://www.tesco.com/groceries/en-GB/shop/health-and-beauty/all?department=Women%27s%20Toiletries&viewAll=department&page=,£7.75,£0.86/each,,,/groceries/en-GB/products/305255243,https://digitalcontent.api.tesco.com/v2/media/ghs/bed554b2-9aad-4243-8abe-96485f91e264/b2adec18-2c74-43da-9a98-80df7e30e458_1821918092.jpeg?h=225&w=225
255013312,Veet Ready To Use Wax Strips Sensitive 20'S,https://www.tesco.com/groceries/en-GB/shop/health-and-beauty/all?department=Women%27s%20Toiletries&viewAll=department&page=,£7.50,£0.38/each,,,/groceries/en-GB/products/255013312,https://digitalcontent.api.tesco.com/v2/media/ghs/73e399e9-18f4-4910-b643-6abe9f2ce894/593d0f97-edce-47a0-89c6-36bf7342083c_1637481236.jpeg?h=225&w=225
259880326,L'oreal Paris Elnett Extra Strength Hair Spray 400Ml,https://www.tesco.com/groceries/en-GB/shop/health-and-beauty/all?department=Women%27s%20Toiletries&viewAll=department&page=,£6.95,£1.74/100ml,£5.00 Clubcard Price,,/groceries/en-GB/products/259880326,https://digitalcontent.api.tesco.com/v2/media/ghs/3e923c8f-c893-45e3-8a37-8d0bc2cd63cf/8022a0aa-b421-4cc5-ad19-9faff9ccec50_2069049395.jpeg?h=225&w=225
274080496,L'oreal Paris Elnett Lumiere Supreme Hair Spray 400Ml,https://www.tesco.com/groceries/en-GB/shop/health-and-beauty/all?department=Women%27s%20Toiletries&viewAll=department&page=,£6.95,£1.74/100ml,£5.00 Clubcard Price,,/groceries/en-GB/products/274080496,https://digitalcontent.api.tesco.com/v2/media/ghs/ebac8f9b-82fd-4cc9-b7c7-b425cf0a9125/2226803d-69a3-48eb-9212-4742a532bcd2_1423735898.jpeg?h=225&w=225
287786309,L'oreal Paris Elnett Precious Oil Hair Spray 400Ml,https://www.tesco.com/groceries/en-GB/shop/health-and-beauty/all?department=Women%27s%20Toiletries&viewAll=department&page=,£6.95,£1.74/100ml,£5.00 Clubcard Price,,/groceries/en-GB/products/287786309,https://digitalcontent.api.tesco.com/v2/media/ghs/48694e35-e9f6-4b76-8bad-3d77a074596e/a25a3f6a-3667-4665-b97d-943ef5e08e19_763263190.jpeg?h=225&w=225
305041692,John Frieda Frizz Ease Weightless Soothing Creme 100Ml,https://www.tesco.com/groceries/en-GB/shop/health-and-beauty/all?department=Women%27s%20Toiletries&viewAll=department&page=,£7.00,£7.00/100ml,Any 2 for £9 Clubcard Price - Selected John Frieda Haircare Products,,/groceries/en-GB/products/305041692,https://digitalcontent.api.tesco.com/v2/media/ghs/ea898789-d0a9-4b88-9264-c5f3fd6dfc3b/46595315-ed4b-4ced-bec0-915e07434bcd_267456916.jpeg?h=225&w=225
264732432,Elnett Satin Volume 400Ml Supreme Hold,https://www.tesco.com/groceries/en-GB/shop/health-and-beauty/all?department=Women%27s%20Toiletries&viewAll=department&page=,£6.95,£1.74/100ml,£5.00 Clubcard Price,,/groceries/en-GB/products/264732432,https://digitalcontent.api.tesco.com/v2/media/ghs/04457e3f-85ba-418c-a292-028739c216da/51982f75-ee73-4cd6-8fa8-86f783cce337_4133945.jpeg?h=225&w=225
254161391,John Frieda Frizz Ease Dream Curl Spray 200Ml,https://www.tesco.com/groceries/en-GB/shop/health-and-beauty/all?department=Women%27s%20Toiletries&viewAll=department&page=,£7.00,£3.50/100ml,Any 2 for £9 Clubcard Price - Selected John Frieda Haircare Products,,/groceries/en-GB/products/254161391,https://digitalcontent.api.tesco.com/v2/media/ghs/8b3fe3e9-4f8c-4e12-b6e8-be4c90f04846/66dfe526-a277-47e1-afc5-2c7b98148baf_815196721.jpeg?h=225&w=225
293534916,John Frieda Luxurious Volume Forever Hair Spray 250Ml,https://www.tesco.com/groceries/en-GB/shop/health-and-beauty/all?department=Women%27s%20Toiletries&viewAll=department&page=,£6.00,£2.40/100ml,Any 2 for £9 Clubcard Price - Selected John Frieda Haircare Products,,/groceries/en-GB/products/293534916,https://digitalcontent.api.tesco.com/v2/media/ghs/9611510c-bb73-468d-80ee-fbbc066d8965/23a786ed-808a-44ed-9145-29c292af09a9_701056624.jpeg?h=225&w=225
263839878,John Frieda Luxurious Volume Blow Dry Lotion 125Ml,https://www.tesco.com/groceries/en-GB/shop/health-and-beauty/all?department=Women%27s%20Toiletries&viewAll=department&page=,£6.00,£4.80/100ml,Any 2 for £9 Clubcard Price - Selected John Frieda Haircare Products,,/groceries/en-GB/products/263839878,https://digitalcontent.api.tesco.com/v2/media/ghs/73c2405d-087d-45db-b929-0029876d4ff1/f01850a1-1be6-4341-b0a9-76a528c5f981_227347028.jpeg?h=225&w=225
278481764,Freederm Cleansing Wipes 25,https://www.tesco.com/groceries/en-GB/shop/health-and-beauty/all?department=Women%27s%20Toiletries&viewAll=department&page=,£4.00,£16.00/100sht,,,/groceries/en-GB/products/278481764,https://digitalcontent.api.tesco.com/v2/media/ghs/d392e16e-042a-4bf6-94a2-e53fa185607d/d58ef604-a84b-4139-99d6-2dcd7540bb75_1898055322.jpeg?h=225&w=225
268156232,John Frieda Frizz Ease 3 Day Straight 100Ml,https://www.tesco.com/groceries/en-GB/shop/health-and-beauty/all?department=Women%27s%20Toiletries&viewAll=department&page=,£7.00,£7.00/100ml,Any 2 for £9 Clubcard Price - Selected John Frieda Haircare Products,,/groceries/en-GB/products/268156232,https://digitalcontent.api.tesco.com/v2/media/ghs/8a1dd03b-279e-4a59-b254-889a59a08a70/3b9634ba-55a0-4fe1-a923-9af6bb5356b2_1584952432.jpeg?h=225&w=225
289933951,Ors Hairepair Silkening Serum 127Ml,https://www.tesco.com/groceries/en-GB/shop/health-and-beauty/all?department=Women%27s%20Toiletries&viewAll=department&page=,£5.00,£3.94/100ml,,,/groceries/en-GB/products/289933951,https://digitalcontent.api.tesco.com/v2/media/ghs/b43fad69-63e9-4755-8e52-b625aac62e48/db89c19f-5858-4ae3-a0e3-b005483fb559_1923878272.jpeg?h=225&w=225
299557678,Gillette Venus Smooth Razor,https://www.tesco.com/groceries/en-GB/shop/health-and-beauty/all?department=Women%27s%20Toiletries&viewAll=department&page=,£6.30,£6.30/each,,,/groceries/en-GB/products/299557678,https://digitalcontent.api.tesco.com/v2/media/ghs/90b4e987-c9bb-404c-965c-ab169835c325/416ac0b3-61bd-4124-a02a-b69af1e0a742_1272508874.jpeg?h=225&w=225
258846905,Brylcreem Strong 24 Hour Hold Gel 150Ml,https://www.tesco.com/groceries/en-GB/shop/health-and-beauty/all?department=Women%27s%20Toiletries&viewAll=department&page=,£3.00,£2.00/100ml,,,/groceries/en-GB/products/258846905,https://digitalcontent.api.tesco.com/v2/media/ghs/ba48e98e-b41b-461b-b7f6-91419fc8466e/4fdc231b-4265-4157-8f80-9faf84185662_215228264.jpeg?h=225&w=225
302077078,Totm Organic Cotton Regular Pads 10S,https://www.tesco.com/groceries/en-GB/shop/health-and-beauty/all?department=Women%27s%20Toiletries&viewAll=department&page=,£3.35,£0.34/each,,,/groceries/en-GB/products/302077078,https://digitalcontent.api.tesco.com/v2/media/ghs/24c54c25-8dbd-4a86-864f-cecd3b25cb21/296f47c3-15c0-4e2a-9d7d-04aece917376_1845844060.jpeg?h=225&w=225
261510659,Shockwaves Ultim Effects Texture Go Matte Clay75ml,https://www.tesco.com/groceries/en-GB/shop/health-and-beauty/all?department=Women%27s%20Toiletries&viewAll=department&page=,£2.90,£3.87/100ml,,,/groceries/en-GB/products/261510659,https://digitalcontent.api.tesco.com/v2/media/ghs/6df9c1ec-0c81-4fbf-b9d9-1dae84aed419/dbebbf11-38ab-4fbb-8321-e4e4db9cf6c0_1664128965.jpeg?h=225&w=225
268401036,Vo5 Extra Firm Hold Hair Spray 400Ml,https://www.tesco.com/groceries/en-GB/shop/health-and-beauty/all?department=Women%27s%20Toiletries&viewAll=department&page=,£4.00,£1.00/100ml,,,/groceries/en-GB/products/268401036,https://digitalcontent.api.tesco.com/v2/media/ghs/4f106a5d-8e05-4cbd-a081-59bb087d77c6/252fb918-4c41-44da-82da-7d44303f3f83_976001247.jpeg?h=225&w=225
268398613,Vo5 Firm Hold Hair Spray 400Ml,https://www.tesco.com/groceries/en-GB/shop/health-and-beauty/all?department=Women%27s%20Toiletries&viewAll=department&page=,£4.00,£1.00/100ml,,,/groceries/en-GB/products/268398613,https://digitalcontent.api.tesco.com/v2/media/ghs/618b7ed9-6b4e-4ff7-a9be-a324493331d5/93a6ac01-92fb-457b-a537-edc7c97ea5bc_348683541.jpeg?h=225&w=225
299226598,Impulse Tropical & Espresso Bodymist 150Ml,https://www.tesco.com/groceries/en-GB/shop/health-and-beauty/all?department=Women%27s%20Toiletries&viewAll=department&page=,£5.50,£3.67/100ml,£2.75 Clubcard Price,,/groceries/en-GB/products/299226598,https://digitalcontent.api.tesco.com/v2/media/ghs/e7560c89-6cdf-4cbd-8cb4-d889f96a16e1/d08c2976-e4a3-41f7-89a3-4a3733940270_1854729701.jpeg?h=225&w=225
305249556,Impulse Malibu Breeze Plus Coconut Body Mist 150Ml,https://www.tesco.com/groceries/en-GB/shop/health-and-beauty/all?department=Women%27s%20Toiletries&viewAll=department&page=,£5.50,£3.67/100ml,£2.75 Clubcard Price,,/groceries/en-GB/products/305249556,https://digitalcontent.api.tesco.com/v2/media/ghs/d0988a37-b60c-4fe1-81a3-349c8ba8772e/d75d4f5f-7804-4d90-844c-7c47ceaef15e_1115987409.jpeg?h=225&w=225
297165442,Tresemme Heat Protect Keratin Smooth Spray 200Ml,https://www.tesco.com/groceries/en-GB/shop/health-and-beauty/all?department=Women%27s%20Toiletries&viewAll=department&page=,£5.00,£2.50/100ml,,,/groceries/en-GB/products/297165442,https://digitalcontent.api.tesco.com/v2/media/ghs/611d57c0-ad7a-45f1-bc3c-85d31747a8c8/04f9f438-da77-46df-961f-8ae71fda95f9_963680277.jpeg?h=225&w=225
302077090,Totm Organic Cotton Daily Liners 30S,https://www.tesco.com/groceries/en-GB/shop/health-and-beauty/all?department=Women%27s%20Toiletries&viewAll=department&page=,£3.00,£0.10/each,,,/groceries/en-GB/products/302077090,https://digitalcontent.api.tesco.com/v2/media/ghs/2451b2b0-224a-4f9a-8b17-5ad3efa0d5f2/c4284ec8-a461-4bc6-9b97-0f7d40812c10_2025013367.jpeg?h=225&w=225
302339679,Simple Water Boost Micellar Gel Wash 150Ml,https://www.tesco.com/groceries/en-GB/shop/health-and-beauty/all?department=Women%27s%20Toiletries&viewAll=department&page=,£5.00,£3.34/100ml,£3.35 Clubcard Price,,/groceries/en-GB/products/302339679,https://digitalcontent.api.tesco.com/v2/media/ghs/117df5a3-b28a-49b8-b085-c4a7f5bb51c3/304a6955-d9b5-4c83-bec7-7a5a48bb7cd9_861261019.jpeg?h=225&w=225
305253700,Olay Cleanse Foaming Face Cleansing Jelly Wash 150Ml,https://www.tesco.com/groceries/en-GB/shop/health-and-beauty/all?department=Women%27s%20Toiletries&viewAll=department&page=,£4.00,£2.67/100ml,,,/groceries/en-GB/products/305253700,https://digitalcontent.api.tesco.com/v2/media/ghs/c463ef59-84dc-4432-b8d5-9b9b9d0321fd/ab1d58a8-b316-4e06-a945-f40d8eb794bb_1957641953.jpeg?h=225&w=225
295175560,So? Body Mist Vanilla 100Ml,https://www.tesco.com/groceries/en-GB/shop/health-and-beauty/all?department=Women%27s%20Toiletries&viewAll=department&page=,£3.00,£3.00/100ml,,,/groceries/en-GB/products/295175560,https://digitalcontent.api.tesco.com/v2/media/ghs/c9f65c5d-6204-4b23-9e31-6506ad94cd8d/67760c78-f707-44e1-92e8-24a2f7a235a6_1296129743.jpeg?h=225&w=225
266320536,Vo5 Extreme Style Matte Paste 100Ml,https://www.tesco.com/groceries/en-GB/shop/health-and-beauty/all?department=Women%27s%20Toiletries&viewAll=department&page=,£4.00,£4.00/100ml,,,/groceries/en-GB/products/266320536,https://digitalcontent.api.tesco.com/v2/media/ghs/87bc9ddd-a17c-456c-a204-8892eab63b6c/b3778092-1ee0-4ca0-8ce2-6926494fcf0f_566479329.jpeg?h=225&w=225
304783500,Wilkinson Sword Perfect Finish Facial Shaving,https://www.tesco.com/groceries/en-GB/shop/health-and-beauty/all?department=Women%27s%20Toiletries&viewAll=department&page=,£3.00,£1.00/each,,,/groceries/en-GB/products/304783500,https://digitalcontent.api.tesco.com/v2/media/ghs/8e53012d-17ab-4b83-953b-5ad86583f15c/7c916ebe-13ff-479e-a7b4-d757addd83b3_693965479.jpeg?h=225&w=225
305253435,Dove Advanced Care Calming Blossom Roll-On 100Ml,https://www.tesco.com/groceries/en-GB/shop/health-and-beauty/all?department=Women%27s%20Toiletries&viewAll=department&page=,£3.00,£3.00/100ml,,,/groceries/en-GB/products/305253435,https://digitalcontent.api.tesco.com/v2/media/ghs/cf94cf82-3d90-47d8-9dc2-a5d0ea3dd41e/59a4788e-d028-4d59-a9a1-9673be33aa43_1985101149.jpeg?h=225&w=225
301429851,Xprt. Satin 3 Blade Disposable Razors 5 Pack,https://www.tesco.com/groceries/en-GB/shop/health-and-beauty/all?department=Women%27s%20Toiletries&viewAll=department&page=,£2.25,£0.45/each,,,/groceries/en-GB/products/301429851,https://digitalcontent.api.tesco.com/v2/media/ghs/83f8f535-5159-40ca-bcdb-e323fdf32fdf/95e92e0f-8644-4de0-9f23-bbc3dc61cffb_376098734.jpeg?h=225&w=225
268397522,Tresemme Freeze Hold Hair Spray 250Ml,https://www.tesco.com/groceries/en-GB/shop/health-and-beauty/all?department=Women%27s%20Toiletries&viewAll=department&page=,£3.00,£1.20/100ml,,,/groceries/en-GB/products/268397522,https://digitalcontent.api.tesco.com/v2/media/ghs/9baf8352-0d5d-4276-9209-69e713f1a8a6/bca3c142-bc93-4224-af1c-1b7c09fd3c41_454884172.jpeg?h=225&w=225
306811851,Cbd Alchemist Revive Rfrsh Dry Shampoo Coconut 200M,https://www.tesco.com/groceries/en-GB/shop/health-and-beauty/all?department=Women%27s%20Toiletries&viewAll=department&page=,£3.15,£1.58/100ml,£2.25 Clubcard Price,,/groceries/en-GB/products/306811851,https://digitalcontent.api.tesco.com/v2/media/ghs/4955d656-7dc0-4c24-98b2-eb1c954db0d1/93ba81ad-ded1-4236-855a-5562376d0b57_727416815.jpeg?h=225&w=225
265158920,Bic Soliel Lady Scent 4S,https://www.tesco.com/groceries/en-GB/shop/health-and-beauty/all?department=Women%27s%20Toiletries&viewAll=department&page=,£3.60,£0.90/each,,,/groceries/en-GB/products/265158920,https://digitalcontent.api.tesco.com/v2/media/ghs/fc71f4f4-55f6-4bb3-b7d1-79cd1aa021a7/b9f2bcba-fd69-4969-a736-a085632f7529_633724839.jpeg?h=225&w=225
306809152,Cbd Alchemist Revive & Refresh Dry Shampoo 200Ml,https://www.tesco.com/groceries/en-GB/shop/health-and-beauty/all?department=Women%27s%20Toiletries&viewAll=department&page=,£3.15,£1.58/100ml,£2.25 Clubcard Price,,/groceries/en-GB/products/306809152,https://digitalcontent.api.tesco.com/v2/media/ghs/b73a902f-7225-45dd-a761-603abb2a5e6c/e9289091-2d8c-462e-ba4e-66e9a8b179df_850812127.jpeg?h=225&w=225
302226801,Schwarzkopf Got2b Glued Blasting Freeze Spray 100Ml,https://www.tesco.com/groceries/en-GB/shop/health-and-beauty/all?department=Women%27s%20Toiletries&viewAll=department&page=,£2.00,£2.00/100ml,£1.75 Clubcard Price,,/groceries/en-GB/products/302226801,https://digitalcontent.api.tesco.com/v2/media/ghs/33f49372-72b6-4f12-943e-d33fd0fe04f3/6779dd02-bf53-4039-b2a0-0181e9ee5fe7_1614172057.jpeg?h=225&w=225
287170151,Gillette Venus Extra Smooth Razor,https://www.tesco.com/groceries/en-GB/shop/health-and-beauty/all?department=Women%27s%20Toiletries&viewAll=department&page=,£9.00,£9.00/each,£5.00 Clubcard Price,,/groceries/en-GB/products/287170151,https://digitalcontent.api.tesco.com/v2/media/ghs/793fdeff-77c1-4120-b44d-1908ffa45e84/35cf9437-0a69-4e2e-856a-295e851c7168_28658031.jpeg?h=225&w=225
271767893,Pantene Pro-V Ice Shine Hair Spray 300Ml,https://www.tesco.com/groceries/en-GB/shop/health-and-beauty/all?department=Women%27s%20Toiletries&viewAll=department&page=,£3.00,£1.00/100ml,,,/groceries/en-GB/products/271767893,https://digitalcontent.api.tesco.com/v2/media/ghs/78c4676a-1beb-450d-9b1e-e440e90d78e4/28d90163-2403-4193-bd65-640518836e24_325729368.jpeg?h=225&w=225
312718607,Lil-Lets Reusable Tampon Applicator & Assorted Tampons,https://www.tesco.com/groceries/en-GB/shop/health-and-beauty/all?department=Women%27s%20Toiletries&viewAll=department&page=,£18.00,£18.00/each,,,/groceries/en-GB/products/312718607,https://digitalcontent.api.tesco.com/v2/media/ghs/33cf90ac-8f32-41c1-b64e-7f2ca23645a7/f3d436de-cdc0-4b8a-9b76-b7f4289a0b90_601855203.jpeg?h=225&w=225
299424824,Veet Sensitve Wax Strips 40 Pack,https://www.tesco.com/groceries/en-GB/shop/health-and-beauty/all?department=Women%27s%20Toiletries&viewAll=department&page=,£14.00,£0.35/each,,,/groceries/en-GB/products/299424824,https://digitalcontent.api.tesco.com/v2/media/ghs/7c052503-87ce-4024-96fd-961b130eb2e0/b1f2d5b3-347d-49e6-9092-c1a84d256cd5_1500369785.jpeg?h=225&w=225
291053440,Gillette Venus Swirl Exsmooth Blade 3 Pack,https://www.tesco.com/groceries/en-GB/shop/health-and-beauty/all?department=Women%27s%20Toiletries&viewAll=department&page=,£12.00,£4.00/each,£10.00 Clubcard Price,,/groceries/en-GB/products/291053440,https://digitalcontent.api.tesco.com/v2/media/ghs/3f1cb9e0-0f0f-4fef-9000-907616dc9d33/8220de38-cd37-41b7-8bec-0e8a799c150e_249213129.jpeg?h=225&w=225
291288761,Garnier Micellar Water Oil Infused 400Ml,https://www.tesco.com/groceries/en-GB/shop/health-and-beauty/all?department=Women%27s%20Toiletries&viewAll=department&page=,£7.00,£1.75/100ml,,,/groceries/en-GB/products/291288761,https://digitalcontent.api.tesco.com/v2/media/ghs/333116e9-accf-4480-9ba5-2283d62faaf5/faf06447-d909-4d14-be5a-ae4677877d7a_155634670.jpeg?h=225&w=225
308096459,Gillette Venus Deluxe Smooth Sensitive Blades 3 Pack,https://www.tesco.com/groceries/en-GB/shop/health-and-beauty/all?department=Women%27s%20Toiletries&viewAll=department&page=,£12.00,£4.00/each,£10.00 Clubcard Price,,/groceries/en-GB/products/308096459,https://digitalcontent.api.tesco.com/v2/media/ghs/51281079-c916-4f80-9e5e-5eae1f7d5179/8563d153-ec4e-4f3c-8761-7adcdf87bd5d_959386819.jpeg?h=225&w=225
303194110,Tena Normal Black Bladder Weakness Large Underwear 9Pcs,https://www.tesco.com/groceries/en-GB/shop/health-and-beauty/all?department=Women%27s%20Toiletries&viewAll=department&page=,£7.75,£0.86/each,,,/groceries/en-GB/products/303194110,https://digitalcontent.api.tesco.com/v2/media/ghs/3d6864ab-040f-481e-997b-e490c196ea8e/44d16fd7-3dee-4605-9064-4b991fe1f4c3_1930588340.jpeg?h=225&w=225
302001923,Palmer's Coconut Oil Leave In Conditioner 250Ml,https://www.tesco.com/groceries/en-GB/shop/health-and-beauty/all?department=Women%27s%20Toiletries&viewAll=department&page=,£6.30,£2.52/100ml,,,/groceries/en-GB/products/302001923,https://digitalcontent.api.tesco.com/v2/media/ghs/23bdf316-8dfb-40e5-ba9b-9caa1b9e9f8f/06cff8f7-ecd5-4ca3-a355-790f7092ab20_1451319241.jpeg?h=225&w=225
309475919,Venus Pubic Hair & Skin Ladies Razor Blades 4 Pack,https://www.tesco.com/groceries/en-GB/shop/health-and-beauty/all?department=Women%27s%20Toiletries&viewAll=department&page=,£12.00,£3.00/each,£9.00 Clubcard Price,,/groceries/en-GB/products/309475919,https://digitalcontent.api.tesco.com/v2/media/ghs/5a8650ec-2777-4c94-9f1c-aebc1c7f0839/7d89efa3-e4be-431d-9179-b3206d70b4c2_114452349.jpeg?h=225&w=225
289745315,Garnier Micellar Water Combination 400Ml,https://www.tesco.com/groceries/en-GB/shop/health-and-beauty/all?department=Women%27s%20Toiletries&viewAll=department&page=,£6.00,£1.50/100ml,,,/groceries/en-GB/products/289745315,https://digitalcontent.api.tesco.com/v2/media/ghs/75e8b95a-5355-4454-b636-bf0129d2a5a8/0c49aaa6-c30b-4e89-ac4b-98149d053d5b_1171367129.jpeg?h=225&w=225
309786800,Venus Razor For Pubic Hair & Skin,https://www.tesco.com/groceries/en-GB/shop/health-and-beauty/all?department=Women%27s%20Toiletries&viewAll=department&page=,£10.00,£10.00/each,£6.65 Clubcard Price,,/groceries/en-GB/products/309786800,https://digitalcontent.api.tesco.com/v2/media/ghs/44a6da00-9c76-4665-8bdf-1eadbfbc40df/68d7bbe3-f387-42ad-b93d-fcb9c4717706_1292138500.jpeg?h=225&w=225
257970413,Triple Dry Antiperspirant Deodorant Roll-On 50Ml,https://www.tesco.com/groceries/en-GB/shop/health-and-beauty/all?department=Women%27s%20Toiletries&viewAll=department&page=,£6.00,£12.00/100ml,,,/groceries/en-GB/products/257970413,https://digitalcontent.api.tesco.com/v2/media/ghs/455c73d9-1a4c-4fb6-873e-f5bc5666a3c6/8f3688b4-9a3e-401c-b31c-b214444e4465_276846764.jpeg?h=225&w=225
252845697,Brylcreem Glossy Hold Wax 250Ml,https://www.tesco.com/groceries/en-GB/shop/health-and-beauty/all?department=Women%27s%20Toiletries&viewAll=department&page=,£4.50,£1.80/100ml,,,/groceries/en-GB/products/252845697,https://digitalcontent.api.tesco.com/v2/media/ghs/bff7eae1-152f-4766-a12e-317723479dea/5ace8903-d581-4f42-bb77-67a7bfe2f99c_1225551499.jpeg?h=225&w=225
299557730,Gillette Venus Spa Breeze Handle+3 Blade,https://www.tesco.com/groceries/en-GB/shop/health-and-beauty/all?department=Women%27s%20Toiletries&viewAll=department&page=,£14.00,£14.00/each,£9.30 Clubcard Price,,/groceries/en-GB/products/299557730,https://digitalcontent.api.tesco.com/v2/media/ghs/8eb5d1e5-ab8b-4960-8585-df3c94ab8872/44405fc2-8710-49ff-9af7-d9fb3a4f82e1_1944061941.jpeg?h=225&w=225
276889412,Schwarzkopf Got2b Beach Matte Texturising Salt Spray 200Ml,https://www.tesco.com/groceries/en-GB/shop/health-and-beauty/all?department=Women%27s%20Toiletries&viewAll=department&page=,£5.00,£2.50/100ml,,,/groceries/en-GB/products/276889412,https://digitalcontent.api.tesco.com/v2/media/ghs/b9f97549-d6e6-49c7-a380-b2b8b1e139e4/0b469ddb-8f33-4f6c-a34b-d85ef8623133_237299290.jpeg?h=225&w=225
282555983,Wilkinson Sword Women Coral Blades 3 Pack,https://www.tesco.com/groceries/en-GB/shop/health-and-beauty/all?department=Women%27s%20Toiletries&viewAll=department&page=,£6.30,£2.10/each,,,/groceries/en-GB/products/282555983,https://digitalcontent.api.tesco.com/v2/media/ghs/244d6110-e5b5-4fd4-940f-db6551a769ba/4f9c7def-8d85-48f9-b4bc-32984c30d4fe_1741407265.jpeg?h=225&w=225
295036132,Silvikrin Hair Spray Volume Hold 400Ml,https://www.tesco.com/groceries/en-GB/shop/health-and-beauty/all?department=Women%27s%20Toiletries&viewAll=department&page=,£4.20,£1.05/100ml,,,/groceries/en-GB/products/295036132,https://digitalcontent.api.tesco.com/v2/media/ghs/16c36c03-926d-466b-b5b3-6e481c5a0520/57eb3955-ff4b-4163-bc5d-4d0fc0fd044d_820523083.jpeg?h=225&w=225
301429959,Xprt. Satin 5 Blade Razor Blades 4 Pack,https://www.tesco.com/groceries/en-GB/shop/health-and-beauty/all?department=Women%27s%20Toiletries&viewAll=department&page=,£4.80,£1.20/each,,,/groceries/en-GB/products/301429959,https://digitalcontent.api.tesco.com/v2/media/ghs/273bf5b3-01fb-42cc-9351-15f1f7a4cc49/d09b9ae8-31e1-4481-bd05-a5c4220d8dcc_2052620687.jpeg?h=225&w=225
297242564,Pantene Repair & Protect Reconstruct Hair Mask 300Ml,https://www.tesco.com/groceries/en-GB/shop/health-and-beauty/all?department=Women%27s%20Toiletries&viewAll=department&page=,£5.00,£1.67/100ml,,,/groceries/en-GB/products/297242564,https://digitalcontent.api.tesco.com/v2/media/ghs/aa4c6bef-f71f-490e-a3b6-d6aa44b9a383/86f1c737-140f-4a70-bedd-754bd4ede399_827489120.jpeg?h=225&w=225
299475607,So Bali Breeze Body Mist 200Ml,https://www.tesco.com/groceries/en-GB/shop/health-and-beauty/all?department=Women%27s%20Toiletries&viewAll=department&page=,£5.00,£2.50/100ml,,,/groceries/en-GB/products/299475607,https://digitalcontent.api.tesco.com/v2/media/ghs/0f19a854-2a49-4fd5-ab7b-eb0dda10b168/267998f2-380d-4714-ac67-7b2b8e2628da_96202239.jpeg?h=225&w=225
305828332,So Mykonos Nights Body Mist 200Ml,https://www.tesco.com/groceries/en-GB/shop/health-and-beauty/all?department=Women%27s%20Toiletries&viewAll=department&page=,£5.00,£2.50/100ml,,,/groceries/en-GB/products/305828332,https://digitalcontent.api.tesco.com/v2/media/ghs/75ce384a-5de6-402b-a9c9-b176a7402671/d862c97f-8beb-4d28-868a-26da0883a16f_1684031003.jpeg?h=225&w=225
310154657,Sanex Zero% Natural Care Deodorant Stick 56G,https://www.tesco.com/groceries/en-GB/shop/health-and-beauty/all?department=Women%27s%20Toiletries&viewAll=department&page=,£7.00,£12.50/100g,,,/groceries/en-GB/products/310154657,https://digitalcontent.api.tesco.com/v2/media/ghs/ff65db55-087c-40b4-a9a4-08e4abf9b6d1/b86e0108-3dee-4dee-8125-b0fba84a85bf_841359156.jpeg?h=225&w=225
260567835,Advanced Vo5 Curl Up Defining Mousse 200Ml,https://www.tesco.com/groceries/en-GB/shop/health-and-beauty/all?department=Women%27s%20Toiletries&viewAll=department&page=,£4.40,£2.20/100ml,,,/groceries/en-GB/products/260567835,https://digitalcontent.api.tesco.com/v2/media/ghs/ee8c6dc5-b00f-4a3a-8df8-a04df316a051/50d3f557-eb81-4d7d-8643-8b1b410d7fd9_147603845.jpeg?h=225&w=225
312107933,Wilkinson Sword Skin Defense 5 Disposable Razors 3 Pack,https://www.tesco.com/groceries/en-GB/shop/health-and-beauty/all?department=Women%27s%20Toiletries&viewAll=department&page=,£6.00,£2.00/each,£4.00 Clubcard Price,,/groceries/en-GB/products/312107933,https://digitalcontent.api.tesco.com/v2/media/ghs/db948202-1b95-4ae8-8930-152793b20993/67de3162-a955-47cb-9fec-72842631f7c2_1689111738.jpeg?h=225&w=225
307365432,Totm Organic Cotton Wrapped Liner 24S,https://www.tesco.com/groceries/en-GB/shop/health-and-beauty/all?department=Women%27s%20Toiletries&viewAll=department&page=,£3.75,£0.16/each,,,/groceries/en-GB/products/307365432,https://digitalcontent.api.tesco.com/v2/media/ghs/e15a3bc8-80df-4bfc-a539-76c664b12130/3a566dd1-d119-4dca-9b8e-917cf5c85c04_811017254.jpeg?h=225&w=225
260567864,Vo5 Wet Look Styling Hair Gel 200Ml,https://www.tesco.com/groceries/en-GB/shop/health-and-beauty/all?department=Women%27s%20Toiletries&viewAll=department&page=,£3.25,£1.63/100ml,,,/groceries/en-GB/products/260567864,https://digitalcontent.api.tesco.com/v2/media/ghs/b1716fa7-77ca-426a-80fa-ca019783fac6/03a22da7-f085-49f9-ae97-6158f6c2f7fe_1355118279.jpeg?h=225&w=225
268745382,Dabur Amla Hair Oil 200Ml,https://www.tesco.com/groceries/en-GB/shop/health-and-beauty/all?department=Women%27s%20Toiletries&viewAll=department&page=,£3.00,£1.50/100ml,,,/groceries/en-GB/products/268745382,https://digitalcontent.api.tesco.com/v2/media/ghs/f33d3c5b-a3a9-401f-9f26-fe642d0b1ddc/b6f13904-edb7-4475-a7a8-c202c7a34c3d_655730383.jpeg?h=225&w=225
312105327,Tena Light Sensitive Ultra Pads Mini 20 Pack,https://www.tesco.com/groceries/en-GB/shop/health-and-beauty/all?department=Women%27s%20Toiletries&viewAll=department&page=,£3.00,£0.15/each,,,/groceries/en-GB/products/312105327,https://digitalcontent.api.tesco.com/v2/media/ghs/f0054a62-41cf-421c-bd71-2c15584dde22/fd5e277e-1a85-44e0-9f5e-478d331c9604_349349177.jpeg?h=225&w=225
299475544,So Candy Floss Body Mist 100Ml,https://www.tesco.com/groceries/en-GB/shop/health-and-beauty/all?department=Women%27s%20Toiletries&viewAll=department&page=,£3.00,£3.00/100ml,,,/groceries/en-GB/products/299475544,https://digitalcontent.api.tesco.com/v2/media/ghs/b5e1fd60-8be8-444f-80f6-c24eb0c0a3ed/81b64ee5-ebdf-412a-8b15-5a5afd08f303_858720916.jpeg?h=225&w=225
299280555,L'oreal Elvive Dream Lengths No Cut Cream 200Ml,https://www.tesco.com/groceries/en-GB/shop/health-and-beauty/all?department=Women%27s%20Toiletries&viewAll=department&page=,£6.00,£3.00/100ml,£4.00 Clubcard Price,,/groceries/en-GB/products/299280555,https://digitalcontent.api.tesco.com/v2/media/ghs/be047494-d402-495c-9cbf-9a648ed2f94a/64673d39-17b3-4488-bc41-2a496b555903_217058453.jpeg?h=225&w=225
258198306,L’Oreal Studio Line Line Go Sculpting Spritz 150Ml,https://www.tesco.com/groceries/en-GB/shop/health-and-beauty/all?department=Women%27s%20Toiletries&viewAll=department&page=,£3.50,£2.34/100ml,,,/groceries/en-GB/products/258198306,https://digitalcontent.api.tesco.com/v2/media/ghs/0375931f-0265-456f-8999-52d5e255af37/e0103ebb-1313-4866-8e7c-fd92f4fe4bd5_674312352.jpeg?h=225&w=225
252467983,L’Oreal Studio Line Line Rework Remix 150Ml,https://www.tesco.com/groceries/en-GB/shop/health-and-beauty/all?department=Women%27s%20Toiletries&viewAll=department&page=,£3.50,£2.34/100ml,,,/groceries/en-GB/products/252467983,https://digitalcontent.api.tesco.com/v2/media/ghs/1f0adbeb-1d7d-447a-b872-20944903451f/07b6e665-7542-44a9-9dd1-6adc4e6a9648_515350955.jpeg?h=225&w=225
260664138,Gillette Fusion Razor Blades Refill 4 Pack,https://www.tesco.com/groceries/en-GB/shop/health-and-beauty/all?department=Men%27s%20Toiletries&viewAll=department&page=,£11.00,£2.75/each,Any 2 for £18 Clubcard Price - Selected Gillette Male Blades Refill 4 Pack,,/groceries/en-GB/products/260664138,https://digitalcontent.api.tesco.com/v2/media/ghs/aa0d4541-05cd-4aa4-b983-f37a3f363983/18dd0544-5dad-4f8b-b13d-7a92d8eb49f2_1548611974.jpeg?h=225&w=225
303206081,Lynx Africa Antiperspirant Deodorant Spray 250Ml,https://www.tesco.com/groceries/en-GB/shop/health-and-beauty/all?department=Men%27s%20Toiletries&viewAll=department&page=,£4.00,£1.60/100ml,,,/groceries/en-GB/products/303206081,https://digitalcontent.api.tesco.com/v2/media/ghs/ba5782e0-c3fe-4260-900e-2b990d3375d1/ef486328-ff7d-4c4e-9407-0bf96145d3ac_415788548.jpeg?h=225&w=225
264860867,Gillette Blue 2 Slalom Disposable Razors 8 Pack,https://www.tesco.com/groceries/en-GB/shop/health-and-beauty/all?department=Men%27s%20Toiletries&viewAll=department&page=,£3.50,£0.44/each,,,/groceries/en-GB/products/264860867,https://digitalcontent.api.tesco.com/v2/media/ghs/aa92a3ef-fb97-4e09-bde9-9fa410430539/0ff6d629-8dc8-472e-819d-0ecbf8c96738_1713949852.jpeg?h=225&w=225
311261278,Sure Men Nonstop Protection 72H Antiperspirant 150Ml,https://www.tesco.com/groceries/en-GB/shop/health-and-beauty/all?department=Men%27s%20Toiletries&viewAll=department&page=,£2.50,£1.67/100ml,£1.50 Clubcard Price,,/groceries/en-GB/products/311261278,https://digitalcontent.api.tesco.com/v2/media/ghs/5982642f-0d46-412d-9b25-83bd03d06484/78743d27-63ab-40ad-936f-0335ced74460_800131267.jpeg?h=225&w=225
311262974,Sure Men 72H Active Dry Antiperspirant 150Ml,https://www.tesco.com/groceries/en-GB/shop/health-and-beauty/all?department=Men%27s%20Toiletries&viewAll=department&page=,£2.50,£1.67/100ml,£1.50 Clubcard Price,,/groceries/en-GB/products/311262974,https://digitalcontent.api.tesco.com/v2/media/ghs/f88f2e4b-0115-4bbe-befb-5b026ebdc563/33049bdb-fa0d-46a3-803a-554c18e0620a_2058774291.jpeg?h=225&w=225
305253631,Lynx Black Bodywash 500Ml,https://www.tesco.com/groceries/en-GB/shop/health-and-beauty/all?department=Men%27s%20Toiletries&viewAll=department&page=,£2.50,£0.50/100ml,,,/groceries/en-GB/products/305253631,https://digitalcontent.api.tesco.com/v2/media/ghs/113b4b24-8e13-4656-938d-261a32a1a502/3b3e165c-453e-49d8-ab34-431d8c6f842e_1295549524.jpeg?h=225&w=225
305251380,Lynx Bodywash Africa 500Ml,https://www.tesco.com/groceries/en-GB/shop/health-and-beauty/all?department=Men%27s%20Toiletries&viewAll=department&page=,£2.50,£0.50/100ml,,,/groceries/en-GB/products/305251380,https://digitalcontent.api.tesco.com/v2/media/ghs/50809edc-47c4-4d5c-84b3-ffa44ea1a11a/2ea854ac-3b67-466e-bafa-9bd9b8fb03ff_1779297725.jpeg?h=225&w=225
261540894,Lynx Dry Africa Antiperspirant Deodorant 150Ml,https://www.tesco.com/groceries/en-GB/shop/health-and-beauty/all?department=Men%27s%20Toiletries&viewAll=department&page=,£3.00,£2.00/100ml,£2.25 Clubcard Price,,/groceries/en-GB/products/261540894,https://digitalcontent.api.tesco.com/v2/media/ghs/7bcd68b8-47fc-4803-b54e-75ee842c260e/2fd5076d-ddc8-457f-b0b6-00fdeaffdbba_1438591951.jpeg?h=225&w=225
261546847,Lynx Deodorant Africa Bodyspray 150Ml,https://www.tesco.com/groceries/en-GB/shop/health-and-beauty/all?department=Men%27s%20Toiletries&viewAll=department&page=,£3.00,£2.00/100ml,£2.25 Clubcard Price,,/groceries/en-GB/products/261546847,https://digitalcontent.api.tesco.com/v2/media/ghs/0d0711ba-b8c9-4a9c-878b-9e635e2f0760/daa8c25c-0b08-47d1-8fb8-de4341f3a1c4_1874605620.jpeg?h=225&w=225
266125382,Dove Men+Care Clean Cmfrt Antiperspirant Deodorant Stick 50Ml,https://www.tesco.com/groceries/en-GB/shop/health-and-beauty/all?department=Men%27s%20Toiletries&viewAll=department&page=,£2.10,£4.20/100ml,,,/groceries/en-GB/products/266125382,https://digitalcontent.api.tesco.com/v2/media/ghs/1ae0ef3b-0ca9-48f0-b7de-8d113c288ee7/a647cff7-356e-4702-acb2-88bb0cf1e0dd_2118133996.jpeg?h=225&w=225
305051023,Lynx Excite Shower Gel 500Ml,https://www.tesco.com/groceries/en-GB/shop/health-and-beauty/all?department=Men%27s%20Toiletries&viewAll=department&page=,£2.50,£0.50/100ml,,,/groceries/en-GB/products/305051023,https://digitalcontent.api.tesco.com/v2/media/ghs/f785831d-7799-4f35-9d25-e9db514f6e47/80667171-437d-4b33-9247-b3c15f302bd9_846180284.jpeg?h=225&w=225
268179886,Nivea Men Black & White Power Antiperspirant Deodorant 250Ml,https://www.tesco.com/groceries/en-GB/shop/health-and-beauty/all?department=Men%27s%20Toiletries&viewAll=department&page=,£2.00,£0.80/100ml,,,/groceries/en-GB/products/268179886,https://digitalcontent.api.tesco.com/v2/media/ghs/57eef064-3433-4643-8060-35aa3e6e3401/ead2b429-57be-4c37-95f7-18b26953bf75_322100221.jpeg?h=225&w=225
264273976,Nivea For Men Cool Kick Antiperspirant Deodorant 250Ml,https://www.tesco.com/groceries/en-GB/shop/health-and-beauty/all?department=Men%27s%20Toiletries&viewAll=department&page=,£2.00,£0.80/100ml,,,/groceries/en-GB/products/264273976,https://digitalcontent.api.tesco.com/v2/media/ghs/0d369b48-2360-474c-93ca-bbd934a38327/c1bde42d-b6d3-40ba-8108-d6fb19f64671_372996496.jpeg?h=225&w=225
303333880,Lynx Ice Chill Deodorant & Body Spray For Men 150Ml,https://www.tesco.com/groceries/en-GB/shop/health-and-beauty/all?department=Men%27s%20Toiletries&viewAll=department&page=,£3.00,£2.00/100ml,£2.25 Clubcard Price,,/groceries/en-GB/products/303333880,https://digitalcontent.api.tesco.com/v2/media/ghs/5f06a3ca-f76a-478d-9f19-4ba375df8bfb/0b598471-0b6f-4f74-8ab5-b7603e766e49_18979240.jpeg?h=225&w=225
272217414,Nivea Men Sensitive Protect Antiperspirant Deodorant 250Ml,https://www.tesco.com/groceries/en-GB/shop/health-and-beauty/all?department=Men%27s%20Toiletries&viewAll=department&page=,£2.00,£0.80/100ml,,,/groceries/en-GB/products/272217414,https://digitalcontent.api.tesco.com/v2/media/ghs/1d9581a5-dead-42bf-9a54-18f49eff4994/e16eeeb9-1e46-4784-bdfc-94e7ffebbe43_1350167632.jpeg?h=225&w=225
264322537,Gillette Series Sensitive Skin Shave Gel 200Ml,https://www.tesco.com/groceries/en-GB/shop/health-and-beauty/all?department=Men%27s%20Toiletries&viewAll=department&page=,£2.50,£1.25/100ml,,,/groceries/en-GB/products/264322537,https://digitalcontent.api.tesco.com/v2/media/ghs/3439e6bd-71c8-43d8-af44-619735836d50/8da81c48-310c-43c9-bdce-59d8add7145b_1968444002.jpeg?h=225&w=225
305250219,Nivea Men Sensitive Shower Gel 400Ml,https://www.tesco.com/groceries/en-GB/shop/health-and-beauty/all?department=Men%27s%20Toiletries&viewAll=department&page=,£1.49,£0.37/100ml,,,/groceries/en-GB/products/305250219,https://digitalcontent.api.tesco.com/v2/media/ghs/320fb72c-ea54-411d-be36-93500edb72ba/25350f92-bfa0-42ff-acf2-96cef5df4f38_564861408.jpeg?h=225&w=225
263591697,Sure Men Invisible Ice Fresh Antiperspirant Deodorant 250Ml,https://www.tesco.com/groceries/en-GB/shop/health-and-beauty/all?department=Men%27s%20Toiletries&viewAll=department&page=,£1.75,£0.70/100ml,Aldi Price Match,,/groceries/en-GB/products/263591697,https://digitalcontent.api.tesco.com/v2/media/ghs/e16970c9-e438-4f5a-a029-a8c85d1e87c3/b2f44954-c294-4683-80c5-4e7d8a47456d_431187800.jpeg?h=225&w=225
310844898,Dove Men+Care Extra Fresh Antiperspirant Deodorant 200Ml,https://www.tesco.com/groceries/en-GB/shop/health-and-beauty/all?department=Men%27s%20Toiletries&viewAll=department&page=,£2.00,£1.00/100ml,,,/groceries/en-GB/products/310844898,https://digitalcontent.api.tesco.com/v2/media/ghs/abd5b6b8-b95d-4c82-af2c-99ea54df064a/8b6ac42c-ab84-4369-9642-7aa55d2b8d48_215438473.jpeg?h=225&w=225
311672644,Dove Men+Care Clean Comfort Antiperspirant Deodorant 200Ml,https://www.tesco.com/groceries/en-GB/shop/health-and-beauty/all?department=Men%27s%20Toiletries&viewAll=department&page=,£2.00,£1.00/100ml,,,/groceries/en-GB/products/311672644,https://digitalcontent.api.tesco.com/v2/media/ghs/d8060678-51d6-4fd2-8b78-4ecef359fccf/91b8da81-ff01-4603-b057-e150a9181da3_1237618077.jpeg?h=225&w=225
305054734,Nivea Men Energy Shower Gel 400Ml,https://www.tesco.com/groceries/en-GB/shop/health-and-beauty/all?department=Men%27s%20Toiletries&viewAll=department&page=,£1.49,£0.37/100ml,,,/groceries/en-GB/products/305054734,https://digitalcontent.api.tesco.com/v2/media/ghs/52615be9-aed2-423f-8d46-b8af0ad0cb16/d8df0107-650e-480c-82e0-1791dcfd4fcc_1949024382.jpeg?h=225&w=225
308104798,L'oreal Men Expert Fresh Extreme Antiperspirant Deodorant 300Ml,https://www.tesco.com/groceries/en-GB/shop/health-and-beauty/all?department=Men%27s%20Toiletries&viewAll=department&page=,£2.70,£0.90/100ml,,,/groceries/en-GB/products/308104798,https://digitalcontent.api.tesco.com/v2/media/ghs/83e03f99-49b6-4e0c-aaa5-2471600a9d6a/31482172-b0d1-45bc-b30c-4ee01f982e0b_778634319.jpeg?h=225&w=225
305052575,Nivea Men Sport Shower Gel 400Ml,https://www.tesco.com/groceries/en-GB/shop/health-and-beauty/all?department=Men%27s%20Toiletries&viewAll=department&page=,£1.49,£0.37/100ml,,,/groceries/en-GB/products/305052575,https://digitalcontent.api.tesco.com/v2/media/ghs/d177170d-f342-426d-8ea4-a835cc9aaae6/f0e60e3d-8c6b-4ce6-b6c2-7e831eea59a2_1397440737.jpeg?h=225&w=225
264273963,Nivea Men Cool Kick Antiperspirant Deodorant 150Ml,https://www.tesco.com/groceries/en-GB/shop/health-and-beauty/all?department=Men%27s%20Toiletries&viewAll=department&page=,£1.30,£0.87/100ml,,,/groceries/en-GB/products/264273963,https://digitalcontent.api.tesco.com/v2/media/ghs/1078270b-b37f-4bf8-92bc-6c387feb30c3/7b8a0b96-18f7-4164-afac-ad4f925b4ed4_1912573458.jpeg?h=225&w=225
272227949,Nivea Men Black & White Power Antiperspirant Deodorant 150Ml,https://www.tesco.com/groceries/en-GB/shop/health-and-beauty/all?department=Men%27s%20Toiletries&viewAll=department&page=,£1.30,£0.87/100ml,,,/groceries/en-GB/products/272227949,https://digitalcontent.api.tesco.com/v2/media/ghs/20ed92cf-9b05-4e54-83db-b4ff8ea322e9/d720fd6e-9a7d-4119-b69d-78e4fd865287_1606739306.jpeg?h=225&w=225
263589770,Sure Men Quantum Dry Antiperspirant Deodorant 250Ml,https://www.tesco.com/groceries/en-GB/shop/health-and-beauty/all?department=Men%27s%20Toiletries&viewAll=department&page=,£1.75,£0.70/100ml,Aldi Price Match,,/groceries/en-GB/products/263589770,https://digitalcontent.api.tesco.com/v2/media/ghs/23d111f5-04f9-45a4-8214-99bc5adeb846/4bcacf92-7552-467f-b5d3-5850c3b05798_945957788.jpeg?h=225&w=225
263745643,Sure Men Active Dry Antiperspirant Deodorant 250Ml,https://www.tesco.com/groceries/en-GB/shop/health-and-beauty/all?department=Men%27s%20Toiletries&viewAll=department&page=,£1.75,£0.70/100ml,Aldi Price Match,,/groceries/en-GB/products/263745643,https://digitalcontent.api.tesco.com/v2/media/ghs/0baa6cb7-c5d4-431d-a0fb-05c6f9241e96/3c09d3d1-4e1e-489d-9d34-eccb6b32da31_409838401.jpeg?h=225&w=225
276795102,Dove Men Clean Comfort Body & Face Wash 400Ml,https://www.tesco.com/groceries/en-GB/shop/health-and-beauty/all?department=Men%27s%20Toiletries&viewAll=department&page=,£1.80,£0.45/100ml,,,/groceries/en-GB/products/276795102,https://digitalcontent.api.tesco.com/v2/media/ghs/c42c65e9-2e8d-4cf7-a706-450343f624e3/2353c305-6883-4f68-8084-d0a9aa62ed29_69012039.jpeg?h=225&w=225
256167709,Gillette Sensor 3 Disposable Razors 4 Pack,https://www.tesco.com/groceries/en-GB/shop/health-and-beauty/all?department=Men%27s%20Toiletries&viewAll=department&page=,£4.50,£1.13/each,£2.70 Clubcard Price,,/groceries/en-GB/products/256167709,https://digitalcontent.api.tesco.com/v2/media/ghs/4c022167-0b41-497e-9bc0-c2cfdee6eba3/d69fd7d6-f0ee-4e73-b3c1-92779685fea7_2042135925.jpeg?h=225&w=225
262156306,Nivea Men Energy Shower Gel 250Ml,https://www.tesco.com/groceries/en-GB/shop/health-and-beauty/all?department=Men%27s%20Toiletries&viewAll=department&page=,£1.00,£0.40/100ml,,,/groceries/en-GB/products/262156306,https://digitalcontent.api.tesco.com/v2/media/ghs/5ed44138-bc85-460e-9faa-ba3f062f516b/c8f895b0-bcdc-4bed-a192-8d166762a933_696444421.jpeg?h=225&w=225
255355189,Gillette Classic Sensitive Skin Shave Foam 200Ml,https://www.tesco.com/groceries/en-GB/shop/health-and-beauty/all?department=Men%27s%20Toiletries&viewAll=department&page=,£1.00,£0.50/100ml,,,/groceries/en-GB/products/255355189,https://digitalcontent.api.tesco.com/v2/media/ghs/2785e14e-bb42-4e17-85e0-a6b5cde38af8/62cc106c-6ef6-45a8-876e-9d5945dd1622_1921503510.jpeg?h=225&w=225
255355039,Gillette Classic Sensitive Skin Shave Gel 200Ml,https://www.tesco.com/groceries/en-GB/shop/health-and-beauty/all?department=Men%27s%20Toiletries&viewAll=department&page=,£1.50,£0.75/100ml,,,/groceries/en-GB/products/255355039,https://digitalcontent.api.tesco.com/v2/media/ghs/81dccc6c-77bd-4093-9c64-1af1cb2fc540/5c032d93-1436-4ff8-a942-5dadb6ed47c9_938483871.jpeg?h=225&w=225
263745516,Sure Men Sensitive Roll-On Antiperspirant Deodorant 50Ml,https://www.tesco.com/groceries/en-GB/shop/health-and-beauty/all?department=Men%27s%20Toiletries&viewAll=department&page=,£1.00,£2.00/100ml,,,/groceries/en-GB/products/263745516,https://digitalcontent.api.tesco.com/v2/media/ghs/68fe7205-2b02-40ed-ae06-5dd2ec8c279c/688456df-64d6-4395-8940-302b66aa5b70_843222089.jpeg?h=225&w=225
263745482,Sure Men Original Roll-On Antiperspirant Deodorant 50Ml,https://www.tesco.com/groceries/en-GB/shop/health-and-beauty/all?department=Men%27s%20Toiletries&viewAll=department&page=,£1.00,£2.00/100ml,,,/groceries/en-GB/products/263745482,https://digitalcontent.api.tesco.com/v2/media/ghs/ac08a769-cdc2-4cda-9b50-bf9fb43f6449/73693ded-6d69-4631-b4d8-17c0182eb24b_1074439602.jpeg?h=225&w=225
263772322,Lynx Africa Roll-On Antiperspirant Deodorant 50Ml,https://www.tesco.com/groceries/en-GB/shop/health-and-beauty/all?department=Men%27s%20Toiletries&viewAll=department&page=,£1.15,£2.30/100ml,,,/groceries/en-GB/products/263772322,https://digitalcontent.api.tesco.com/v2/media/ghs/dcc0b94b-58ef-46ba-9fb7-1f9d92dc3cad/9541b7e5-05f5-400e-b145-3e83d3c7b4e5_1096427421.jpeg?h=225&w=225
258873400,Nivea Men Sensitive Shaving Gel 200Ml,https://www.tesco.com/groceries/en-GB/shop/health-and-beauty/all?department=Men%27s%20Toiletries&viewAll=department&page=,£1.70,£0.85/100ml,,,/groceries/en-GB/products/258873400,https://digitalcontent.api.tesco.com/v2/media/ghs/1ee10bdb-55a1-419a-99c1-bb08c6d378d1/b3f44cbb-da8c-4c22-b9df-4d9b5b73f5ec_2029294916.jpeg?h=225&w=225
272227552,Nivea Men Sensitive Protect Antiperspirant Deodorant Roll On 50Ml,https://www.tesco.com/groceries/en-GB/shop/health-and-beauty/all?department=Men%27s%20Toiletries&viewAll=department&page=,£1.15,£2.30/100ml,,,/groceries/en-GB/products/272227552,https://digitalcontent.api.tesco.com/v2/media/ghs/1c2b634b-959a-4266-81d5-df360d618f82/2aed80de-c569-4142-8e2f-e77e95e12ec2_438570430.jpeg?h=225&w=225
266054033,Dove Men+Care Clean Cmfrt Antiperspirant Deodorant Roll-On 50Ml,https://www.tesco.com/groceries/en-GB/shop/health-and-beauty/all?department=Men%27s%20Toiletries&viewAll=department&page=,£1.00,£2.00/100ml,,,/groceries/en-GB/products/266054033,https://digitalcontent.api.tesco.com/v2/media/ghs/c09c9e2f-3a8d-4bec-a896-c3609fffd892/c2bd0798-d3f6-4438-a12d-460b9dae23b3_1988909626.jpeg?h=225&w=225
299343954,Gillette Fusion 5 Ultra Sensitive Shaving Gel 200Ml,https://www.tesco.com/groceries/en-GB/shop/health-and-beauty/all?department=Men%27s%20Toiletries&viewAll=department&page=,£3.50,£1.75/100ml,£2.00 Clubcard Price,,/groceries/en-GB/products/299343954,https://digitalcontent.api.tesco.com/v2/media/ghs/59ef1c8f-2213-4c99-871d-0ae86c14ee78/13532c76-0e22-4f07-abfe-73e54b9c7705_1548954368.jpeg?h=225&w=225
308103914,L'oreal Men Expert Total Clean Shower Gel 400Ml,https://www.tesco.com/groceries/en-GB/shop/health-and-beauty/all?department=Men%27s%20Toiletries&viewAll=department&page=,£2.25,£0.56/100ml,,,/groceries/en-GB/products/308103914,https://digitalcontent.api.tesco.com/v2/media/ghs/922fb45a-0404-41b9-8b41-ecdaccabb9a8/3a884da9-4310-4b85-b5d1-82e0ea9ad0d7_1334712587.jpeg?h=225&w=225
279991631,Tena Pants Super Large 12 Pcs,https://www.tesco.com/groceries/en-GB/shop/health-and-beauty/all?department=Men%27s%20Toiletries&viewAll=department&page=,£13.25,£1.11/each,,,/groceries/en-GB/products/279991631,https://digitalcontent.api.tesco.com/v2/media/ghs/bbb8f574-ad11-4eba-9baf-87397757081f/d34a67b7-f9fc-45a4-963f-1c4810bce419_662147529.jpeg?h=225&w=225
291265022,Tena Super Medium Bladder Weakness Pants 12 Pack,https://www.tesco.com/groceries/en-GB/shop/health-and-beauty/all?department=Men%27s%20Toiletries&viewAll=department&page=,£13.25,£1.11/each,,,/groceries/en-GB/products/291265022,https://digitalcontent.api.tesco.com/v2/media/ghs/499a0ff0-8677-481f-bbdb-689c023ea0ae/e5b37f85-cafb-4d5c-aa3a-fc60f2f7893e_1628760715.jpeg?h=225&w=225
294993969,Tesco Freespirit Chair & Bed Mats 10 Pack,https://www.tesco.com/groceries/en-GB/shop/health-and-beauty/all?department=Men%27s%20Toiletries&viewAll=department&page=,£5.00,£0.50/each,,,/groceries/en-GB/products/294993969,https://digitalcontent.api.tesco.com/v2/media/ghs/691d1e59-c161-4a67-82e6-6a97b405d9aa/4b41eebe-8324-49fa-8f94-aa9adc8945cb_1206295621.jpeg?h=225&w=225
291265189,Tena Plus Extra Large Bladder Weakness Pants 12 Pack,https://www.tesco.com/groceries/en-GB/shop/health-and-beauty/all?department=Men%27s%20Toiletries&viewAll=department&page=,£13.25,£1.11/each,,,/groceries/en-GB/products/291265189,https://digitalcontent.api.tesco.com/v2/media/ghs/13a9d31c-cde0-4e1a-9bc8-c6d77193f79c/cb4f4fc3-0977-4d90-bf53-74c3bd08908a_813499384.jpeg?h=225&w=225
294993923,Tesco Free Spirit Super Protection Large Pants 12 Pack,https://www.tesco.com/groceries/en-GB/shop/health-and-beauty/all?department=Men%27s%20Toiletries&viewAll=department&page=,£8.00,£0.67/each,,,/groceries/en-GB/products/294993923,https://digitalcontent.api.tesco.com/v2/media/ghs/0165af01-c58f-4b49-b6ff-50adf942a351/4abc4a89-8dd8-4618-8a74-e5fc5753f2bf_1776881918.jpeg?h=225&w=225
273234259,Gillette Mach 3 Blades 4S,https://www.tesco.com/groceries/en-GB/shop/health-and-beauty/all?department=Men%27s%20Toiletries&viewAll=department&page=,£8.00,£2.00/each,Any 2 for £14 Clubcard Price - Gillette Mach 3 Razor Blades Refill 4 Pack,,/groceries/en-GB/products/273234259,https://digitalcontent.api.tesco.com/v2/media/ghs/656975da-b9b6-46b1-9550-1d0c1aeafba8/851a974d-784d-4934-b637-a45598221c0b_1176383842.jpeg?h=225&w=225
265953860,Tena Men Pads 10 Pack,https://www.tesco.com/groceries/en-GB/shop/health-and-beauty/all?department=Men%27s%20Toiletries&viewAll=department&page=,£4.00,£0.40/each,,,/groceries/en-GB/products/265953860,https://digitalcontent.api.tesco.com/v2/media/ghs/b5c31b09-e61f-4f5f-a1aa-603d295699e9/9533e8fa-d2e7-4089-928a-f729292acab4_676121333.jpeg?h=225&w=225
260566623,Vo5 Mega Hold Gel Spray 200Ml,https://www.tesco.com/groceries/en-GB/shop/health-and-beauty/all?department=Men%27s%20Toiletries&viewAll=department&page=,£3.50,£1.75/100ml,,,/groceries/en-GB/products/260566623,https://digitalcontent.api.tesco.com/v2/media/ghs/8de047c2-163e-4aa8-b4bc-7311cdbb3048/3213051d-a67d-4925-92af-a48f30252900_237565035.jpeg?h=225&w=225
251618381,Wilkinson Sword Xtreme 3 Sensitive Comfort Men Disposable Razor X4,https://www.tesco.com/groceries/en-GB/shop/health-and-beauty/all?department=Men%27s%20Toiletries&viewAll=department&page=,£3.75,£0.94/each,,,/groceries/en-GB/products/251618381,https://digitalcontent.api.tesco.com/v2/media/ghs/4caa8679-043a-4bcf-ad94-e7e410de9929/b7247fc6-0909-4c52-89c7-dc59ff8f11b7_1025208425.jpeg?h=225&w=225
311265343,Sure Men 72H Sport Cool Antiperspirant 250Ml,https://www.tesco.com/groceries/en-GB/shop/health-and-beauty/all?department=Men%27s%20Toiletries&viewAll=department&page=,£3.00,£1.20/100ml,,,/groceries/en-GB/products/311265343,https://digitalcontent.api.tesco.com/v2/media/ghs/65243474-4f5e-4df2-acec-9072e68d07af/7f7430ee-fb0f-4d1b-9fb5-92d1278754e3_1751118182.jpeg?h=225&w=225
310681295,Sure Men 72 Hour Invisible Ice Fresh Antiperspirant 250Ml,https://www.tesco.com/groceries/en-GB/shop/health-and-beauty/all?department=Men%27s%20Toiletries&viewAll=department&page=,£3.00,£12.00/litre,,,/groceries/en-GB/products/310681295,https://digitalcontent.api.tesco.com/v2/media/ghs/02c5d547-32ef-4638-b3c1-643280ba4324/27fe4b3d-1334-4332-8870-882010a7f9d7_279947406.jpeg?h=225&w=225
303206121,Lynx Black Body Spray 250Ml,https://www.tesco.com/groceries/en-GB/shop/health-and-beauty/all?department=Men%27s%20Toiletries&viewAll=department&page=,£4.00,£1.60/100ml,,,/groceries/en-GB/products/303206121,https://digitalcontent.api.tesco.com/v2/media/ghs/8bb507c6-e191-48cd-b352-9d21ccc2e2c0/2ec6587a-47a0-49df-a2e8-a657cd8fc899_666381156.jpeg?h=225&w=225
263578472,Sure Men Maximum Protection Fresh Scent Cream Antiperspirant Deodorant 45Ml,https://www.tesco.com/groceries/en-GB/shop/health-and-beauty/all?department=Men%27s%20Toiletries&viewAll=department&page=,£5.00,£11.12/100ml,,,/groceries/en-GB/products/263578472,https://digitalcontent.api.tesco.com/v2/media/ghs/3a534828-448f-4847-a5c5-bf924c238fb9/319e1851-2785-44fa-9b35-448709b66613_1768907262.jpeg?h=225&w=225
303206265,Lynx Ice Chill Antiperspirant Deodorant Spray 250Ml,https://www.tesco.com/groceries/en-GB/shop/health-and-beauty/all?department=Men%27s%20Toiletries&viewAll=department&page=,£4.00,£1.60/100ml,,,/groceries/en-GB/products/303206265,https://digitalcontent.api.tesco.com/v2/media/ghs/3d8f0f9a-b6b1-48bb-9f88-4c988babb8e8/f51dfa6b-0e6d-466a-ae8b-a2deb21e4d13_1920203182.jpeg?h=225&w=225
303206288,Lynx Excite Body Spray 250Ml,https://www.tesco.com/groceries/en-GB/shop/health-and-beauty/all?department=Men%27s%20Toiletries&viewAll=department&page=,£4.00,£1.60/100ml,,,/groceries/en-GB/products/303206288,https://digitalcontent.api.tesco.com/v2/media/ghs/a61129f9-70a2-495f-8e11-006d5c744199/227d52d8-e950-4834-8399-489aa7f44f6c_1696217127.jpeg?h=225&w=225
303206144,Lynx Black Antiperspirant Deodorant Spray 250Ml,https://www.tesco.com/groceries/en-GB/shop/health-and-beauty/all?department=Men%27s%20Toiletries&viewAll=department&page=,£4.00,£1.60/100ml,,,/groceries/en-GB/products/303206144,https://digitalcontent.api.tesco.com/v2/media/ghs/20d9f78e-3940-48ce-8c2c-ef7405ce3e1b/a91d9a16-468a-466f-b342-e8f0ca9fa571_1210848268.jpeg?h=225&w=225
310107216,Sure 72H Invisible Ice Fresh Antiperspirant 150Ml,https://www.tesco.com/groceries/en-GB/shop/health-and-beauty/all?department=Men%27s%20Toiletries&viewAll=department&page=,£2.50,£1.67/100ml,£1.50 Clubcard Price,,/groceries/en-GB/products/310107216,https://digitalcontent.api.tesco.com/v2/media/ghs/653b61e0-bda2-4c3e-b58c-86a96df1b6f3/f58eaca3-2ec4-42d3-8c5a-ef397185af44_254928782.jpeg?h=225&w=225
265772019,Gillette Blue 3 Disposable Razors 4 Pack,https://www.tesco.com/groceries/en-GB/shop/health-and-beauty/all?department=Men%27s%20Toiletries&viewAll=department&page=,£3.00,£0.75/each,,,/groceries/en-GB/products/265772019,https://digitalcontent.api.tesco.com/v2/media/ghs/9d9bed1c-6204-4430-bcb9-e935ef816243/34e055c0-b2c3-44f1-be13-0e404fc51eab_2140046398.jpeg?h=225&w=225
311276877,Lynx Epic Fresh 48 Hours Deodorant Body Spray 150Ml,https://www.tesco.com/groceries/en-GB/shop/health-and-beauty/all?department=Men%27s%20Toiletries&viewAll=department&page=,£3.00,£20.00/litre,£2.25 Clubcard Price,,/groceries/en-GB/products/311276877,https://digitalcontent.api.tesco.com/v2/media/ghs/204dd72f-854c-4081-a661-6bd1e684e6dc/e03449e2-2b9e-4cde-bf19-f01a5aa16ff7_1671419423.jpeg?h=225&w=225
305049050,Lynx Ice Chill Shower Gel 500Ml,https://www.tesco.com/groceries/en-GB/shop/health-and-beauty/all?department=Men%27s%20Toiletries&viewAll=department&page=,£2.50,£0.50/100ml,,,/groceries/en-GB/products/305049050,https://digitalcontent.api.tesco.com/v2/media/ghs/34642985-2cbb-4c2e-9dab-61d9e78bc375/61daba67-0ea0-42e0-924e-ac712e611d07_216498483.jpeg?h=225&w=225
299225933,Lynx Gold Anti Perspirant 150Ml,https://www.tesco.com/groceries/en-GB/shop/health-and-beauty/all?department=Men%27s%20Toiletries&viewAll=department&page=,£3.00,£2.00/100ml,£2.25 Clubcard Price,,/groceries/en-GB/products/299225933,https://digitalcontent.api.tesco.com/v2/media/ghs/b01dbd0c-7a95-4736-b8d1-847e74143a7b/90083c3c-6f5a-491c-a99e-4b9244130d28_1411912670.jpeg?h=225&w=225
263200614,Lynx Dark Temptation Body Spray 150Ml,https://www.tesco.com/groceries/en-GB/shop/health-and-beauty/all?department=Men%27s%20Toiletries&viewAll=department&page=,£3.00,£2.00/100ml,£2.25 Clubcard Price,,/groceries/en-GB/products/263200614,https://digitalcontent.api.tesco.com/v2/media/ghs/21708f61-a0aa-41ca-94db-4616a3835927/09df7817-ce06-4497-9230-8439f6fc498a_835543863.jpeg?h=225&w=225
299154141,Lynx Gold Body Spray Deodorant 150Ml,https://www.tesco.com/groceries/en-GB/shop/health-and-beauty/all?department=Men%27s%20Toiletries&viewAll=department&page=,£3.00,£2.00/100ml,£2.25 Clubcard Price,,/groceries/en-GB/products/299154141,https://digitalcontent.api.tesco.com/v2/media/ghs/ca5e9ded-e055-455a-a766-4b8c2bf4def2/df43b9a0-851f-4721-a236-7df637cef66b_630697465.jpeg?h=225&w=225
287522605,Lynx Black Body Spray 150Ml,https://www.tesco.com/groceries/en-GB/shop/health-and-beauty/all?department=Men%27s%20Toiletries&viewAll=department&page=,£3.00,£2.00/100ml,£2.25 Clubcard Price,,/groceries/en-GB/products/287522605,https://digitalcontent.api.tesco.com/v2/media/ghs/fc83ce3d-699e-4ec6-a565-f6a630dbc976/56428299-4f76-44d7-aed3-c6793175443e_1613692746.jpeg?h=225&w=225
267610226,Lynx Excite Body Spray 150Ml,https://www.tesco.com/groceries/en-GB/shop/health-and-beauty/all?department=Men%27s%20Toiletries&viewAll=department&page=,£3.00,£2.00/100ml,£2.25 Clubcard Price,,/groceries/en-GB/products/267610226,https://digitalcontent.api.tesco.com/v2/media/ghs/2ad12514-5c01-434b-bc77-10256b6ec6d8/1a1ba9dc-22cd-4d86-be19-2ea8f9866573_592038519.jpeg?h=225&w=225
311202257,Lynx Epic Fresh Anti Perspirant 72 Hours 150Ml,https://www.tesco.com/groceries/en-GB/shop/health-and-beauty/all?department=Men%27s%20Toiletries&viewAll=department&page=,£3.00,£20.00/litre,£2.25 Clubcard Price,,/groceries/en-GB/products/311202257,https://digitalcontent.api.tesco.com/v2/media/ghs/c64c28a9-fcc9-4e7a-9607-1660d93269ba/b0f462a9-4c5e-4343-aecd-b2b9ff7632ce_1683505494.jpeg?h=225&w=225
308098965,L’Oreal Men Expert Shirt Protect 48 Hour Antiperspirant Deodorant 300Ml,https://www.tesco.com/groceries/en-GB/shop/health-and-beauty/all?department=Men%27s%20Toiletries&viewAll=department&page=,£2.70,£0.90/100ml,,,/groceries/en-GB/products/308098965,https://digitalcontent.api.tesco.com/v2/media/ghs/146cc8b9-fac6-4411-bd54-8d74e8e36393/fde81dd8-3feb-4ada-9037-6128b010f9a0_639359690.jpeg?h=225&w=225
308493249,L'oreal Men Expert Stress Resist Shower Gel 400Ml,https://www.tesco.com/groceries/en-GB/shop/health-and-beauty/all?department=Men%27s%20Toiletries&viewAll=department&page=,£2.25,£0.56/100ml,,,/groceries/en-GB/products/308493249,https://digitalcontent.api.tesco.com/v2/media/ghs/beae174f-583b-4c7d-b364-379ad3d3d6d1/96933dbf-69cc-4c89-b27a-176c3c848553_1096664454.jpeg?h=225&w=225
299425541,Nivea Men 48Hr Anti-Perspirant Spray Deep 250Ml,https://www.tesco.com/groceries/en-GB/shop/health-and-beauty/all?department=Men%27s%20Toiletries&viewAll=department&page=,£2.00,£0.80/100ml,,,/groceries/en-GB/products/299425541,https://digitalcontent.api.tesco.com/v2/media/ghs/2182134c-9306-4b09-93ef-fbcd71dd6431/796ca821-2061-4459-af27-814652924cba_1328119695.jpeg?h=225&w=225
258019468,Bic 2 Sensitive Disposable Razor 10'S,https://www.tesco.com/groceries/en-GB/shop/health-and-beauty/all?department=Men%27s%20Toiletries&viewAll=department&page=,£1.80,£0.18/each,,,/groceries/en-GB/products/258019468,https://digitalcontent.api.tesco.com/v2/media/ghs/6394ce5c-1549-419c-adee-ae63cac0a87c/77de2fef-4421-4019-a692-6649a6a25e6f_698958938.jpeg?h=225&w=225
308481494,L’Oreal Men Expert Thermic Resist Heat Antiperspirant Deodorant 300Ml,https://www.tesco.com/groceries/en-GB/shop/health-and-beauty/all?department=Men%27s%20Toiletries&viewAll=department&page=,£2.70,£0.90/100ml,,,/groceries/en-GB/products/308481494,https://digitalcontent.api.tesco.com/v2/media/ghs/5adc0e16-4ce8-44d8-88fc-2aec4e43f566/8cfc204f-9f4f-41a4-a5c6-079c35ef5722_2116180317.jpeg?h=225&w=225
305038725,Nivea Men Power Fresh Shower Gel 400Ml,https://www.tesco.com/groceries/en-GB/shop/health-and-beauty/all?department=Men%27s%20Toiletries&viewAll=department&page=,£1.49,£0.37/100ml,,,/groceries/en-GB/products/305038725,https://digitalcontent.api.tesco.com/v2/media/ghs/022e02bf-252a-40d8-af2c-50a82a0bb1ec/037d7c34-c6e0-4ae5-be26-06924502b902_2034289728.jpeg?h=225&w=225
272227454,Nivea Men Sensitive Protect Antiperspirant Deodorant 150Ml,https://www.tesco.com/groceries/en-GB/shop/health-and-beauty/all?department=Men%27s%20Toiletries&viewAll=department&page=,£1.30,£0.87/100ml,,,/groceries/en-GB/products/272227454,https://digitalcontent.api.tesco.com/v2/media/ghs/ca0cb620-d137-434f-836d-50744134bb6b/519045c2-01af-44f1-8a0a-e10bda7d67a6_1980509679.jpeg?h=225&w=225
308483313,Lynx Excite Body Wash 225Ml,https://www.tesco.com/groceries/en-GB/shop/health-and-beauty/all?department=Men%27s%20Toiletries&viewAll=department&page=,£0.95,£0.42/100ml,,,/groceries/en-GB/products/308483313,https://digitalcontent.api.tesco.com/v2/media/ghs/70ef4175-a785-4c93-8adc-935054e22ba5/d1f16722-d6ce-40ee-a490-d8aa7897d844_1000765834.jpeg?h=225&w=225
295581113,L’Oreal Men Expert Invincible Sport Rollon Deodorant 50Ml,https://www.tesco.com/groceries/en-GB/shop/health-and-beauty/all?department=Men%27s%20Toiletries&viewAll=department&page=,£2.35,£4.70/100ml,£1.30 Clubcard Price,,/groceries/en-GB/products/295581113,https://digitalcontent.api.tesco.com/v2/media/ghs/34505450-927f-4967-9bdc-e20407f4e9a0/9ab7f3a3-8dfa-490f-8cb7-5d89fe224de9_186387786.jpeg?h=225&w=225
262156633,Nivea Men Sensitive Shower Gel 250Ml,https://www.tesco.com/groceries/en-GB/shop/health-and-beauty/all?department=Men%27s%20Toiletries&viewAll=department&page=,£1.00,£0.40/100ml,,,/groceries/en-GB/products/262156633,https://digitalcontent.api.tesco.com/v2/media/ghs/795a6a8d-3078-49bd-b04d-14ab17b298af/af28cf63-6b97-4193-9f0b-2099be4715b0_1343111599.jpeg?h=225&w=225
301429782,Xprt. For Men 2 Blade Disposable Razors 10 Pack,https://www.tesco.com/groceries/en-GB/shop/health-and-beauty/all?department=Men%27s%20Toiletries&viewAll=department&page=,£1.00,£0.10/each,,,/groceries/en-GB/products/301429782,https://digitalcontent.api.tesco.com/v2/media/ghs/45e430d6-1904-4c2a-9b40-965ffe18e772/5a9eeed3-f35f-47d8-a91e-841af6805007_843644454.jpeg?h=225&w=225
259667672,Nivea Men Deep Cleansing Face Wash 100Ml,https://www.tesco.com/groceries/en-GB/shop/health-and-beauty/all?department=Men%27s%20Toiletries&viewAll=department&page=,£1.99,£1.99/100ml,,,/groceries/en-GB/products/259667672,https://digitalcontent.api.tesco.com/v2/media/ghs/51df5f0c-a83f-4207-9e89-47c34be9a98f/d67573d2-d3b2-4b3e-9e96-61b85b5fcc64_217738175.jpeg?h=225&w=225
259749103,Nivea For Men Sensitive Shave Foam 200Ml,https://www.tesco.com/groceries/en-GB/shop/health-and-beauty/all?department=Men%27s%20Toiletries&viewAll=department&page=,£1.70,£0.85/100ml,,,/groceries/en-GB/products/259749103,https://digitalcontent.api.tesco.com/v2/media/ghs/e05db677-4f19-4f3d-a1ca-7768dbbe104b/2143c668-905c-448c-be64-420d573da686_1631115385.jpeg?h=225&w=225
281508598,Nivea Men Sensitive Cooling Shaving Gel 200Ml,https://www.tesco.com/groceries/en-GB/shop/health-and-beauty/all?department=Men%27s%20Toiletries&viewAll=department&page=,£1.70,£0.85/100ml,,,/groceries/en-GB/products/281508598,https://digitalcontent.api.tesco.com/v2/media/ghs/04056393-ade9-479a-8c78-1307ff09e907/f284176e-2d19-4ec6-8e0a-1c5421b3090e_64363018.jpeg?h=225&w=225
308498624,L'oreal Men Expert Hydrating Power Shower Gel 400Ml,https://www.tesco.com/groceries/en-GB/shop/health-and-beauty/all?department=Men%27s%20Toiletries&viewAll=department&page=,£2.25,£0.56/100ml,,,/groceries/en-GB/products/308498624,https://digitalcontent.api.tesco.com/v2/media/ghs/57f901bc-19af-481c-b966-bab69804fcd4/b47ae6d2-8d67-4723-9496-57dcd741221c_1798562473.jpeg?h=225&w=225
308098907,L’Oreal Men Expert Hydra. Energetic Shower Gel 400Ml,https://www.tesco.com/groceries/en-GB/shop/health-and-beauty/all?department=Men%27s%20Toiletries&viewAll=department&page=,£2.25,£0.56/100ml,,,/groceries/en-GB/products/308098907,https://digitalcontent.api.tesco.com/v2/media/ghs/f93c4f35-4aa8-4f18-8ee4-3cb9ebb823d0/35870425-83b4-4fc7-9789-9b83d32a7980_1212898311.jpeg?h=225&w=225
312342008,Gillette Fusion 5 Precise Gift Set,https://www.tesco.com/groceries/en-GB/shop/health-and-beauty/all?department=Men%27s%20Toiletries&viewAll=department&page=,£16.00,£16.00/each,£8.00 Clubcard Price,,/groceries/en-GB/products/312342008,https://digitalcontent.api.tesco.com/v2/media/ghs/21bed9d6-eacb-4da5-bd18-f2c058350047/11f2afce-7b42-49c9-9e06-eb72787f0f68_509673717.jpeg?h=225&w=225
273234357,Gillette Mach 3 Cartridges 8 Pack,https://www.tesco.com/groceries/en-GB/shop/health-and-beauty/all?department=Men%27s%20Toiletries&viewAll=department&page=,£15.50,£1.94/each,,,/groceries/en-GB/products/273234357,https://digitalcontent.api.tesco.com/v2/media/ghs/ea54ba37-dea7-49b6-b67c-772e6565ce0d/1193b740-7fb4-4670-af0d-ed54e3b5b042_1520792642.jpeg?h=225&w=225
294993900,"Tesco Free Spirit Super Underwear Small, Medium 12 Pack",https://www.tesco.com/groceries/en-GB/shop/health-and-beauty/all?department=Men%27s%20Toiletries&viewAll=department&page=,£8.00,£0.67/each,,,/groceries/en-GB/products/294993900,https://digitalcontent.api.tesco.com/v2/media/ghs/acb93413-fe47-4285-880c-127f6ad787a7/3ecd0449-74fe-45e0-a1ca-0ff6aec3babc_1113013520.jpeg?h=225&w=225
279988935,Tena Plus Medium Bladder Weakness Pants 9 Pack,https://www.tesco.com/groceries/en-GB/shop/health-and-beauty/all?department=Men%27s%20Toiletries&viewAll=department&page=,£9.00,£1.00/each,,,/groceries/en-GB/products/279988935,https://digitalcontent.api.tesco.com/v2/media/ghs/d79fc13c-2452-492e-994b-916f5d6b1860/9f16b404-a2f8-483d-9d44-ccc8eb094857_1148246571.jpeg?h=225&w=225
297201930,Tena Men Premium Level 4 Large 8 Pack,https://www.tesco.com/groceries/en-GB/shop/health-and-beauty/all?department=Men%27s%20Toiletries&viewAll=department&page=,£8.00,£1.00/each,,,/groceries/en-GB/products/297201930,https://digitalcontent.api.tesco.com/v2/media/ghs/de4e58df-4e75-4cea-bb3b-65966988714d/df97d9ee-6356-4557-995f-b9ad1c4d7907_1651327865.jpeg?h=225&w=225
279991118,Tena Pants Plus Large 8 Pack,https://www.tesco.com/groceries/en-GB/shop/health-and-beauty/all?department=Men%27s%20Toiletries&viewAll=department&page=,£9.00,£1.13/each,,,/groceries/en-GB/products/279991118,https://digitalcontent.api.tesco.com/v2/media/ghs/8d6566fa-d608-4f55-b98a-03dff3c1b47f/d7a5b730-cffd-4e10-acce-2f15b6806477_57105029.jpeg?h=225&w=225
297201878,Tena Men Active Fit Pants Plus Medium 9 Pack,https://www.tesco.com/groceries/en-GB/shop/health-and-beauty/all?department=Men%27s%20Toiletries&viewAll=department&page=,£8.00,£0.89/each,,,/groceries/en-GB/products/297201878,https://digitalcontent.api.tesco.com/v2/media/ghs/3953668a-2332-49ef-b754-09e59f75965c/be1755ee-9b7f-465b-91e2-7dbe74071cce_68650290.jpeg?h=225&w=225
258842149,Nivea Men Sensitive Aftershave Balm 100Ml,https://www.tesco.com/groceries/en-GB/shop/health-and-beauty/all?department=Men%27s%20Toiletries&viewAll=department&page=,£6.00,£6.00/100ml,,,/groceries/en-GB/products/258842149,https://digitalcontent.api.tesco.com/v2/media/ghs/6b56726b-5f0b-47c3-8a07-217b7b86d607/24c5c328-1396-4bf5-b249-0c7e4881ad40_1675316789.jpeg?h=225&w=225
291265120,Tena Men Protective Shield 14 Pack,https://www.tesco.com/groceries/en-GB/shop/health-and-beauty/all?department=Men%27s%20Toiletries&viewAll=department&page=,£4.00,£0.29/each,,,/groceries/en-GB/products/291265120,https://digitalcontent.api.tesco.com/v2/media/ghs/7fb09988-8254-4030-bf2b-3d4457da3d2d/51f9d992-312a-4a31-be2a-c714abe256ea_2026438554.jpeg?h=225&w=225
253545434,Gillette Blue 2 Disposable Razors 20 Pack,https://www.tesco.com/groceries/en-GB/shop/health-and-beauty/all?department=Men%27s%20Toiletries&viewAll=department&page=,£5.75,£0.29/each,,,/groceries/en-GB/products/253545434,https://digitalcontent.api.tesco.com/v2/media/ghs/d3fa31f4-dc0b-4c4e-96c6-890b049451ef/9f94aaf9-dd73-4867-840e-d76188868f3d_1005367626.jpeg?h=225&w=225
298817753,Tena Men Level 3 8Pack ..,https://www.tesco.com/groceries/en-GB/shop/health-and-beauty/all?department=Men%27s%20Toiletries&viewAll=department&page=,£4.00,£0.50/each,,,/groceries/en-GB/products/298817753,https://digitalcontent.api.tesco.com/v2/media/ghs/8bf80caf-f6d3-4d78-a230-d1cbbc5ef35e/96867d30-5c59-4ce6-a127-39501851d13c_1518731661.jpeg?h=225&w=225
258842489,Nivea Men Sensitive Moisturiser 75Ml,https://www.tesco.com/groceries/en-GB/shop/health-and-beauty/all?department=Men%27s%20Toiletries&viewAll=department&page=,£6.00,£8.00/100ml,,,/groceries/en-GB/products/258842489,https://digitalcontent.api.tesco.com/v2/media/ghs/aecf0e68-49ec-4672-8b4a-906c289884a9/3d02ae49-0e2b-45e0-a2ee-5a584c8fcb12_185769941.jpeg?h=225&w=225
311254258,Sure Men 72H Active Dry Antiperspirant 250Ml,https://www.tesco.com/groceries/en-GB/shop/health-and-beauty/all?department=Men%27s%20Toiletries&viewAll=department&page=,£3.00,£1.20/100ml,,,/groceries/en-GB/products/311254258,https://digitalcontent.api.tesco.com/v2/media/ghs/f40e6cde-85a1-4296-b84a-fe0327a4ec1d/ceee3c76-5323-466c-9146-8bef3532d41a_929044500.jpeg?h=225&w=225
260567946,Vo5 Mega Hold Styling Gel 200Ml,https://www.tesco.com/groceries/en-GB/shop/health-and-beauty/all?department=Men%27s%20Toiletries&viewAll=department&page=,£3.25,£1.63/100ml,,,/groceries/en-GB/products/260567946,https://digitalcontent.api.tesco.com/v2/media/ghs/09f300f7-760d-4cdc-bd83-7e8d13b15c5b/d9f423fc-5e32-43b4-89de-2990c8cccbc1_1523670947.jpeg?h=225&w=225
252724838,L’Oreal Men Expert Hydra. Energetic Moisturiser 50Ml,https://www.tesco.com/groceries/en-GB/shop/health-and-beauty/all?department=Men%27s%20Toiletries&viewAll=department&page=,£7.50,£15.00/100ml,£5.00 Clubcard Price,,/groceries/en-GB/products/252724838,https://digitalcontent.api.tesco.com/v2/media/ghs/5ecf07cc-9e0c-4798-b5e7-485566694afa/0c3bfafe-0fd7-4ae7-af13-ec5845ddedb8_895708551.jpeg?h=225&w=225
254837525,Lynx Dry Africa Antiperspirant Deodorant Stick 50Ml,https://www.tesco.com/groceries/en-GB/shop/health-and-beauty/all?department=Men%27s%20Toiletries&viewAll=department&page=,£2.10,£4.20/100ml,,,/groceries/en-GB/products/254837525,https://digitalcontent.api.tesco.com/v2/media/ghs/8f68caf8-8b83-48fd-ba1b-c49961859961/a8de79b9-cd94-4d11-9f02-35467e47ec53_1307938441.jpeg?h=225&w=225
260566894,Vo5 Styling Wax 75Ml,https://www.tesco.com/groceries/en-GB/shop/health-and-beauty/all?department=Men%27s%20Toiletries&viewAll=department&page=,£3.65,£4.87/100ml,,,/groceries/en-GB/products/260566894,https://digitalcontent.api.tesco.com/v2/media/ghs/34ccfda7-8ef0-4546-9a65-c47b1e99e379/407c22db-bce3-42aa-b2ca-c8c17b4ba3ac_1398674085.jpeg?h=225&w=225
311254045,Lynx Epic Fresh Deodorant Body Spray 250Ml,https://www.tesco.com/groceries/en-GB/shop/health-and-beauty/all?department=Men%27s%20Toiletries&viewAll=department&page=,£4.00,£1.60/100ml,,,/groceries/en-GB/products/311254045,https://digitalcontent.api.tesco.com/v2/media/ghs/e8ad5f35-3dbf-44f1-a966-f88e967309a0/fde785e6-804c-4e43-a6ab-a026a5e9bb02_2132485741.jpeg?h=225&w=225
303206109,Lynx Dark Temptation Body Spray 250Ml,https://www.tesco.com/groceries/en-GB/shop/health-and-beauty/all?department=Men%27s%20Toiletries&viewAll=department&page=,£4.00,£1.60/100ml,,,/groceries/en-GB/products/303206109,https://digitalcontent.api.tesco.com/v2/media/ghs/314b15bb-f38a-4d35-b0a5-45a521cfaffc/e372978d-6b3b-47ea-81b8-75acb89d4856_97826441.jpeg?h=225&w=225
305040704,Sanex Men Active Control Antiperspirant Deodorant 200Ml,https://www.tesco.com/groceries/en-GB/shop/health-and-beauty/all?department=Men%27s%20Toiletries&viewAll=department&page=,£3.00,£1.50/100ml,,,/groceries/en-GB/products/305040704,https://digitalcontent.api.tesco.com/v2/media/ghs/0e5a74cb-f127-41f6-a230-2e262e37c49f/3cc5df80-5a55-4574-ac03-4ad4c38d0f7a_877749551.jpeg?h=225&w=225
260567036,Vo5 Extreme Style Matte Clay 75Ml,https://www.tesco.com/groceries/en-GB/shop/health-and-beauty/all?department=Men%27s%20Toiletries&viewAll=department&page=,£3.65,£4.87/100ml,,,/groceries/en-GB/products/260567036,https://digitalcontent.api.tesco.com/v2/media/ghs/ebd33758-c661-43d6-8166-3cd979057125/3575e22e-48a5-4c37-805e-2ef0bce441f6_1344532670.jpeg?h=225&w=225
281975026,Mitchum Deodorant Clean Control Stick41g,https://www.tesco.com/groceries/en-GB/shop/health-and-beauty/all?department=Men%27s%20Toiletries&viewAll=department&page=,£3.00,£7.32/100g,,,/groceries/en-GB/products/281975026,https://digitalcontent.api.tesco.com/v2/media/ghs/8e08c0c3-4b54-427f-9e2d-c6ca36dfaad1/b350f50f-94ee-4f33-a9cd-579e99528a80_813849493.jpeg?h=225&w=225
303206207,Lynx Gold Body Spray 250Ml,https://www.tesco.com/groceries/en-GB/shop/health-and-beauty/all?department=Men%27s%20Toiletries&viewAll=department&page=,£4.00,£1.60/100ml,,,/groceries/en-GB/products/303206207,https://digitalcontent.api.tesco.com/v2/media/ghs/30ab40f0-8ded-4b82-838a-046346fe1219/e89c3613-f06e-4613-839e-df679e5baf29_2059408301.jpeg?h=225&w=225
259150344,Old Spice Body Spray 150Ml,https://www.tesco.com/groceries/en-GB/shop/health-and-beauty/all?department=Men%27s%20Toiletries&viewAll=department&page=,£3.00,£2.00/100ml,£2.00 Clubcard Price,,/groceries/en-GB/products/259150344,https://digitalcontent.api.tesco.com/v2/media/ghs/31aacfb3-3800-402a-a46b-4cde0a08c706/807afb40-fd76-44f1-99e6-ef58a2c19e03_664124115.jpeg?h=225&w=225
303206242,Lynx Ice Chill Body Spray 250Ml,https://www.tesco.com/groceries/en-GB/shop/health-and-beauty/all?department=Men%27s%20Toiletries&viewAll=department&page=,£4.00,£1.60/100ml,,,/groceries/en-GB/products/303206242,https://digitalcontent.api.tesco.com/v2/media/ghs/9c6be63c-e2a0-4eb8-85ea-23303abaaa59/483b85ab-c2d3-40f9-b989-b5837e1fbe4d_2023092857.jpeg?h=225&w=225
309777264,Rock Face Active Body Spray 200Ml,https://www.tesco.com/groceries/en-GB/shop/health-and-beauty/all?department=Men%27s%20Toiletries&viewAll=department&page=,£3.30,£1.65/100ml,£2.30 Clubcard Price,,/groceries/en-GB/products/309777264,https://digitalcontent.api.tesco.com/v2/media/ghs/c854cf6d-2021-4f58-bbfa-5f9289651eb8/20e0b69b-facf-4fa8-94d2-4ef902878898_908618823.jpeg?h=225&w=225
261511366,Shockwaves Ultra Strong Power Hold Gel 200Ml,https://www.tesco.com/groceries/en-GB/shop/health-and-beauty/all?department=Men%27s%20Toiletries&viewAll=department&page=,£2.40,£1.20/100ml,,,/groceries/en-GB/products/261511366,https://digitalcontent.api.tesco.com/v2/media/ghs/dd6b3253-121f-4108-9367-f94b04aebbe8/f6124cf7-f8c9-4006-8de3-0d622742e58b_1105008322.jpeg?h=225&w=225
308487741,Rock Face 48Hr Antiperspirant Deodorant 200Ml,https://www.tesco.com/groceries/en-GB/shop/health-and-beauty/all?department=Men%27s%20Toiletries&viewAll=department&page=,£3.00,£1.50/100ml,£2.10 Clubcard Price,,/groceries/en-GB/products/308487741,https://digitalcontent.api.tesco.com/v2/media/ghs/f1cfc920-c719-457d-8af5-61d945f6a98b/747374df-4554-4755-86c5-3fe95fab38ff_1515891426.jpeg?h=225&w=225
276770356,Wilkinson Sword Xtreme 3 Ultimate Razor,https://www.tesco.com/groceries/en-GB/shop/health-and-beauty/all?department=Men%27s%20Toiletries&viewAll=department&page=,£4.50,£1.13/each,£2.50 Clubcard Price,,/groceries/en-GB/products/276770356,https://digitalcontent.api.tesco.com/v2/media/ghs/60a7ab03-3355-48e9-8db0-fa4ae10aed19/42eafeca-b312-404d-851a-88cda3368f80_1693413609.jpeg?h=225&w=225
305525765,Bic 1 Disposable Sensitive Razor 20 Pack,https://www.tesco.com/groceries/en-GB/shop/health-and-beauty/all?department=Men%27s%20Toiletries&viewAll=department&page=,£2.20,£0.11/each,,,/groceries/en-GB/products/305525765,https://digitalcontent.api.tesco.com/v2/media/ghs/3d6b71b2-141d-4a89-9f54-71fa462a2000/snapshotimagehandler_668450378.jpeg?h=225&w=225
304793459,Lynx Collision Leather & Cookie Body Spray 150Ml,https://www.tesco.com/groceries/en-GB/shop/health-and-beauty/all?department=Men%27s%20Toiletries&viewAll=department&page=,£3.00,£2.00/100ml,£2.25 Clubcard Price,,/groceries/en-GB/products/304793459,https://digitalcontent.api.tesco.com/v2/media/ghs/e1c98d81-1024-4076-b682-26c98ef88ee0/fab67a90-c415-49ec-95cc-3295dd19e4b8_1963356430.jpeg?h=225&w=225
311674348,Dove Men+Care Sport Active Plus Fresh Antiperspirant Deodorant 200Ml,https://www.tesco.com/groceries/en-GB/shop/health-and-beauty/all?department=Men%27s%20Toiletries&viewAll=department&page=,£2.00,£1.00/100ml,,,/groceries/en-GB/products/311674348,https://digitalcontent.api.tesco.com/v2/media/ghs/9b0c1b71-a753-4e47-89c6-8413763b8f50/da8f8e6e-ba29-43e8-814e-8bb0d427d528_1340094578.jpeg?h=225&w=225
303675590,L’Oreal Men Expert Hydra. Energetic Face Wash 100Ml,https://www.tesco.com/groceries/en-GB/shop/health-and-beauty/all?department=Men%27s%20Toiletries&viewAll=department&page=,£4.50,£4.50/100ml,£2.50 Clubcard Price,,/groceries/en-GB/products/303675590,https://digitalcontent.api.tesco.com/v2/media/ghs/d510f39b-0a84-4ea0-b7cd-f1d6ab9db0f6/35decb87-4329-4ff7-a93e-950af3b2602b_1584054951.jpeg?h=225&w=225
303675555,L’Oreal Men Expert Hydra. Energetic Face Scrub 100Ml,https://www.tesco.com/groceries/en-GB/shop/health-and-beauty/all?department=Men%27s%20Toiletries&viewAll=department&page=,£4.50,£4.50/100ml,£2.50 Clubcard Price,,/groceries/en-GB/products/303675555,https://digitalcontent.api.tesco.com/v2/media/ghs/c15d7b34-21ec-41e6-8f4d-c533da32e027/f515bf51-8c36-4751-8f09-d49e52af9418_952136969.jpeg?h=225&w=225
311438957,Dove Men+Care Odour Defence Antiperspirant Deodorant 200Ml,https://www.tesco.com/groceries/en-GB/shop/health-and-beauty/all?department=Men%27s%20Toiletries&viewAll=department&page=,£2.00,£1.00/100ml,,,/groceries/en-GB/products/311438957,https://digitalcontent.api.tesco.com/v2/media/ghs/74d84754-5309-4df8-a6a7-d94af35c4223/45fa1586-f8f7-4d14-abff-a4df9961ac59_707467993.jpeg?h=225&w=225
302370738,Dove Men+Care Sport Active Fresh Body Wash 400Ml,https://www.tesco.com/groceries/en-GB/shop/health-and-beauty/all?department=Men%27s%20Toiletries&viewAll=department&page=,£1.80,£0.45/100ml,,,/groceries/en-GB/products/302370738,https://digitalcontent.api.tesco.com/v2/media/ghs/409871f7-584a-4969-ab9d-2d5a84eb47e0/b655062f-a1ca-4228-8820-cf9903080c5c_733299660.jpeg?h=225&w=225
311256587,Dove Men+Care Sensitive 3 In 1 Body Face+Hair 400Ml,https://www.tesco.com/groceries/en-GB/shop/health-and-beauty/all?department=Men%27s%20Toiletries&viewAll=department&page=,£1.80,£4.50/litre,,,/groceries/en-GB/products/311256587,https://digitalcontent.api.tesco.com/v2/media/ghs/11eb73e0-20dc-4118-8c6b-041c61d5637d/e3f27a6d-cff7-4c86-8a89-8e03dbee30fb_1540098960.jpeg?h=225&w=225
276797313,Dove Men+Care Extra Fresh Body Face Wash 400Ml,https://www.tesco.com/groceries/en-GB/shop/health-and-beauty/all?department=Men%27s%20Toiletries&viewAll=department&page=,£1.80,£0.45/100ml,,,/groceries/en-GB/products/276797313,https://digitalcontent.api.tesco.com/v2/media/ghs/db2908ed-b1fc-4edc-aef4-9400873d8a33/45ee60f8-b719-4feb-b2e7-b26004e6868a_2100539502.jpeg?h=225&w=225
299343931,Gillette Fusion 5 Ultra Moisturising Shaving Gel 200Ml,https://www.tesco.com/groceries/en-GB/shop/health-and-beauty/all?department=Men%27s%20Toiletries&viewAll=department&page=,£3.00,£1.50/100ml,,,/groceries/en-GB/products/299343931,https://digitalcontent.api.tesco.com/v2/media/ghs/ff280285-9a56-4c3e-ae17-b4fca727fa42/2ff51fd3-3898-4c04-80ba-19777ee96e8f_325475363.jpeg?h=225&w=225
274416918,Gillette Mach 3 Mach 3 Diposable 5 Pack,https://www.tesco.com/groceries/en-GB/shop/health-and-beauty/all?department=Men%27s%20Toiletries&viewAll=department&page=,£8.25,£1.65/each,£5.50 Clubcard Price,,/groceries/en-GB/products/274416918,https://digitalcontent.api.tesco.com/v2/media/ghs/45cea658-dab2-462c-b7f0-5d52674e6856/e47566a6-4b3a-4d4f-9c6a-04259a75d1cd_1030458291.jpeg?h=225&w=225
260663957,Gillette Fusion Power Razor Blades Refill 4 Pack,https://www.tesco.com/groceries/en-GB/shop/health-and-beauty/all?department=Men%27s%20Toiletries&viewAll=department&page=,£13.50,£3.38/each,Any 2 for £18 Clubcard Price - Selected Gillette Male Blades Refill 4 Pack,,/groceries/en-GB/products/260663957,https://digitalcontent.api.tesco.com/v2/media/ghs/513056e8-e7b6-4cf2-ab1b-e86fa9d95aba/5bd127e6-9d92-471b-b907-51cf81e202d6_400479081.jpeg?h=225&w=225
308462056,L'oreal Men Expert Body Hair & Beard Wash 400Ml,https://www.tesco.com/groceries/en-GB/shop/health-and-beauty/all?department=Men%27s%20Toiletries&viewAll=department&page=,£2.25,£0.56/100ml,,,/groceries/en-GB/products/308462056,https://digitalcontent.api.tesco.com/v2/media/ghs/bd14eeb6-0d6a-4573-b67e-9a43d0c48f2a/972211e4-2b9a-4def-bed3-629f6b9f8382_960434426.jpeg?h=225&w=225
307179939,Babyliss 7755Bgu Clipper Gift Set,https://www.tesco.com/groceries/en-GB/shop/health-and-beauty/all?department=Men%27s%20Toiletries&viewAll=department&page=,£60.00,£60.00/each,£30.00 Clubcard Price,,/groceries/en-GB/products/307179939,https://digitalcontent.api.tesco.com/v2/media/ghs/fa646aaf-1a64-4455-b4ff-a0454313a89c/437cac86-83df-474d-a948-71342fc9fef4_938747713.jpeg?h=225&w=225
308098896,Gillette Mach 3 Razor & 11 Blade Refill Set,https://www.tesco.com/groceries/en-GB/shop/health-and-beauty/all?department=Men%27s%20Toiletries&viewAll=department&page=,£22.95,£22.95/each,£17.25 Clubcard Price,,/groceries/en-GB/products/308098896,https://digitalcontent.api.tesco.com/v2/media/ghs/9b52174a-d3c8-41f2-836d-3627c201bcb7/0a44596b-7d9b-4798-b336-e51520d874ad_1129228596.jpeg?h=225&w=225
308081155,Wilkinson Sword Hydro 5 Skin Protect Regular Blades 4 Pack,https://www.tesco.com/groceries/en-GB/shop/health-and-beauty/all?department=Men%27s%20Toiletries&viewAll=department&page=,£10.50,£2.63/each,,,/groceries/en-GB/products/308081155,https://digitalcontent.api.tesco.com/v2/media/ghs/ffb2261e-334a-4e14-b269-ed314fa2a760/aba0d9e3-a057-43b8-9aa6-1143975df33c_1250896331.jpeg?h=225&w=225
312097148,Baylis & Harding The Fuzzy Duck Men's Grooming Giftset,https://www.tesco.com/groceries/en-GB/shop/health-and-beauty/all?department=Men%27s%20Toiletries&viewAll=department&page=,£16.00,£16.00/each,£8.00 Clubcard Price,,/groceries/en-GB/products/312097148,https://digitalcontent.api.tesco.com/v2/media/ghs/0db3d2f7-24a5-43f3-9ead-eda0af05d669/c542ed72-5698-4dbc-b713-226655091a79_934276022.jpeg?h=225&w=225
309185653,Harry's 5 Blade Cartridges 4 Pack,https://www.tesco.com/groceries/en-GB/shop/health-and-beauty/all?department=Men%27s%20Toiletries&viewAll=department&page=,£8.00,£2.00/each,,,/groceries/en-GB/products/309185653,https://digitalcontent.api.tesco.com/v2/media/ghs/5917f3b5-c3db-4294-9852-10fdb1d52b85/690f2325-6c58-416f-b611-83ca97595034_1445610016.jpeg?h=225&w=225
259615588,Bulldog Original Moisturiser 100Ml,https://www.tesco.com/groceries/en-GB/shop/health-and-beauty/all?department=Men%27s%20Toiletries&viewAll=department&page=,£6.30,£6.30/100ml,,,/groceries/en-GB/products/259615588,https://digitalcontent.api.tesco.com/v2/media/ghs/73d0013c-5fac-4ed7-a843-2a5db82032ce/269d34fb-d165-41b6-8139-4ceedde0f2ef_1565285785.jpeg?h=225&w=225
287593900,Nivea Men Moisturiser 150Ml,https://www.tesco.com/groceries/en-GB/shop/health-and-beauty/all?department=Men%27s%20Toiletries&viewAll=department&page=,£5.75,£3.84/100ml,,,/groceries/en-GB/products/287593900,https://digitalcontent.api.tesco.com/v2/media/ghs/a57d4995-accc-42a9-abb7-b253bc2ddc28/80e0015c-c428-4a6f-a9e4-f16866c0fa00_390748146.jpeg?h=225&w=225
273234392,Gillette M3 Turbo Mach Blades 4S,https://www.tesco.com/groceries/en-GB/shop/health-and-beauty/all?department=Men%27s%20Toiletries&viewAll=department&page=,£10.50,£2.63/each,Any 2 for £18 Clubcard Price - Selected Gillette Male Blades Refill 4 Pack,,/groceries/en-GB/products/273234392,https://digitalcontent.api.tesco.com/v2/media/ghs/331c50cf-13fe-4222-ba83-6710089a8e58/62051426-f00d-4ea8-80db-b49782f34da3_1965733184.jpeg?h=225&w=225
266078932,Bulldog Sensitive Moisturiser 100Ml,https://www.tesco.com/groceries/en-GB/shop/health-and-beauty/all?department=Men%27s%20Toiletries&viewAll=department&page=,£6.30,£6.30/100ml,,,/groceries/en-GB/products/266078932,https://digitalcontent.api.tesco.com/v2/media/ghs/c019bab5-2563-40ec-b2b1-f46f7640b2f5/5298bb70-745e-4082-ba1e-8172420e2b91_663173727.jpeg?h=225&w=225
258874368,Nivea Men Rehydrating Moisturiser 75Ml,https://www.tesco.com/groceries/en-GB/shop/health-and-beauty/all?department=Men%27s%20Toiletries&viewAll=department&page=,£6.00,£8.00/100ml,,,/groceries/en-GB/products/258874368,https://digitalcontent.api.tesco.com/v2/media/ghs/b7f0f01d-a979-4a33-838a-b5ae0b1256d4/65c11dae-cbfe-40d1-beec-29cd5d26a26e_1159682544.jpeg?h=225&w=225
259667735,Nivea Men Sensitive Face Wash 100Ml,https://www.tesco.com/groceries/en-GB/shop/health-and-beauty/all?department=Men%27s%20Toiletries&viewAll=department&page=,£4.80,£4.80/100ml,,,/groceries/en-GB/products/259667735,https://digitalcontent.api.tesco.com/v2/media/ghs/f982d3bc-92d3-4ea3-94da-789a6d4ecebc/4aa3ab7f-0c11-4938-9860-ef3c213c15e7_1804547191.jpeg?h=225&w=225
287605364,Rock Face Moisturiser 100Ml,https://www.tesco.com/groceries/en-GB/shop/health-and-beauty/all?department=Men%27s%20Toiletries&viewAll=department&page=,£5.50,£5.50/100ml,£3.85 Clubcard Price,,/groceries/en-GB/products/287605364,https://digitalcontent.api.tesco.com/v2/media/ghs/443731cf-3ed9-440b-8169-34632b8a6377/47e7837b-74f5-42e9-b1b0-5d65e45e5261_1465586828.jpeg?h=225&w=225
256167335,Gillette Sensor 3 Disposable Razors 8 Pack,https://www.tesco.com/groceries/en-GB/shop/health-and-beauty/all?department=Men%27s%20Toiletries&viewAll=department&page=,£7.50,£0.94/each,,,/groceries/en-GB/products/256167335,https://digitalcontent.api.tesco.com/v2/media/ghs/da97b3c6-631b-4df2-96e9-65f0a64bcf8a/f235c3cd-ca05-4109-bb1b-e1f53217fa72_1732274225.jpeg?h=225&w=225
280238694,Tesco Free Spirit Men Active Shields 10 Pack,https://www.tesco.com/groceries/en-GB/shop/health-and-beauty/all?department=Men%27s%20Toiletries&viewAll=department&page=,£3.00,£0.30/each,,,/groceries/en-GB/products/280238694,https://digitalcontent.api.tesco.com/v2/media/ghs/0f277484-2d02-45a6-8a72-c76c35b5a393/13ba8147-c364-47d2-b55e-f4faa6520bd0_1434636867.jpeg?h=225&w=225
296256123,Bic Flex3 Triple Blade Razors 4 Pack,https://www.tesco.com/groceries/en-GB/shop/health-and-beauty/all?department=Men%27s%20Toiletries&viewAll=department&page=,£3.40,£0.85/each,,,/groceries/en-GB/products/296256123,https://digitalcontent.api.tesco.com/v2/media/ghs/9258a1b4-c7f4-4826-9c21-e3799568e971/59f7869f-12eb-47ce-a84d-d16b15a42fde_281710165.jpeg?h=225&w=225
299226765,Mancave Caffeine Shampoo 200Ml,https://www.tesco.com/groceries/en-GB/shop/health-and-beauty/all?department=Men%27s%20Toiletries&viewAll=department&page=,£6.80,£3.40/100ml,£3.25 Clubcard Price,,/groceries/en-GB/products/299226765,https://digitalcontent.api.tesco.com/v2/media/ghs/2f481abe-f306-48ad-9e12-5fcdd768e67f/c545507a-14a7-4daa-80a9-c37adb4cccfc_165572504.jpeg?h=225&w=225
258846905,Brylcreem Strong 24 Hour Hold Gel 150Ml,https://www.tesco.com/groceries/en-GB/shop/health-and-beauty/all?department=Men%27s%20Toiletries&viewAll=department&page=,£3.00,£2.00/100ml,,,/groceries/en-GB/products/258846905,https://digitalcontent.api.tesco.com/v2/media/ghs/ba48e98e-b41b-461b-b7f6-91419fc8466e/4fdc231b-4265-4157-8f80-9faf84185662_215228264.jpeg?h=225&w=225
261510659,Shockwaves Ultim Effects Texture Go Matte Clay75ml,https://www.tesco.com/groceries/en-GB/shop/health-and-beauty/all?department=Men%27s%20Toiletries&viewAll=department&page=,£2.90,£3.87/100ml,,,/groceries/en-GB/products/261510659,https://digitalcontent.api.tesco.com/v2/media/ghs/6df9c1ec-0c81-4fbf-b9d9-1dae84aed419/dbebbf11-38ab-4fbb-8321-e4e4db9cf6c0_1664128965.jpeg?h=225&w=225
304798552,Tesco Essentails Triple Blades Refills 10Pack,https://www.tesco.com/groceries/en-GB/shop/health-and-beauty/all?department=Men%27s%20Toiletries&viewAll=department&page=,£3.00,£0.30/each,,,/groceries/en-GB/products/304798552,https://digitalcontent.api.tesco.com/v2/media/ghs/9c7537e1-57e1-40d9-a2fe-0da4c24df9c7/1f6cc2f0-ba3f-4bb4-81c6-d948594f92c6_20885658.jpeg?h=225&w=225
250548142,Wilkinson Sword Extra 2 Sensitive Disposable Razor 10 Pack,https://www.tesco.com/groceries/en-GB/shop/health-and-beauty/all?department=Men%27s%20Toiletries&viewAll=department&page=,£3.00,£0.30/each,,,/groceries/en-GB/products/250548142,https://digitalcontent.api.tesco.com/v2/media/ghs/797d0bf0-9a7e-4f27-9542-c4462216708c/2835ad7d-2f07-4014-94a5-033927220e44_1574698517.jpeg?h=225&w=225
261531133,Shockwaves Ultra Strong Power Gel Spray 150Ml,https://www.tesco.com/groceries/en-GB/shop/health-and-beauty/all?department=Men%27s%20Toiletries&viewAll=department&page=,£2.75,£1.84/100ml,,,/groceries/en-GB/products/261531133,https://digitalcontent.api.tesco.com/v2/media/ghs/87452635-ddad-4acb-a51a-63c90f110e4f/e307bd0e-ad5c-44b8-a8ef-de7775d8c609_1552367389.jpeg?h=225&w=225
301429809,Expert For Men 3 Blade Disposable Razors 5 Pack,https://www.tesco.com/groceries/en-GB/shop/health-and-beauty/all?department=Men%27s%20Toiletries&viewAll=department&page=,£2.50,£0.50/each,,,/groceries/en-GB/products/301429809,https://digitalcontent.api.tesco.com/v2/media/ghs/8ba4e3ab-4526-49bd-be61-a890b8ba7213/887a426a-9241-4be1-bdfd-2c780059bc54_1132120343.jpeg?h=225&w=225
299226742,Mancave Lemon & Oak Shower Gel 200Ml,https://www.tesco.com/groceries/en-GB/shop/health-and-beauty/all?department=Men%27s%20Toiletries&viewAll=department&page=,£5.25,£2.63/100ml,£2.50 Clubcard Price,,/groceries/en-GB/products/299226742,https://digitalcontent.api.tesco.com/v2/media/ghs/0f596c2d-7723-454a-94cf-b3fe20b55212/5cc8761f-72a8-4c8b-946b-d1112a39d3c4_712011292.jpeg?h=225&w=225
299226673,Mancave Cedarwood Shower Gel 200Ml,https://www.tesco.com/groceries/en-GB/shop/health-and-beauty/all?department=Men%27s%20Toiletries&viewAll=department&page=,£5.25,£2.63/100ml,£2.50 Clubcard Price,,/groceries/en-GB/products/299226673,https://digitalcontent.api.tesco.com/v2/media/ghs/e7e66093-c591-427b-abd1-c085c7662c19/3248ea39-e8d1-4c9c-8640-bd882ebc74f0_747247872.jpeg?h=225&w=225
311253081,L'oreal Men Expert Hydrating Energetic Moisturiser Spf 15 50Ml,https://www.tesco.com/groceries/en-GB/shop/health-and-beauty/all?department=Men%27s%20Toiletries&viewAll=department&page=,£8.25,£16.50/100ml,£5.50 Clubcard Price,,/groceries/en-GB/products/311253081,https://digitalcontent.api.tesco.com/v2/media/ghs/717bfebe-0f01-46bf-aef8-1c45a401ebae/6810cb70-265c-49f9-805e-b48ec4f53081_136328202.jpeg?h=225&w=225
266320536,Vo5 Extreme Style Matte Paste 100Ml,https://www.tesco.com/groceries/en-GB/shop/health-and-beauty/all?department=Men%27s%20Toiletries&viewAll=department&page=,£4.00,£4.00/100ml,,,/groceries/en-GB/products/266320536,https://digitalcontent.api.tesco.com/v2/media/ghs/87bc9ddd-a17c-456c-a204-8892eab63b6c/b3778092-1ee0-4ca0-8ce2-6926494fcf0f_566479329.jpeg?h=225&w=225
303313459,Lynx Dark Temptation Antiperspirant Deodorant Spray 250Ml,https://www.tesco.com/groceries/en-GB/shop/health-and-beauty/all?department=Men%27s%20Toiletries&viewAll=department&page=,£4.00,£1.60/100ml,,,/groceries/en-GB/products/303313459,https://digitalcontent.api.tesco.com/v2/media/ghs/e2300303-652c-4276-bc1f-fc7aaa88f708/74f48ca1-3be3-49fc-8a95-bb1b5b34998c_790987833.jpeg?h=225&w=225
311428249,Lynx Epic Fresh Anti-Perspirant 250Ml,https://www.tesco.com/groceries/en-GB/shop/health-and-beauty/all?department=Men%27s%20Toiletries&viewAll=department&page=,£4.00,£1.60/100ml,,,/groceries/en-GB/products/311428249,https://digitalcontent.api.tesco.com/v2/media/ghs/0e65da31-b7b0-4881-80ad-bd7ce4fd6d67/36904020-e4e5-4963-801c-32b722f815b7_1477222456.jpeg?h=225&w=225
311218982,Old Spice Nightpanther Deodorant Spray 150Ml,https://www.tesco.com/groceries/en-GB/shop/health-and-beauty/all?department=Men%27s%20Toiletries&viewAll=department&page=,£3.00,£2.00/100ml,£2.00 Clubcard Price,,/groceries/en-GB/products/311218982,https://digitalcontent.api.tesco.com/v2/media/ghs/f37b2b24-a6b8-4099-be69-4c8eecc2ecb8/5c6a718a-1c9f-4445-b93e-40a6d2bb455e_1408145950.jpeg?h=225&w=225
308453764,Old Spice Deep Sea Deodorant Body Spray 150Ml,https://www.tesco.com/groceries/en-GB/shop/health-and-beauty/all?department=Men%27s%20Toiletries&viewAll=department&page=,£3.00,£2.00/100ml,£2.00 Clubcard Price,,/groceries/en-GB/products/308453764,https://digitalcontent.api.tesco.com/v2/media/ghs/95dfac5a-304e-4b07-95a6-20cfd2173819/9068af77-fb25-46c2-b845-d04c6bfad782_85138490.jpeg?h=225&w=225
311429381,Rock Face Power Anti Perspirant Deodorant 200Ml,https://www.tesco.com/groceries/en-GB/shop/health-and-beauty/all?department=Men%27s%20Toiletries&viewAll=department&page=,£3.00,£1.50/100ml,£2.10 Clubcard Price,,/groceries/en-GB/products/311429381,https://digitalcontent.api.tesco.com/v2/media/ghs/5259af4e-47a6-4aa6-b8d9-5ceb9285f9f4/62884f72-8f4d-46b0-88f5-e1c857704b33_967832705.jpeg?h=225&w=225
311251215,Gillette Pro Sensitive Shave Gel 200Ml,https://www.tesco.com/groceries/en-GB/shop/health-and-beauty/all?department=Men%27s%20Toiletries&viewAll=department&page=,£3.50,£1.75/100ml,£2.35 Clubcard Price,,/groceries/en-GB/products/311251215,https://digitalcontent.api.tesco.com/v2/media/ghs/54552d70-068f-4a2e-99a8-b18a55f0c544/6fd99a41-991e-4a36-bfe9-813adcfef75c_583792578.jpeg?h=225&w=225
311442180,Old Spice Night Panther Shower Gel & Shampoo 400Ml,https://www.tesco.com/groceries/en-GB/shop/health-and-beauty/all?department=Men%27s%20Toiletries&viewAll=department&page=,£3.50,£0.88/100ml,£2.00 Clubcard Price,,/groceries/en-GB/products/311442180,https://digitalcontent.api.tesco.com/v2/media/ghs/7d9ef048-5064-47e9-8554-65b39d218a2d/d5f70608-0e0a-4350-86cf-b7ddf2afabca_1749176115.jpeg?h=225&w=225
274417497,Gillette Fusion Proglide Clear Shave Gel 175Ml,https://www.tesco.com/groceries/en-GB/shop/health-and-beauty/all?department=Men%27s%20Toiletries&viewAll=department&page=,£3.50,£2.00/100ml,,,/groceries/en-GB/products/274417497,https://digitalcontent.api.tesco.com/v2/media/ghs/5736dfdb-863a-4960-8e73-0fc61438bc73/21c91241-5e56-40da-a914-e86d548c94c8_321009275.jpeg?h=225&w=225
311448571,L'oreal Men Expert Magnesium Shower Gel 400Ml,https://www.tesco.com/groceries/en-GB/shop/health-and-beauty/all?department=Men%27s%20Toiletries&viewAll=department&page=,£2.25,£0.56/100ml,,,/groceries/en-GB/products/311448571,https://digitalcontent.api.tesco.com/v2/media/ghs/d30e126a-84f8-431d-a850-d62e6664b56d/632f9111-9d59-4d9c-ac57-6d80c9471572_366733769.jpeg?h=225&w=225
303675532,L'oreal Men Expert Charcoal Face Scrub 100Ml,https://www.tesco.com/groceries/en-GB/shop/health-and-beauty/all?department=Men%27s%20Toiletries&viewAll=department&page=,£4.50,£4.50/100ml,£2.50 Clubcard Price,,/groceries/en-GB/products/303675532,https://digitalcontent.api.tesco.com/v2/media/ghs/e178fc32-591f-4b38-a533-9033a5aff687/a48f0463-6f16-4b54-9be7-32d52f1a719f_1770468506.jpeg?h=225&w=225
303675519,L’Oreal Men Expert Charcoal Face Wash 100Ml,https://www.tesco.com/groceries/en-GB/shop/health-and-beauty/all?department=Men%27s%20Toiletries&viewAll=department&page=,£4.50,£4.50/100ml,£2.50 Clubcard Price,,/groceries/en-GB/products/303675519,https://digitalcontent.api.tesco.com/v2/media/ghs/3110a1f3-25d1-4049-8d40-3f77390700e9/2d92e36e-19e0-4ea9-9da7-24a447c6ef65_445905078.jpeg?h=225&w=225
259667580,Nivea Men Exfoliating Face Scrub 75Ml,https://www.tesco.com/groceries/en-GB/shop/health-and-beauty/all?department=Men%27s%20Toiletries&viewAll=department&page=,£2.39,£3.19/100ml,,,/groceries/en-GB/products/259667580,https://digitalcontent.api.tesco.com/v2/media/ghs/5bdddd76-a361-43d7-9ab5-88ea737695ed/479a9e95-d361-4fd0-b14e-2f5b1f4ff872_634862153.jpeg?h=225&w=225
311226298,Sure Men 72H Invisible Ice Fresh Antiperspirant 75Ml,https://www.tesco.com/groceries/en-GB/shop/health-and-beauty/all?department=Men%27s%20Toiletries&viewAll=department&page=,£2.00,£2.67/100ml,Any 3 for 2 Clubcard Price - Cheapest Product Free - Selected Travel Accessories,,/groceries/en-GB/products/311226298,https://digitalcontent.api.tesco.com/v2/media/ghs-mktg/b0b04216-fa73-466d-a9d7-c9fcfa1ce9b3/no-image.jpeg
270431439,Wahl Grooming Gear Travel Kit,https://www.tesco.com/groceries/en-GB/shop/health-and-beauty/all?department=Men%27s%20Toiletries&viewAll=department&page=,£18.00,£18.00/each,,,/groceries/en-GB/products/270431439,https://digitalcontent.api.tesco.com/v2/media/ghs/51f05bea-da68-4f93-8c65-1a9f7c433bb8/f58de78d-2a4c-4435-857e-7dd3d051047b_1266777616.jpeg?h=225&w=225
285643056,Wahl Clipper Gift Set 79305-2817,https://www.tesco.com/groceries/en-GB/shop/health-and-beauty/all?department=Men%27s%20Toiletries&viewAll=department&page=,£44.00,£44.00/each,£22.00 Clubcard Price,,/groceries/en-GB/products/285643056,https://digitalcontent.api.tesco.com/v2/media/ghs/07b4daeb-8375-4990-9b43-b3418be4ed7b/df36d4fa-c77f-4876-a016-828d8cd88c7a_975472195.jpeg?h=225&w=225
308091650,Gillette Proshield Power Razor Blade Refill X8,https://www.tesco.com/groceries/en-GB/shop/health-and-beauty/all?department=Men%27s%20Toiletries&viewAll=department&page=,£30.00,£3.75/each,,,/groceries/en-GB/products/308091650,https://digitalcontent.api.tesco.com/v2/media/ghs/63e04c59-ef4b-42aa-ac3e-3a9847b0e370/41aaab9f-b42a-4cc7-98ad-21d4bab35ea7_885181990.jpeg?h=225&w=225
309112337,Remington R3 Rotary Shaver,https://www.tesco.com/groceries/en-GB/shop/health-and-beauty/all?department=Men%27s%20Toiletries&viewAll=department&page=,£33.00,£33.00/each,,,/groceries/en-GB/products/309112337,https://digitalcontent.api.tesco.com/v2/media/ghs/973d6578-d2c0-4db0-9711-63f8c2e507fa/c08b0475-a338-40e8-b852-f5b18ac4f7c0_1378723072.jpeg?h=225&w=225
301327689,Philips Mg3710/33 Multigroom,https://www.tesco.com/groceries/en-GB/shop/health-and-beauty/all?department=Men%27s%20Toiletries&viewAll=department&page=,£20.00,£20.00/each,,,/groceries/en-GB/products/301327689,https://digitalcontent.api.tesco.com/v2/media/ghs/c63895a8-0055-4c1f-b4b4-a67a5f91a1b3/940a3ae4-d32b-4312-a11f-6333c07ad2ad_1000114481.jpeg?h=225&w=225
308105618,"Gillette Fusion 5, Razor & 10 Blades Set",https://www.tesco.com/groceries/en-GB/shop/health-and-beauty/all?department=Men%27s%20Toiletries&viewAll=department&page=,£27.95,£27.95/each,£21.00 Clubcard Price,,/groceries/en-GB/products/308105618,https://digitalcontent.api.tesco.com/v2/media/ghs/bd130598-6fc9-40f9-bc69-149c5e3e0067/aa63584d-5fe4-49b9-aac0-6d2ef5826dae_1343694488.jpeg?h=225&w=225
254814685,Gillette Mach 3 Turbo Razor Blades Refill 8 Pack,https://www.tesco.com/groceries/en-GB/shop/health-and-beauty/all?department=Men%27s%20Toiletries&viewAll=department&page=,£18.50,£2.32/each,,,/groceries/en-GB/products/254814685,https://digitalcontent.api.tesco.com/v2/media/ghs/4293efa8-9a15-431b-8a3b-c5ed81e0a579/17a38f30-0d75-4562-98c7-ae373782feaf_150578070.jpeg?h=225&w=225
262861116,Wahl Homepro Mains Operated Clipper 91458,https://www.tesco.com/groceries/en-GB/shop/health-and-beauty/all?department=Men%27s%20Toiletries&viewAll=department&page=,£13.00,£13.00/each,,,/groceries/en-GB/products/262861116,https://digitalcontent.api.tesco.com/v2/media/ghs/5301e273-d625-478f-b586-342ff4e9042f/0c1916da-461b-4042-98cb-4f31cd2b426b_1428584179.jpeg?h=225&w=225
308096996,Gillette Proshield Power Razor Blade Refill X4,https://www.tesco.com/groceries/en-GB/shop/health-and-beauty/all?department=Men%27s%20Toiletries&viewAll=department&page=,£17.00,£4.25/each,2 for £25 Clubcard Price - Gillette Proshield Power Razor Blades 4 Pack,,/groceries/en-GB/products/308096996,https://digitalcontent.api.tesco.com/v2/media/ghs/ae8663cb-5e97-4e6d-b1a0-18e2f2c3a2b5/6e69fe8f-7084-4001-9075-55fe94399f1e_189043524.jpeg?h=225&w=225
267179575,Bulldog Anti-Ageing Moisturiser 100Ml,https://www.tesco.com/groceries/en-GB/shop/health-and-beauty/all?department=Men%27s%20Toiletries&viewAll=department&page=,£8.40,£8.40/100ml,,,/groceries/en-GB/products/267179575,https://digitalcontent.api.tesco.com/v2/media/ghs/43aed496-949d-4fbf-8cf2-0d28511c6fa0/d674e87d-ad4a-433b-b11b-bdaf0fd0b910_1222401157.jpeg?h=225&w=225
266188911,Gillette Fusion Manual Razor,https://www.tesco.com/groceries/en-GB/shop/health-and-beauty/all?department=Men%27s%20Toiletries&viewAll=department&page=,£10.00,£10.00/each,£6.65 Clubcard Price,,/groceries/en-GB/products/266188911,https://digitalcontent.api.tesco.com/v2/media/ghs/a232b209-d3b3-432e-a1a1-4667e83e67fb/61fd6329-eb9f-47a0-9c11-018128b0de90_163374730.jpeg?h=225&w=225
252845697,Brylcreem Glossy Hold Wax 250Ml,https://www.tesco.com/groceries/en-GB/shop/health-and-beauty/all?department=Men%27s%20Toiletries&viewAll=department&page=,£4.50,£1.80/100ml,,,/groceries/en-GB/products/252845697,https://digitalcontent.api.tesco.com/v2/media/ghs/bff7eae1-152f-4766-a12e-317723479dea/5ace8903-d581-4f42-bb77-67a7bfe2f99c_1225551499.jpeg?h=225&w=225
258873924,Nivea Men Intensive Moisturising Face Cream 50Ml,https://www.tesco.com/groceries/en-GB/shop/health-and-beauty/all?department=Men%27s%20Toiletries&viewAll=department&page=,£6.00,£12.00/100ml,,,/groceries/en-GB/products/258873924,https://digitalcontent.api.tesco.com/v2/media/ghs/d179d97c-9187-4fbd-8558-118e8990ed4f/72848a76-aad2-4871-9aa4-2669a94b0056_756134219.jpeg?h=225&w=225
250980441,Just For Men Hair Colourant Natural Light Brown,https://www.tesco.com/groceries/en-GB/shop/health-and-beauty/all?department=Men%27s%20Toiletries&viewAll=department&page=,£6.75,£6.75/each,£5.40 Clubcard Price,,/groceries/en-GB/products/250980441,https://digitalcontent.api.tesco.com/v2/media/ghs/89a1937c-ae17-43a9-9395-2f82a1287a89/1d7a3feb-9764-462e-a24c-9217acc27da4_339622224.jpeg?h=225&w=225
256535165,Just For Men Hair Colourant Medium Brown,https://www.tesco.com/groceries/en-GB/shop/health-and-beauty/all?department=Men%27s%20Toiletries&viewAll=department&page=,£6.75,£6.75/each,£5.40 Clubcard Price,,/groceries/en-GB/products/256535165,https://digitalcontent.api.tesco.com/v2/media/ghs/fa76b877-353a-4d82-9fc1-ed851ee245a8/968d51d8-1fbc-473b-9e08-c32524f3e7e4_2034535890.jpeg?h=225&w=225
309171715,L'oreal Men Expert Matte Molding Clay 75Ml,https://www.tesco.com/groceries/en-GB/shop/health-and-beauty/all?department=Men%27s%20Toiletries&viewAll=department&page=,£6.00,£8.00/100ml,£3.00 Clubcard Price,,/groceries/en-GB/products/309171715,https://digitalcontent.api.tesco.com/v2/media/ghs/61ac62ee-e29f-4e1e-bd15-4dd1e9703a39/5f6c3751-f937-49f0-822d-51e40f58b552_632508226.jpeg?h=225&w=225
287613279,Bulldog Original Face Scrub 125Ml,https://www.tesco.com/groceries/en-GB/shop/health-and-beauty/all?department=Men%27s%20Toiletries&viewAll=department&page=,£5.25,£4.20/100ml,,,/groceries/en-GB/products/287613279,https://digitalcontent.api.tesco.com/v2/media/ghs/b8eb7b6f-8b64-43dc-bb1f-c1e1f72c8036/dee11987-c0fb-4c14-9553-cc1a5356674d_190058573.jpeg?h=225&w=225
271317015,L’Oreal Men Expert Vita Lift 5 Moisturiser 50Ml,https://www.tesco.com/groceries/en-GB/shop/health-and-beauty/all?department=Men%27s%20Toiletries&viewAll=department&page=,£12.00,£24.00/100ml,£7.00 Clubcard Price,,/groceries/en-GB/products/271317015,https://digitalcontent.api.tesco.com/v2/media/ghs/8b79b8f2-601e-4d45-b76c-b02f287fdec2/be0815ad-a374-4fe4-a321-f1f4d0d8189c_1822869652.jpeg?h=225&w=225
308117011,Wilkinson Sword Hydro 3 Skin Protection Mens Razor Blade X4,https://www.tesco.com/groceries/en-GB/shop/health-and-beauty/all?department=Men%27s%20Toiletries&viewAll=department&page=,£8.50,£2.13/each,,,/groceries/en-GB/products/308117011,https://digitalcontent.api.tesco.com/v2/media/ghs/a8705826-9108-4ba9-9f0d-16320bc95cda/b6b4bd23-5517-4ae2-94d1-327d1320f3e3_1556749148.jpeg?h=225&w=225
295337409,Rockface Anti Ageing Moisture 100Ml,https://www.tesco.com/groceries/en-GB/shop/health-and-beauty/all?department=Men%27s%20Toiletries&viewAll=department&page=,£6.00,£6.00/100ml,£4.20 Clubcard Price,,/groceries/en-GB/products/295337409,https://digitalcontent.api.tesco.com/v2/media/ghs/e11caa01-b1bb-4245-bade-3dab48c78323/fae6429d-9841-4f88-bce9-ccf24f9727e0_613972701.jpeg?h=225&w=225
257118894,Gillette Mach 3 Razor,https://www.tesco.com/groceries/en-GB/shop/health-and-beauty/all?department=Men%27s%20Toiletries&viewAll=department&page=,£8.00,£8.00/each,,,/groceries/en-GB/products/257118894,https://digitalcontent.api.tesco.com/v2/media/ghs/1515f263-0fcb-4408-af10-4ac0423ea5de/d8a2c336-25b8-4e5e-9be7-01f212436191_1638021472.jpeg?h=225&w=225
258842118,Nivea Men Replenishing Aftershave Balm 100Ml,https://www.tesco.com/groceries/en-GB/shop/health-and-beauty/all?department=Men%27s%20Toiletries&viewAll=department&page=,£6.00,£6.00/100ml,,,/groceries/en-GB/products/258842118,https://digitalcontent.api.tesco.com/v2/media/ghs/171933f2-f1c0-46f2-a6fb-116e7dfd2ea0/777f4868-6a67-4915-9810-7ca750e53d42_1077051258.jpeg?h=225&w=225
256935331,Just For Men Brush-In Colour Gel Dark Brown,https://www.tesco.com/groceries/en-GB/shop/health-and-beauty/all?department=Men%27s%20Toiletries&viewAll=department&page=,£8.00,£8.00/each,£5.80 Clubcard Price,,/groceries/en-GB/products/256935331,https://digitalcontent.api.tesco.com/v2/media/ghs/91525c8f-eb20-45b5-972c-dbba2ee2b06d/a35da285-0f99-4340-ba10-554f11470687_780266228.jpeg?h=225&w=225
312576780,Old Spice Football Captain 2 Piece Gift Set,https://www.tesco.com/groceries/en-GB/shop/health-and-beauty/all?department=Men%27s%20Toiletries&viewAll=department&page=,£9.00,£9.00/each,£4.50 Clubcard Price,,/groceries/en-GB/products/312576780,https://digitalcontent.api.tesco.com/v2/media/ghs/3f95a024-e7a6-4663-888d-ced420f25994/336c1e11-9cfd-4d01-8e89-f601dfea85d1_245205483.jpeg?h=225&w=225
272216070,Just For Men Brush-In Colour Gel Real Black,https://www.tesco.com/groceries/en-GB/shop/health-and-beauty/all?department=Men%27s%20Toiletries&viewAll=department&page=,£8.00,£8.00/each,£5.80 Clubcard Price,,/groceries/en-GB/products/272216070,https://digitalcontent.api.tesco.com/v2/media/ghs/7cb43aa5-dc6f-4a80-adfa-3ad637d542da/99f9ce52-2889-44d3-bd52-acc063b09327_1417430690.jpeg?h=225&w=225
303014198,Gillette Skinguard Sensitive Blades Refill 4 Pack,https://www.tesco.com/groceries/en-GB/shop/health-and-beauty/all?department=Men%27s%20Toiletries&viewAll=department&page=,£11.95,£2.99/each,Any 2 for £18 Clubcard Price - Selected Gillette Male Blades Refill 4 Pack,,/groceries/en-GB/products/303014198,https://digitalcontent.api.tesco.com/v2/media/ghs/a42e8942-f31a-4b4c-9f99-7b94ebb4de6b/fb64b439-6188-4800-8840-fb99a784ce0e_1271867678.jpeg?h=225&w=225
311227337,Sure Men Max Protection Sport Active Antiperspirant Deodorant 150Ml,https://www.tesco.com/groceries/en-GB/shop/health-and-beauty/all?department=Men%27s%20Toiletries&viewAll=department&page=,£5.00,£33.34/litre,,,/groceries/en-GB/products/311227337,https://digitalcontent.api.tesco.com/v2/media/ghs/d738b1ee-4f1d-4d62-bb83-77071ff9b915/c11f69aa-b614-487e-8f4d-2c3f53922974_1120014806.jpeg?h=225&w=225
260567864,Vo5 Wet Look Styling Hair Gel 200Ml,https://www.tesco.com/groceries/en-GB/shop/health-and-beauty/all?department=Men%27s%20Toiletries&viewAll=department&page=,£3.25,£1.63/100ml,,,/groceries/en-GB/products/260567864,https://digitalcontent.api.tesco.com/v2/media/ghs/b1716fa7-77ca-426a-80fa-ca019783fac6/03a22da7-f085-49f9-ae97-6158f6c2f7fe_1355118279.jpeg?h=225&w=225
299154020,L’Oreal Men Expert Barberclub Beard & Face Wash 200Ml,https://www.tesco.com/groceries/en-GB/shop/health-and-beauty/all?department=Men%27s%20Toiletries&viewAll=department&page=,£7.50,£3.75/100ml,£5.00 Clubcard Price,,/groceries/en-GB/products/299154020,https://digitalcontent.api.tesco.com/v2/media/ghs/53880412-be87-474b-b8ee-54d7d3148621/3d6852f4-a473-488e-9be2-1c45b3a43684_1854175374.jpeg?h=225&w=225
262485266,Vo5 Extreme Surf Style Texturising Paste 150Ml,https://www.tesco.com/groceries/en-GB/shop/health-and-beauty/all?department=Men%27s%20Toiletries&viewAll=department&page=,£4.00,£2.67/100ml,,,/groceries/en-GB/products/262485266,https://digitalcontent.api.tesco.com/v2/media/ghs/f484921b-4f28-431b-a1dc-6c415cb12e06/03d16157-fbc1-4f08-a665-6382eb379e8a_1774159979.jpeg?h=225&w=225
311211972,Gillette Skin Ultra Sensitive Shave Gel 200Ml,https://www.tesco.com/groceries/en-GB/shop/health-and-beauty/all?department=Men%27s%20Toiletries&viewAll=department&page=,£4.50,£2.25/100ml,,,/groceries/en-GB/products/311211972,https://digitalcontent.api.tesco.com/v2/media/ghs/251a0193-31e5-478e-84a3-f7adfb6092bd/086bc3e9-38c6-4030-a137-c5fee7f6c927_104850605.jpeg?h=225&w=225
252467983,L’Oreal Studio Line Line Rework Remix 150Ml,https://www.tesco.com/groceries/en-GB/shop/health-and-beauty/all?department=Men%27s%20Toiletries&viewAll=department&page=,£3.50,£2.34/100ml,,,/groceries/en-GB/products/252467983,https://digitalcontent.api.tesco.com/v2/media/ghs/1f0adbeb-1d7d-447a-b872-20944903451f/07b6e665-7542-44a9-9dd1-6adc4e6a9648_515350955.jpeg?h=225&w=225
260566826,Vo5 Extreme Style Gel Wax 75Ml,https://www.tesco.com/groceries/en-GB/shop/health-and-beauty/all?department=Men%27s%20Toiletries&viewAll=department&page=,£3.65,£4.87/100ml,,,/groceries/en-GB/products/260566826,https://digitalcontent.api.tesco.com/v2/media/ghs/fdd52e51-8aa0-4d6c-8adb-1bf23a1ed2d2/c133f7a6-10e7-47c9-aca5-de15933baafc_1717912992.jpeg?h=225&w=225
257338253,Wilkinson Sword Shaving Soap Bowl 125G,https://www.tesco.com/groceries/en-GB/shop/health-and-beauty/all?department=Men%27s%20Toiletries&viewAll=department&page=,£2.30,£1.84/100g,,,/groceries/en-GB/products/257338253,https://digitalcontent.api.tesco.com/v2/media/ghs/18ff182f-72a2-41e1-8881-ec2d0e7e3c61/snapshotimagehandler_48244330.jpeg?h=225&w=225
281974851,Mitchum Ice Fresh Roll On100ml,https://www.tesco.com/groceries/en-GB/shop/health-and-beauty/all?department=Men%27s%20Toiletries&viewAll=department&page=,£3.00,£3.00/100ml,,,/groceries/en-GB/products/281974851,https://digitalcontent.api.tesco.com/v2/media/ghs/7355f862-1bc7-46ef-ba45-6d95320a653f/d70777a1-24a3-4aaa-ae7f-1fb00d9bee7e_910696522.jpeg?h=225&w=225
273010604,Vo5 Extreme Style Matte Fibre 75Ml,https://www.tesco.com/groceries/en-GB/shop/health-and-beauty/all?department=Men%27s%20Toiletries&viewAll=department&page=,£3.65,£4.87/100ml,,,/groceries/en-GB/products/273010604,https://digitalcontent.api.tesco.com/v2/media/ghs/551f91db-e3f0-49f8-a228-fa755bd7a6ff/e5fbedf6-510c-470b-938f-01f2da4f3bc5_169059140.jpeg?h=225&w=225
311442911,L'oreal Men Expert Magnesium Hypoallergenic Moisturiser 50Ml,https://www.tesco.com/groceries/en-GB/shop/health-and-beauty/all?department=Men%27s%20Toiletries&viewAll=department&page=,£7.50,£15.00/100ml,£5.00 Clubcard Price,,/groceries/en-GB/products/311442911,https://digitalcontent.api.tesco.com/v2/media/ghs/10a66d7c-6c6d-4659-b486-750060ec548b/0c68692b-bd0f-4ffe-83ab-f18a6e4a7259_1218032097.jpeg?h=225&w=225
304782259,L'oreal Men Expert Energetic Tissue Mask 30G,https://www.tesco.com/groceries/en-GB/shop/health-and-beauty/all?department=Men%27s%20Toiletries&viewAll=department&page=,£3.60,£12.00/100g,£2.00 Clubcard Price,,/groceries/en-GB/products/304782259,https://digitalcontent.api.tesco.com/v2/media/ghs/84d288fc-6db3-4e0d-8401-8ab3ec5c3112/cf122b67-4146-4730-8a34-2cd7330309a1_1172231801.jpeg?h=225&w=225
257567655,Shockwaves Mess Constructor Ultra Strong 150Ml,https://www.tesco.com/groceries/en-GB/shop/health-and-beauty/all?department=Men%27s%20Toiletries&viewAll=department&page=,£2.75,£1.84/100ml,,,/groceries/en-GB/products/257567655,https://digitalcontent.api.tesco.com/v2/media/ghs/e32aec0f-78f4-4a56-89b8-18b07853946f/17d7d8ad-72ae-447d-831e-192adcd8acf3_1476936503.jpeg?h=225&w=225
311434627,Rock Face Shower Gel Original 415Ml,https://www.tesco.com/groceries/en-GB/shop/health-and-beauty/all?department=Men%27s%20Toiletries&viewAll=department&page=,£3.50,£0.84/100ml,£2.45 Clubcard Price,,/groceries/en-GB/products/311434627,https://digitalcontent.api.tesco.com/v2/media/ghs/74d885fb-d382-4dcc-90e4-8b8bea168e07/78a34a94-f464-4d58-b728-673d6a71b71a_1465446617.jpeg?h=225&w=225
311277185,Rock Face Power Shower Gel 415Ml,https://www.tesco.com/groceries/en-GB/shop/health-and-beauty/all?department=Men%27s%20Toiletries&viewAll=department&page=,£3.50,£0.84/100ml,£2.45 Clubcard Price,,/groceries/en-GB/products/311277185,https://digitalcontent.api.tesco.com/v2/media/ghs/b8f211d4-42dd-43d4-8888-18416a542274/3ec69703-aab5-4be8-8a38-89f7230a7096_1711314728.jpeg?h=225&w=225
311272340,L'oreal Men Expert Magnesium Hypoallergenic Face Wash 100Ml,https://www.tesco.com/groceries/en-GB/shop/health-and-beauty/all?department=Men%27s%20Toiletries&viewAll=department&page=,£4.50,£4.50/100ml,£3.00 Clubcard Price,,/groceries/en-GB/products/311272340,https://digitalcontent.api.tesco.com/v2/media/ghs/48c054a1-a999-4ff8-9904-753a846aa90f/68296399-3860-4b37-b97e-9d7a6497ad88_1007689647.jpeg?h=225&w=225
301430036,Xprt. For Men 5 Blade Refills 4 Pack,https://www.tesco.com/groceries/en-GB/shop/health-and-beauty/all?department=Men%27s%20Toiletries&viewAll=department&page=,£4.50,£1.13/each,,,/groceries/en-GB/products/301430036,https://digitalcontent.api.tesco.com/v2/media/ghs/f37f84fd-bc02-415e-a3e1-09b4c7afdb08/9b69743d-2d22-4d9e-954e-b88fa41df113_1837033363.jpeg?h=225&w=225
304630238,Philips S3134 Shaver,https://www.tesco.com/groceries/en-GB/shop/health-and-beauty/all?department=Men%27s%20Toiletries&viewAll=department&page=,£65.00,£65.00/each,£45.00 Clubcard Price,,/groceries/en-GB/products/304630238,https://digitalcontent.api.tesco.com/v2/media/ghs/4a9860c3-58e6-4de7-802b-589b83388227/0768c97c-9490-49c2-82dd-10dc16490294_1566198621.jpeg?h=225&w=225
307037809,Braun Bt3240 Beard Trimmer And Gilette,https://www.tesco.com/groceries/en-GB/shop/health-and-beauty/all?department=Men%27s%20Toiletries&viewAll=department&page=,£45.00,£45.00/each,£30.00 Clubcard Price,,/groceries/en-GB/products/307037809,https://digitalcontent.api.tesco.com/v2/media/ghs/0d604964-eca1-4730-99c6-6af0f0ace36e/eb2b4fef-2df4-41b0-81c0-adaae87a4ed9_1110379365.jpeg?h=225&w=225
309112297,Remington F4 Foil Shaver,https://www.tesco.com/groceries/en-GB/shop/health-and-beauty/all?department=Men%27s%20Toiletries&viewAll=department&page=,£40.00,£40.00/each,£35.00 Clubcard Price,,/groceries/en-GB/products/309112297,https://digitalcontent.api.tesco.com/v2/media/ghs/ff93a67a-4d36-4808-aae4-9d14bb20ebe6/023a92d5-ac71-452f-bb13-ba9f3ec8b267_1091743788.jpeg?h=225&w=225
307208654,Braun Series 3 310Bt Shaver And Styler,https://www.tesco.com/groceries/en-GB/shop/health-and-beauty/all?department=Men%27s%20Toiletries&viewAll=department&page=,£50.00,£50.00/each,£40.00 Clubcard Price,,/groceries/en-GB/products/307208654,https://digitalcontent.api.tesco.com/v2/media/ghs/3868e534-6ca1-4bc7-b0c0-1a0503bfd657/28c3e9ba-23fb-4b05-9be1-b883f7182fed_234489555.jpeg?h=225&w=225
296756453,Babyliss For Men 7456U Powerblade Pro Clipper,https://www.tesco.com/groceries/en-GB/shop/health-and-beauty/all?department=Men%27s%20Toiletries&viewAll=department&page=,£35.00,£35.00/each,£25.00 Clubcard Price,,/groceries/en-GB/products/296756453,https://digitalcontent.api.tesco.com/v2/media/ghs/08326c36-8482-4bed-977c-6e44f50577de/6239abb0-ce0a-402c-8b51-05304c598998_375782721.jpeg?h=225&w=225
273210973,Gillette Proglide Razor Blades Refill 8 Pack,https://www.tesco.com/groceries/en-GB/shop/health-and-beauty/all?department=Men%27s%20Toiletries&viewAll=department&page=,£27.00,£3.38/each,,,/groceries/en-GB/products/273210973,https://digitalcontent.api.tesco.com/v2/media/ghs/c06834a5-a96e-4768-a6d0-d86e4aae9226/2e253095-080f-413c-9e03-d4dee0aec0aa_1072350118.jpeg?h=225&w=225
306916059,Braun Mgk 3221,https://www.tesco.com/groceries/en-GB/shop/health-and-beauty/all?department=Men%27s%20Toiletries&viewAll=department&page=,£32.00,£32.00/each,£20.00 Clubcard Price,,/groceries/en-GB/products/306916059,https://digitalcontent.api.tesco.com/v2/media/ghs/e2a2a388-3431-489f-9b69-150197a33546/084c555e-03d4-4cb8-8149-9dffd12debc8_105159961.jpeg?h=225&w=225
304680472,Wahl Beard Kit Gift Set,https://www.tesco.com/groceries/en-GB/shop/health-and-beauty/all?department=Men%27s%20Toiletries&viewAll=department&page=,£30.00,£30.00/each,,,/groceries/en-GB/products/304680472,https://digitalcontent.api.tesco.com/v2/media/ghs/5dba6f8b-548a-4a16-ac05-7468f2b5c47f/2cea6292-937e-42e1-8349-66437d0f783e_475683994.jpeg?h=225&w=225
260664121,Gillette Fusion Power Razor Blades Refill 8 Pack,https://www.tesco.com/groceries/en-GB/shop/health-and-beauty/all?department=Men%27s%20Toiletries&viewAll=department&page=,£24.50,£3.07/each,,,/groceries/en-GB/products/260664121,https://digitalcontent.api.tesco.com/v2/media/ghs/d38c10fc-388c-446e-bd2b-edb65644d4c1/91abbdc1-ba22-4cf1-829d-c4a3866cd056_1882316303.jpeg?h=225&w=225
308439056,Philips Qc5115/13 Hair Clipper,https://www.tesco.com/groceries/en-GB/shop/health-and-beauty/all?department=Men%27s%20Toiletries&viewAll=department&page=,£25.00,£25.00/each,£14.00 Clubcard Price,,/groceries/en-GB/products/308439056,https://digitalcontent.api.tesco.com/v2/media/ghs/99ae8e9a-e045-42cc-8cb5-95c801a31257/f676ff1c-0690-4ff0-a608-f1366e1b39dc_2117424824.jpeg?h=225&w=225
311265913,Harry's Razor Plus 13 Cartridge Refills,https://www.tesco.com/groceries/en-GB/shop/health-and-beauty/all?department=Men%27s%20Toiletries&viewAll=department&page=,£23.00,£23.00/each,,,/groceries/en-GB/products/311265913,https://digitalcontent.api.tesco.com/v2/media/ghs/c2f85b48-a76e-4e99-8cd8-0ce12b822345/1455e9d7-0b80-4e9b-991c-1a558bd8a68e_899998020.jpeg?h=225&w=225
310150906,Gillette Labs Razor Blades Refill 4 Pack,https://www.tesco.com/groceries/en-GB/shop/health-and-beauty/all?department=Men%27s%20Toiletries&viewAll=department&page=,£20.00,£5.00/each,2 for £32 Clubcard Price - Gillette Labs Razor Blades Refill 4 Pack,,/groceries/en-GB/products/310150906,https://digitalcontent.api.tesco.com/v2/media/ghs/b087c845-ae84-4fa9-acc3-0b69f12fa9cb/7f3457e2-4c4d-4b4a-b7d8-f843e16cf8f2_576106699.jpeg?h=225&w=225
308087460,Nivea Men Anti Age Hyaluron Face Cream 50Ml,https://www.tesco.com/groceries/en-GB/shop/health-and-beauty/all?department=Men%27s%20Toiletries&viewAll=department&page=,£12.00,£24.00/100ml,,,/groceries/en-GB/products/308087460,https://digitalcontent.api.tesco.com/v2/media/ghs/47c5a88d-cc94-4037-a097-6e11459395fd/8e8b5ad5-6205-4a43-8308-ab3cac0b7acd_1260195341.jpeg?h=225&w=225
308767796,Tesco Expert Xhc21 Rechargeable Hair Clipper,https://www.tesco.com/groceries/en-GB/shop/health-and-beauty/all?department=Men%27s%20Toiletries&viewAll=department&page=,£17.00,£17.00/each,£10.00 Clubcard Price,,/groceries/en-GB/products/308767796,https://digitalcontent.api.tesco.com/v2/media/ghs/63a7bc8e-e4ad-4423-8174-148d51d31a47/6dc331b1-7f14-448e-873c-815122eaba97_176175440.jpeg?h=225&w=225
309165343,Harry's 5 Blade Cartridges 8 Pack,https://www.tesco.com/groceries/en-GB/shop/health-and-beauty/all?department=Men%27s%20Toiletries&viewAll=department&page=,£15.00,£1.88/each,,,/groceries/en-GB/products/309165343,https://digitalcontent.api.tesco.com/v2/media/ghs/f5e040f7-9951-4ee4-8b13-92a9f5d5e59e/f4c12213-26f1-4add-94cf-6f7df85af90d_1853795410.jpeg?h=225&w=225
287303911,Gillette Fusion Proglide Razor With Flexball Technology,https://www.tesco.com/groceries/en-GB/shop/health-and-beauty/all?department=Men%27s%20Toiletries&viewAll=department&page=,£13.00,£13.00/each,,,/groceries/en-GB/products/287303911,https://digitalcontent.api.tesco.com/v2/media/ghs/5443b44d-3784-442c-8e39-be7579489023/aa2bcd71-5230-4b49-9cf7-38fc546d0cb3_649971381.jpeg?h=225&w=225
296717051,Remington Nasal Trimmer Ne3850,https://www.tesco.com/groceries/en-GB/shop/health-and-beauty/all?department=Men%27s%20Toiletries&viewAll=department&page=,£11.00,£11.00/each,,,/groceries/en-GB/products/296717051,https://digitalcontent.api.tesco.com/v2/media/ghs/41039aa6-e203-497e-ba3f-b69b36db702b/811e17b3-f6b0-44fc-b5f4-9e1404e2a0e1_191925042.jpeg?h=225&w=225
301430157,Xprt. For Men Triple Blade Rzr+ 11 Refills,https://www.tesco.com/groceries/en-GB/shop/health-and-beauty/all?department=Men%27s%20Toiletries&viewAll=department&page=,£12.00,£1.10/each,,,/groceries/en-GB/products/301430157,https://digitalcontent.api.tesco.com/v2/media/ghs/42153115-b7e7-4583-8a6c-7a90fdef4276/8f666cb5-2a30-448c-9cdf-446b829b9a45_2026209797.jpeg?h=225&w=225
299425299,Perspirex Strong Anti Perspirant Roll On 20Ml,https://www.tesco.com/groceries/en-GB/shop/health-and-beauty/all?department=Men%27s%20Toiletries&viewAll=department&page=,£8.50,£42.50/100ml,,,/groceries/en-GB/products/299425299,https://digitalcontent.api.tesco.com/v2/media/ghs/52aba36b-ff44-4c87-9efc-d843d9a5972b/50e10e8e-8f03-4932-80d4-0c199b291335_1451842884.jpeg?h=225&w=225
284184554,Fudge Urban Matte Wax 70Ml,https://www.tesco.com/groceries/en-GB/shop/health-and-beauty/all?department=Men%27s%20Toiletries&viewAll=department&page=,£7.00,£10.00/100ml,,,/groceries/en-GB/products/284184554,https://digitalcontent.api.tesco.com/v2/media/ghs/9ab2a1b6-656f-43a4-9b5b-f33eceba9a2b/8cabceb4-35a0-4f32-8226-5f8f27dd25f2_2115881824.jpeg?h=225&w=225
253497908,Veet For Men Hair Removal Gel Cream 200Ml,https://www.tesco.com/groceries/en-GB/shop/health-and-beauty/all?department=Men%27s%20Toiletries&viewAll=department&page=,£7.50,£3.75/100ml,,,/groceries/en-GB/products/253497908,https://digitalcontent.api.tesco.com/v2/media/ghs/0f9c475c-a631-4289-9b6a-389b9731462a/3c3503f9-bfee-4569-8e62-298d2af88107_1599948553.jpeg?h=225&w=225
295099310,Bulldog Oil Control Moisture 100Ml,https://www.tesco.com/groceries/en-GB/shop/health-and-beauty/all?department=Men%27s%20Toiletries&viewAll=department&page=,£6.30,£6.30/100ml,,,/groceries/en-GB/products/295099310,https://digitalcontent.api.tesco.com/v2/media/ghs/a7fc2fab-48fd-467d-9201-e35de19ad87d/1d74a700-5676-4d1a-92b3-70a7ec981dfd_524747601.jpeg?h=225&w=225
309185296,Loreal Men Expert Slick Hair Fixing Wax 75Ml,https://www.tesco.com/groceries/en-GB/shop/health-and-beauty/all?department=Men%27s%20Toiletries&viewAll=department&page=,£6.00,£8.00/100ml,£3.00 Clubcard Price,,/groceries/en-GB/products/309185296,https://digitalcontent.api.tesco.com/v2/media/ghs/79d727ff-c0b4-458b-9c1f-3bfa7dff566e/16139b82-525b-4a33-8b76-33f95fc5d1bd_1015938521.jpeg?h=225&w=225
268152305,Triple Dry Mens All Purpose Roll On 50Ml,https://www.tesco.com/groceries/en-GB/shop/health-and-beauty/all?department=Men%27s%20Toiletries&viewAll=department&page=,£6.00,£12.00/100ml,,,/groceries/en-GB/products/268152305,https://digitalcontent.api.tesco.com/v2/media/ghs/34415b7d-717e-4817-93f6-7d1ccb0c0d97/ed92ef0f-0b7f-4026-8b17-79966e72aee6_884874200.jpeg?h=225&w=225
260663888,Gillette Fusion Power Razor,https://www.tesco.com/groceries/en-GB/shop/health-and-beauty/all?department=Men%27s%20Toiletries&viewAll=department&page=,£12.00,£12.00/each,£8.00 Clubcard Price,,/groceries/en-GB/products/260663888,https://digitalcontent.api.tesco.com/v2/media/ghs/c54805a2-c29d-4960-b4a7-fa54f03b3b61/1f8282d1-dcbe-4de9-857a-d850db4c8568_645872280.jpeg?h=225&w=225
293994682,Bulldog 2 In 1 Beard Shampoo & Conditioner 200Ml,https://www.tesco.com/groceries/en-GB/shop/health-and-beauty/all?department=Men%27s%20Toiletries&viewAll=department&page=,£6.00,£3.00/100ml,,,/groceries/en-GB/products/293994682,https://digitalcontent.api.tesco.com/v2/media/ghs/0d0c2dfa-a1f6-4f97-84e6-df3f17f349c4/9b3a376b-23cd-4dc2-97c4-f9036d18a5dc_1656537777.jpeg?h=225&w=225
260072003,Schwarzkopf Got2b Glued Spiking Glue 150Ml,https://www.tesco.com/groceries/en-GB/shop/health-and-beauty/all?department=Men%27s%20Toiletries&viewAll=department&page=,£5.00,£3.34/100ml,,,/groceries/en-GB/products/260072003,https://digitalcontent.api.tesco.com/v2/media/ghs/740d42e8-89bd-4686-b237-96b128b63fab/ed689b95-77ae-40e1-a68f-f6a27725f899_743960361.jpeg?h=225&w=225
280467212,Schwarzkopf Got2b Beach Matte Paste 100Ml,https://www.tesco.com/groceries/en-GB/shop/health-and-beauty/all?department=Men%27s%20Toiletries&viewAll=department&page=,£5.00,£5.00/100ml,,,/groceries/en-GB/products/280467212,https://digitalcontent.api.tesco.com/v2/media/ghs/2723d376-3a76-47e8-9cb9-c489be0f67d1/57212911-d188-4a22-87ff-9078cc09a95e_276400581.jpeg?h=225&w=225
273008810,Schwarzkopf Got2b Istylers Texture Clay 75Ml,https://www.tesco.com/groceries/en-GB/shop/health-and-beauty/all?department=Men%27s%20Toiletries&viewAll=department&page=,£5.00,£6.67/100ml,,,/groceries/en-GB/products/273008810,https://digitalcontent.api.tesco.com/v2/media/ghs/f3af80a6-2709-494a-a0eb-4a1bfa5ae975/54534cce-ac19-4075-95dd-524036b80c2c_814866017.jpeg?h=225&w=225
309195261,L'oreal Men Expert Defining Fiber Cream 75Ml,https://www.tesco.com/groceries/en-GB/shop/health-and-beauty/all?department=Men%27s%20Toiletries&viewAll=department&page=,£6.00,£8.00/100ml,£3.00 Clubcard Price,,/groceries/en-GB/products/309195261,https://digitalcontent.api.tesco.com/v2/media/ghs/ffc31601-e8fb-4b49-a0b1-438377671fe0/08a622c8-88ec-4b39-8da9-08273ff957b3_957669172.jpeg?h=225&w=225
293994647,Bulldog Original Beard Oil 30Ml,https://www.tesco.com/groceries/en-GB/shop/health-and-beauty/all?department=Men%27s%20Toiletries&viewAll=department&page=,£5.50,£18.34/100ml,,,/groceries/en-GB/products/293994647,https://digitalcontent.api.tesco.com/v2/media/ghs/8ef5d0c5-6e1b-409b-8259-8a2b14acd1e1/8424d1be-2af2-45ec-a3a3-46d447f0f912_757583561.jpeg?h=225&w=225
302270004,Schwarzkopf Got2b Phenomenal Texturising Clay 100Ml,https://www.tesco.com/groceries/en-GB/shop/health-and-beauty/all?department=Men%27s%20Toiletries&viewAll=department&page=,£5.00,£5.00/100ml,,,/groceries/en-GB/products/302270004,https://digitalcontent.api.tesco.com/v2/media/ghs/5b610846-f3d8-4f70-be39-f61696a78081/7a650051-1bda-4d61-9e0c-d2fd5e77944a_296658067.jpeg?h=225&w=225
309207905,King C Gillette Soft Beard Balm 100Ml,https://www.tesco.com/groceries/en-GB/shop/health-and-beauty/all?department=Men%27s%20Toiletries&viewAll=department&page=,£10.00,£10.00/100ml,£5.00 Clubcard Price,,/groceries/en-GB/products/309207905,https://digitalcontent.api.tesco.com/v2/media/ghs/0dcac2a1-854b-481a-b9fd-91d71a0930e5/aa7d4cb4-0ce1-4fb8-bf98-7788816046f8_1272525287.jpeg?h=225&w=225
250979893,Just For Men Hair Colourant Real Black,https://www.tesco.com/groceries/en-GB/shop/health-and-beauty/all?department=Men%27s%20Toiletries&viewAll=department&page=,£6.75,£6.75/each,£5.40 Clubcard Price,,/groceries/en-GB/products/250979893,https://digitalcontent.api.tesco.com/v2/media/ghs/9203426f-93c4-47a5-97ad-5561e5e2871b/b1a2531e-5016-4718-b492-871b211b1508_736575310.jpeg?h=225&w=225
309195975,Harry's Shave Gel With Aloe 200Ml,https://www.tesco.com/groceries/en-GB/shop/health-and-beauty/all?department=Men%27s%20Toiletries&viewAll=department&page=,£5.00,£2.50/100ml,,,/groceries/en-GB/products/309195975,https://digitalcontent.api.tesco.com/v2/media/ghs/71232664-f593-4f65-b5fc-e2f3bca7a1c8/234adfc8-c7b8-430d-84f4-290d3ecc399c_444710815.jpeg?h=225&w=225
295099333,Bulldog Oil Control Face Wash 150Ml,https://www.tesco.com/groceries/en-GB/shop/health-and-beauty/all?department=Men%27s%20Toiletries&viewAll=department&page=,£4.80,£3.20/100ml,,,/groceries/en-GB/products/295099333,https://digitalcontent.api.tesco.com/v2/media/ghs/a3089b0e-219e-44d9-91d0-ee9506e95ade/21d0c4f5-a9e1-4bd9-87bc-fe3eb2cde154_1507845981.jpeg?h=225&w=225
299226903,Mancave Blackspice Beard Control 100Ml,https://www.tesco.com/groceries/en-GB/shop/health-and-beauty/all?department=Men%27s%20Toiletries&viewAll=department&page=,£7.90,£7.90/100ml,£3.75 Clubcard Price,,/groceries/en-GB/products/299226903,https://digitalcontent.api.tesco.com/v2/media/ghs/f31707ff-1e90-4c68-871d-5553018b9fb3/80bd7913-84b3-4744-87eb-66b48cdd0c11_1813722351.jpeg?h=225&w=225
299154008,L’Oreal Men Expert Barberclub Beard Oil 30Ml,https://www.tesco.com/groceries/en-GB/shop/health-and-beauty/all?department=Men%27s%20Toiletries&viewAll=department&page=,£7.25,£24.17/100ml,£5.50 Clubcard Price,,/groceries/en-GB/products/299154008,https://digitalcontent.api.tesco.com/v2/media/ghs/c41cd96f-290d-46f0-9ae1-5aa8d5e226c6/f7a3a321-9ce4-4190-b220-24d62f98d8a6_921559077.jpeg?h=225&w=225
309195399,L'oreal Men Expert Texturising Grooming Cream 100Ml,https://www.tesco.com/groceries/en-GB/shop/health-and-beauty/all?department=Men%27s%20Toiletries&viewAll=department&page=,£4.99,£4.99/100ml,£3.00 Clubcard Price,,/groceries/en-GB/products/309195399,https://digitalcontent.api.tesco.com/v2/media/ghs/82494d84-e133-4733-b9c4-6277ed572502/e53124bf-f503-4771-8597-a943193a356e_429022008.jpeg?h=225&w=225
276975004,Moosehead Grubby Putty 100G,https://www.tesco.com/groceries/en-GB/shop/health-and-beauty/all?department=Men%27s%20Toiletries&viewAll=department&page=,£5.00,£5.00/100g,£3.75 Clubcard Price,,/groceries/en-GB/products/276975004,https://digitalcontent.api.tesco.com/v2/media/ghs/f35934be-efb1-41b0-8819-a324fd44f22c/0780a414-b85f-4460-b635-985a667dbfc1_486864916.jpeg?h=225&w=225
310115229,Gillette Labs Rapid Foaming Shave Gel 198Ml,https://www.tesco.com/groceries/en-GB/shop/health-and-beauty/all?department=Men%27s%20Toiletries&viewAll=department&page=,£6.00,£3.04/100ml,£4.00 Clubcard Price,,/groceries/en-GB/products/310115229,https://digitalcontent.api.tesco.com/v2/media/ghs/7ec9ac19-a352-4be4-94e9-f2a2411f504d/2a616acb-a7ed-41d5-98d9-341f3a2e554a_345893658.jpeg?h=225&w=225
311222400,Harry's Stone Shower Gel 473Ml,https://www.tesco.com/groceries/en-GB/shop/health-and-beauty/all?department=Men%27s%20Toiletries&viewAll=department&page=,£5.50,£1.17/100ml,,,/groceries/en-GB/products/311222400,https://digitalcontent.api.tesco.com/v2/media/ghs/29e799d2-da32-4cf8-814a-e22e82fd51ac/1c7ab118-4250-4a31-a805-1188bc7f375c_1630872553.jpeg?h=225&w=225
274587421,Bulldog Original Shave Gel 175Ml,https://www.tesco.com/groceries/en-GB/shop/health-and-beauty/all?department=Men%27s%20Toiletries&viewAll=department&page=,£3.75,£2.15/100ml,,,/groceries/en-GB/products/274587421,https://digitalcontent.api.tesco.com/v2/media/ghs/0d4e5cfa-c2f7-421c-873c-67392755f450/1ed421cd-ee53-4d4d-9522-3a35aac4cd9a_39782077.jpeg?h=225&w=225
301429995,Xprt. For Men 3 Blade Refills 4 Pack,https://www.tesco.com/groceries/en-GB/shop/health-and-beauty/all?department=Men%27s%20Toiletries&viewAll=department&page=,£3.50,£0.88/each,,,/groceries/en-GB/products/301429995,https://digitalcontent.api.tesco.com/v2/media/ghs/35586301-85bb-4334-9ece-2fbdd15b60b8/bd63c60b-9fc2-466c-8b5a-4432cd6004bd_1197004808.jpeg?h=225&w=225
305038459,Derma V10 Styling Clay 50Ml,https://www.tesco.com/groceries/en-GB/shop/health-and-beauty/all?department=Men%27s%20Toiletries&viewAll=department&page=,£1.50,£3.00/100ml,,,/groceries/en-GB/products/305038459,https://digitalcontent.api.tesco.com/v2/media/ghs/1e4da50c-45bc-4f4a-b3ad-af0647ddfebe/c741d8c3-ee22-4841-b24a-7616bb103db3_2000385110.jpeg?h=225&w=225
311210253,Bulldog Original Shampoo 300Ml,https://www.tesco.com/groceries/en-GB/shop/health-and-beauty/all?department=Men%27s%20Toiletries&viewAll=department&page=,£5.50,£1.84/100ml,,,/groceries/en-GB/products/311210253,https://digitalcontent.api.tesco.com/v2/media/ghs/023af946-96de-4632-9ccb-a5698d290383/snapshotimagehandler_480696119.jpeg?h=225&w=225
310097629,Gillette Labs Razor Blades Refill 9 Pack,https://www.tesco.com/groceries/en-GB/shop/health-and-beauty/all?department=Men%27s%20Toiletries&viewAll=department&page=,£40.00,£4.45/each,,,/groceries/en-GB/products/310097629,https://digitalcontent.api.tesco.com/v2/media/ghs/78b00d21-5608-4178-a356-c028471e889f/560ad304-bc57-4d64-8c38-35fe5b478ad9_380459031.jpeg?h=225&w=225
310664074,Gillette Labs Razor & Stand Black & Gold Edition,https://www.tesco.com/groceries/en-GB/shop/health-and-beauty/all?department=Men%27s%20Toiletries&viewAll=department&page=,£22.50,£22.50/each,,,/groceries/en-GB/products/310664074,https://digitalcontent.api.tesco.com/v2/media/ghs/ec6632f2-e8e8-4126-9b6d-31046870f60b/90b88475-4fc2-4630-a70c-5d092a6752a4_800720665.jpeg?h=225&w=225
301439136,Wahl Lifeproof Shaver,https://www.tesco.com/groceries/en-GB/shop/health-and-beauty/all?department=Men%27s%20Toiletries&viewAll=department&page=,£67.00,£67.00/each,,,/groceries/en-GB/products/301439136,https://digitalcontent.api.tesco.com/v2/media/ghs/6cb5bf1d-6f5e-4b1e-bb5c-597a8c86364c/c2f70acd-7004-4a5e-978f-1e1b8fcb944f_577045655.jpeg?h=225&w=225
304532579,Babyliss 7255U 10 In1 Titanium Grooming Kit,https://www.tesco.com/groceries/en-GB/shop/health-and-beauty/all?department=Men%27s%20Toiletries&viewAll=department&page=,£35.00,£35.00/each,£24.00 Clubcard Price,,/groceries/en-GB/products/304532579,https://digitalcontent.api.tesco.com/v2/media/ghs/58f03ef8-fcff-4c73-80a3-ee932901bd9e/bb348bfe-eeaf-406e-b7ba-f96e02e34088_513806939.jpeg?h=225&w=225
307109253,Philips S1231/41 Rotary Shaver,https://www.tesco.com/groceries/en-GB/shop/health-and-beauty/all?department=Men%27s%20Toiletries&viewAll=department&page=,£45.00,£45.00/each,£35.00 Clubcard Price,,/groceries/en-GB/products/307109253,https://digitalcontent.api.tesco.com/v2/media/ghs/16f4c480-cbc6-443b-af96-6b30d7b2549c/d6bd1880-9ec4-4b86-81b9-fedfc99192ff_641452208.jpeg?h=225&w=225
296674470,Wahl Colour Pro Clipper,https://www.tesco.com/groceries/en-GB/shop/health-and-beauty/all?department=Men%27s%20Toiletries&viewAll=department&page=,£36.00,£36.00/each,£24.00 Clubcard Price,,/groceries/en-GB/products/296674470,https://digitalcontent.api.tesco.com/v2/media/ghs/2b2d74c4-f888-4a29-88cb-35231eaaf2f6/ae5cae37-2797-4245-ad16-021d663fb086_123638365.jpeg?h=225&w=225
309190669,King C Gillette Beard Trimmer,https://www.tesco.com/groceries/en-GB/shop/health-and-beauty/all?department=Men%27s%20Toiletries&viewAll=department&page=,£30.00,£30.00/each,,,/groceries/en-GB/products/309190669,https://digitalcontent.api.tesco.com/v2/media/ghs/af61e06b-3fc7-46a4-9681-2be39baf6b1e/a51939ee-983b-483c-910a-29651a6285bd_1539809909.jpeg?h=225&w=225
301327672,Philips Bt3206/13 Beard Trimmer,https://www.tesco.com/groceries/en-GB/shop/health-and-beauty/all?department=Men%27s%20Toiletries&viewAll=department&page=,£30.00,£30.00/each,£20.00 Clubcard Price,,/groceries/en-GB/products/301327672,https://digitalcontent.api.tesco.com/v2/media/ghs/43e7e796-e915-4f65-998e-b32d527a17e6/6fce2d42-4a56-44e2-854a-29dbfd2953c6_919332799.jpeg?h=225&w=225
303502922,Wahl 9891-017 Beard Trimmer,https://www.tesco.com/groceries/en-GB/shop/health-and-beauty/all?department=Men%27s%20Toiletries&viewAll=department&page=,£30.00,£30.00/each,,,/groceries/en-GB/products/303502922,https://digitalcontent.api.tesco.com/v2/media/ghs/f709b91b-ae78-4fdd-8b27-a6f8c7c052ca/1be73644-d683-4896-9346-b8e8ca57120f_1745454370.jpeg?h=225&w=225
309181853,King C. Gillette Double Edge Safety Razor +5 Blades,https://www.tesco.com/groceries/en-GB/shop/health-and-beauty/all?department=Men%27s%20Toiletries&viewAll=department&page=,£20.00,£4.00/each,,,/groceries/en-GB/products/309181853,https://digitalcontent.api.tesco.com/v2/media/ghs/8968252b-3d0c-4d65-bf01-53fe4402cc55/1f01efdf-3a69-49a0-a369-cb53af7b300d_874852523.jpeg?h=225&w=225
308103239,Gillette Skinguard Sensitive Razor & Refill X10,https://www.tesco.com/groceries/en-GB/shop/health-and-beauty/all?department=Men%27s%20Toiletries&viewAll=department&page=,£27.95,£27.95/each,£21.00 Clubcard Price,,/groceries/en-GB/products/308103239,https://digitalcontent.api.tesco.com/v2/media/ghs/62ef35d6-003f-49a7-be05-bce371cc6d8a/83b80ed4-1bf6-44e8-98de-567af472a091_185532545.jpeg?h=225&w=225
299608861,Philips Oneblade Face Qp2520 25,https://www.tesco.com/groceries/en-GB/shop/health-and-beauty/all?department=Men%27s%20Toiletries&viewAll=department&page=,£30.00,£30.00/each,£20.00 Clubcard Price,,/groceries/en-GB/products/299608861,https://digitalcontent.api.tesco.com/v2/media/ghs/847d682b-37f3-4222-8ff4-b812ee53eb75/7211c52d-4af0-4f2b-b807-080471ea1262_796404636.jpeg?h=225&w=225
303014175,Gillette Skinguard Sensitive Blades Refill 8 Pack,https://www.tesco.com/groceries/en-GB/shop/health-and-beauty/all?department=Men%27s%20Toiletries&viewAll=department&page=,£21.00,£2.63/each,,,/groceries/en-GB/products/303014175,https://digitalcontent.api.tesco.com/v2/media/ghs/ee8897b1-804e-494c-b236-71f0d36fa9bf/38655a23-d485-49a1-86d3-c8eecdfa911c_899212128.jpeg?h=225&w=225
304478430,Remington R4 Rotary Shaver,https://www.tesco.com/groceries/en-GB/shop/health-and-beauty/all?department=Men%27s%20Toiletries&viewAll=department&page=,£41.00,£41.00/each,£31.00 Clubcard Price,,/groceries/en-GB/products/304478430,https://digitalcontent.api.tesco.com/v2/media/ghs/5da4fb8b-1101-4240-8943-b7c0456e7597/0e95ac44-41e3-4c4b-b28e-ef95fbe54310_162693441.jpeg?h=225&w=225
304532591,Babyliss 5 In 1 Personal Trimmer Kit,https://www.tesco.com/groceries/en-GB/shop/health-and-beauty/all?department=Men%27s%20Toiletries&viewAll=department&page=,£20.00,£20.00/each,£15.00 Clubcard Price,,/groceries/en-GB/products/304532591,https://digitalcontent.api.tesco.com/v2/media/ghs/3a2635e6-e79e-4287-b927-85ad4337df59/7477b0a6-439c-49c8-9fec-53b122464c7a_1545735676.jpeg?h=225&w=225
274417451,Gillette Fusion Proglide Styler 3In1,https://www.tesco.com/groceries/en-GB/shop/health-and-beauty/all?department=Men%27s%20Toiletries&viewAll=department&page=,£22.50,£22.50/each,,,/groceries/en-GB/products/274417451,https://digitalcontent.api.tesco.com/v2/media/ghs/6a7cb8d6-d26f-4dae-be06-94990557b4c6/156e7b65-6d04-4f32-8349-e1ea00cf60f9_102948444.jpeg?h=225&w=225
308859152,Nivea Men Anti Age Hyaluron Eye Cream 15Ml,https://www.tesco.com/groceries/en-GB/shop/health-and-beauty/all?department=Men%27s%20Toiletries&viewAll=department&page=,£11.00,£73.34/100ml,,,/groceries/en-GB/products/308859152,https://digitalcontent.api.tesco.com/v2/media/ghs/8aa4a640-31e9-4f7c-9dde-22fedee8bc54/f7b72e7c-60ce-42d8-a433-06d24c4d045c_1038560912.jpeg?h=225&w=225
308081276,Gillette Proglide Razor & 9 Blades Pack,https://www.tesco.com/groceries/en-GB/shop/health-and-beauty/all?department=Men%27s%20Toiletries&viewAll=department&page=,£27.00,£27.00/each,£24.00 Clubcard Price,,/groceries/en-GB/products/308081276,https://digitalcontent.api.tesco.com/v2/media/ghs/a6ba3b35-2a40-4e40-b567-c2faecd912dc/a36c9486-954d-4930-902b-9d0dbb6e6a04_648329624.jpeg?h=225&w=225
301430134,Xprt. For Men Five Blade Razor Plus 9 Blades,https://www.tesco.com/groceries/en-GB/shop/health-and-beauty/all?department=Men%27s%20Toiletries&viewAll=department&page=,£15.00,£1.67/each,,,/groceries/en-GB/products/301430134,https://digitalcontent.api.tesco.com/v2/media/ghs/cc097695-b4b4-476e-be75-e20ded7db2b8/09266d09-1ae0-410d-9555-f6615441e259_1176756486.jpeg?h=225&w=225
308107196,Gillette Proshield Power Razor,https://www.tesco.com/groceries/en-GB/shop/health-and-beauty/all?department=Men%27s%20Toiletries&viewAll=department&page=,£15.00,£15.00/each,,,/groceries/en-GB/products/308107196,https://digitalcontent.api.tesco.com/v2/media/ghs/89210c28-c195-4c3a-a4db-831c5b851423/182622f7-3073-44b4-9b62-c46fc17df7a1_495564433.jpeg?h=225&w=225
287305903,Wilkinson Sword Quattro Titanum Clam Pack 8S,https://www.tesco.com/groceries/en-GB/shop/health-and-beauty/all?department=Men%27s%20Toiletries&viewAll=department&page=,£15.00,£1.88/each,,,/groceries/en-GB/products/287305903,https://digitalcontent.api.tesco.com/v2/media/ghs/d9873c04-dc3e-4f9a-8255-f99aa4e3cf0d/52e449f8-a78e-4f7d-9531-b9364f43defb_1231170897.jpeg?h=225&w=225
310660873,Gillette Labs Razor Exfoliating Bar& Magnetic Stand,https://www.tesco.com/groceries/en-GB/shop/health-and-beauty/all?department=Men%27s%20Toiletries&viewAll=department&page=,£22.50,£22.50/each,£15.00 Clubcard Price,,/groceries/en-GB/products/310660873,https://digitalcontent.api.tesco.com/v2/media/ghs/3c6cc2a4-001b-4a33-ae79-a0b3ef670c75/2728fddd-0284-4901-a465-d7a535ae6d7c_1649236098.jpeg?h=225&w=225
310130124,Nivea Men Hyaluron Moisturising Face Gel 50Ml,https://www.tesco.com/groceries/en-GB/shop/health-and-beauty/all?department=Men%27s%20Toiletries&viewAll=department&page=,£12.60,£25.20/100ml,,,/groceries/en-GB/products/310130124,https://digitalcontent.api.tesco.com/v2/media/ghs/8a760afe-0835-46a6-a88c-a38b05c142d0/8337fbea-b953-473c-ab31-bbf3f17fb5c1_648441797.jpeg?h=225&w=225
302087020,Bulldog Skincare Age Defence Serum 50Ml,https://www.tesco.com/groceries/en-GB/shop/health-and-beauty/all?department=Men%27s%20Toiletries&viewAll=department&page=,£12.00,£12.00/each,,,/groceries/en-GB/products/302087020,https://digitalcontent.api.tesco.com/v2/media/ghs/c4749523-554b-4f42-86cb-3873e467ca45/fdfebe99-4cdc-4303-9637-ecc874b2eeb6_808080350.jpeg?h=225&w=225
272082007,Braun M90 Mobile Shave,https://www.tesco.com/groceries/en-GB/shop/health-and-beauty/all?department=Men%27s%20Toiletries&viewAll=department&page=,£19.00,£19.00/each,,,/groceries/en-GB/products/272082007,https://digitalcontent.api.tesco.com/v2/media/ghs/2677300f-78f0-4e9f-a010-20c6e24a63d1/e954f2e9-4aa2-4463-b6b2-01f7259e8457_144124383.jpeg?h=225&w=225
303014238,Gillette Skinguard Sensitive Razor,https://www.tesco.com/groceries/en-GB/shop/health-and-beauty/all?department=Men%27s%20Toiletries&viewAll=department&page=,£10.25,£10.25/each,,,/groceries/en-GB/products/303014238,https://digitalcontent.api.tesco.com/v2/media/ghs/397f48d9-055c-4eee-a732-feb47340721c/d97dd248-37c5-4ce8-b3bf-bd33ef33162f_240950326.jpeg?h=225&w=225
292285561,Fudge Urban Matte Headmaster 135Ml,https://www.tesco.com/groceries/en-GB/shop/health-and-beauty/all?department=Men%27s%20Toiletries&viewAll=department&page=,£7.00,£5.19/100ml,,,/groceries/en-GB/products/292285561,https://digitalcontent.api.tesco.com/v2/media/ghs/f2b0f373-a3a9-47c2-b1e6-529d84756d2d/3ecbb06d-4c2e-4846-8b36-3b0b7f1b0b39_1774227606.jpeg?h=225&w=225
311228667,Bulldog Original Bamboo Razor Set,https://www.tesco.com/groceries/en-GB/shop/health-and-beauty/all?department=Men%27s%20Toiletries&viewAll=department&page=,£12.00,£6.00/each,,,/groceries/en-GB/products/311228667,https://digitalcontent.api.tesco.com/v2/media/ghs/7b8592c6-9a2f-4e49-b891-e5fe5fc85e69/2af96fd6-35c2-4d07-80b2-fce17323114c_869034509.jpeg?h=225&w=225
287593848,Bulldog Protective Moisturiser 100Ml,https://www.tesco.com/groceries/en-GB/shop/health-and-beauty/all?department=Men%27s%20Toiletries&viewAll=department&page=,£8.40,£8.40/100ml,,,/groceries/en-GB/products/287593848,https://digitalcontent.api.tesco.com/v2/media/ghs/9c2b5939-2345-4289-b9a8-82cd42345f6e/1ea5c4a9-e310-4d78-812a-7c452d3e3745_1977628027.jpeg?h=225&w=225
309168490,Harry's Post Shave Balm With Aloe 100Ml,https://www.tesco.com/groceries/en-GB/shop/health-and-beauty/all?department=Men%27s%20Toiletries&viewAll=department&page=,£7.00,£7.00/100ml,,,/groceries/en-GB/products/309168490,https://digitalcontent.api.tesco.com/v2/media/ghs/c077918b-df3e-4f42-88dc-ecd79d465ab6/603c7e4f-b5b3-4b40-b303-dfebf26c89fd_263435558.jpeg?h=225&w=225
309163119,Harry's Shave Cream With Eucalyptus,https://www.tesco.com/groceries/en-GB/shop/health-and-beauty/all?department=Men%27s%20Toiletries&viewAll=department&page=,£7.00,£7.00/100ml,,,/groceries/en-GB/products/309163119,https://digitalcontent.api.tesco.com/v2/media/ghs/75acaa81-44fb-4193-844e-ff9d2eb849ec/2335811b-949e-4c14-a9c9-205e26863bc7_1758807207.jpeg?h=225&w=225
293994660,Bulldog Original Beard Balm 75Ml,https://www.tesco.com/groceries/en-GB/shop/health-and-beauty/all?department=Men%27s%20Toiletries&viewAll=department&page=,£8.00,£10.67/100ml,,,/groceries/en-GB/products/293994660,https://digitalcontent.api.tesco.com/v2/media/ghs/438fdffe-d73c-49f1-9265-6088e935184c/91bde549-7e0f-4fa4-b520-2fff4c20af4c_55372050.jpeg?h=225&w=225
309208991,Harry's 5 Blade Razor Indigo Blue,https://www.tesco.com/groceries/en-GB/shop/health-and-beauty/all?department=Men%27s%20Toiletries&viewAll=department&page=,£8.00,£8.00/each,,,/groceries/en-GB/products/309208991,https://digitalcontent.api.tesco.com/v2/media/ghs/91e7917e-6818-48c6-8919-73f7b3b8043a/4708c2b8-a5f0-42b0-9ca3-04971aa455d9_296919013.jpeg?h=225&w=225
311432937,Bulldog Original 5 Steel Blades Refill 4 Pack,https://www.tesco.com/groceries/en-GB/shop/health-and-beauty/all?department=Men%27s%20Toiletries&viewAll=department&page=,£8.00,£2.00/each,,,/groceries/en-GB/products/311432937,https://digitalcontent.api.tesco.com/v2/media/ghs/23218ab5-81a5-4e21-b1f1-d5be33103b56/snapshotimagehandler_450457223.jpeg?h=225&w=225
309192990,Harry's 5 Blade Razor Tropical Green,https://www.tesco.com/groceries/en-GB/shop/health-and-beauty/all?department=Men%27s%20Toiletries&viewAll=department&page=,£8.00,£8.00/each,,,/groceries/en-GB/products/309192990,https://digitalcontent.api.tesco.com/v2/media/ghs/49386483-a498-446f-92d1-46b1d42a0204/ab8e4762-1c57-4bd2-aef3-0d8ad169e6be_1229358037.jpeg?h=225&w=225
309179407,"Harry's 5 Blade Razor, Bright Orange",https://www.tesco.com/groceries/en-GB/shop/health-and-beauty/all?department=Men%27s%20Toiletries&viewAll=department&page=,£8.00,£8.00/each,,,/groceries/en-GB/products/309179407,https://digitalcontent.api.tesco.com/v2/media/ghs/8f111225-d566-4a2b-8750-a12421b68f54/2316bf2e-251b-4940-963c-83e2dcc964bb_664817824.jpeg?h=225&w=225
309200953,King C Gillette Beard & Face Wash 350Ml,https://www.tesco.com/groceries/en-GB/shop/health-and-beauty/all?department=Men%27s%20Toiletries&viewAll=department&page=,£10.00,£2.86/100ml,,,/groceries/en-GB/products/309200953,https://digitalcontent.api.tesco.com/v2/media/ghs/ae87ff52-ebea-41f6-91b5-1edfb4aecada/8d264b65-4f86-423d-ad21-651f6ebe6abb_1672714935.jpeg?h=225&w=225
301430013,Expert For Men Five Blade Razor,https://www.tesco.com/groceries/en-GB/shop/health-and-beauty/all?department=Men%27s%20Toiletries&viewAll=department&page=,£6.00,£6.00/each,,,/groceries/en-GB/products/301430013,https://digitalcontent.api.tesco.com/v2/media/ghs/7605781c-6a7f-4df8-a2c3-97d3e02227d6/c328e0ec-2592-468e-a4a4-e51665add52d_2062019349.jpeg?h=225&w=225
308116686,Wilkinson Sword Hydro 5 Skin Protection Regular Razor,https://www.tesco.com/groceries/en-GB/shop/health-and-beauty/all?department=Men%27s%20Toiletries&viewAll=department&page=,£7.50,£7.50/each,,,/groceries/en-GB/products/308116686,https://digitalcontent.api.tesco.com/v2/media/ghs/b776752b-d4a6-4528-bc15-0b2d2bdba8f4/0ad04eb3-a30c-41e7-bd88-66d96a11be8d_94987993.jpeg?h=225&w=225
305053659,Gillette Mach 3 Turbo 3D Razor For Men,https://www.tesco.com/groceries/en-GB/shop/health-and-beauty/all?department=Men%27s%20Toiletries&viewAll=department&page=,£10.00,£10.00/each,,,/groceries/en-GB/products/305053659,https://digitalcontent.api.tesco.com/v2/media/ghs/a8e3e0e1-7c04-4160-8e4d-65a614f1f7ef/4fb3c938-b43b-4eaf-8dda-d0b431f814d2_631268586.jpeg?h=225&w=225
309190738,Harry's Face Wash With Peppermint 150Ml,https://www.tesco.com/groceries/en-GB/shop/health-and-beauty/all?department=Men%27s%20Toiletries&viewAll=department&page=,£5.00,£3.34/100ml,,,/groceries/en-GB/products/309190738,https://digitalcontent.api.tesco.com/v2/media/ghs/b075f127-dcf1-4db8-b7dd-9d980bc2e397/eab64dd6-046a-46a5-8787-84a74f7ed44f_451120408.jpeg?h=225&w=225
310153727,Gillette Labs Quick Rinse Shave Foam 240Ml,https://www.tesco.com/groceries/en-GB/shop/health-and-beauty/all?department=Men%27s%20Toiletries&viewAll=department&page=,£6.00,£2.50/100ml,,,/groceries/en-GB/products/310153727,https://digitalcontent.api.tesco.com/v2/media/ghs/93d8119c-767f-43f3-9771-2f6775244a3c/4c7271d5-6317-4ccd-9750-13535355782f_588178344.jpeg?h=225&w=225
299474879,Moosehead Gritty Styling Clay 100G,https://www.tesco.com/groceries/en-GB/shop/health-and-beauty/all?department=Men%27s%20Toiletries&viewAll=department&page=,£5.00,£5.00/100g,£3.75 Clubcard Price,,/groceries/en-GB/products/299474879,https://digitalcontent.api.tesco.com/v2/media/ghs/6221e6e4-8c45-4a1e-b106-5eb40e95a374/24e5db3f-bffb-4f97-992a-65460acf83db_666313598.jpeg?h=225&w=225
308088729,Wilkinson Sword Hydro 3 Skin Protection Mens Razor,https://www.tesco.com/groceries/en-GB/shop/health-and-beauty/all?department=Men%27s%20Toiletries&viewAll=department&page=,£6.00,£6.00/each,,,/groceries/en-GB/products/308088729,https://digitalcontent.api.tesco.com/v2/media/ghs/674873af-a935-427f-a406-74ed782d2d64/3cc891ed-3f1b-4ce1-83ac-1bb6fde24202_306884303.jpeg?h=225&w=225
310663599,Gillette Skin Ultra Sensitive Shave Mousse 240Ml,https://www.tesco.com/groceries/en-GB/shop/health-and-beauty/all?department=Men%27s%20Toiletries&viewAll=department&page=,£4.50,£1.88/100ml,,,/groceries/en-GB/products/310663599,https://digitalcontent.api.tesco.com/v2/media/ghs/87af0144-b7af-4304-917d-d04522924bac/a3df5a4a-c03b-4eb4-ad52-753bc1e7edb5_1783382607.jpeg?h=225&w=225
301429972,Xprt. For Men Triple Blade Razor,https://www.tesco.com/groceries/en-GB/shop/health-and-beauty/all?department=Men%27s%20Toiletries&viewAll=department&page=,£2.50,£2.50/each,,,/groceries/en-GB/products/301429972,https://digitalcontent.api.tesco.com/v2/media/ghs/d3247647-d174-40cb-8acf-6c6db6e87376/17798c10-18c1-4d8f-af22-3a2b55971c9e_2057565939.jpeg?h=225&w=225
299557632,Philips Oneblade Face & Body Trimmer,https://www.tesco.com/groceries/en-GB/shop/health-and-beauty/all?department=Men%27s%20Toiletries&viewAll=department&page=,£45.00,£45.00/each,£30.00 Clubcard Price,,/groceries/en-GB/products/299557632,https://digitalcontent.api.tesco.com/v2/media/ghs/8c605034-4c9c-4279-86a1-658ee56795c7/a9f14746-8be5-4010-884d-e21f242b7242_779531152.jpeg?h=225&w=225
304532562,Babyliss Carbon Steel Clipper,https://www.tesco.com/groceries/en-GB/shop/health-and-beauty/all?department=Men%27s%20Toiletries&viewAll=department&page=,£50.00,£50.00/each,,,/groceries/en-GB/products/304532562,https://digitalcontent.api.tesco.com/v2/media/ghs/8e449e85-a900-4526-bd2c-95bd373fecd2/40002910-52eb-4512-a78e-fa1a616c1c89_150704891.jpeg?h=225&w=225
288178711,Remington Hc366 Stylist Hair Clipper,https://www.tesco.com/groceries/en-GB/shop/health-and-beauty/all?department=Men%27s%20Toiletries&viewAll=department&page=,£35.00,£35.00/each,£30.00 Clubcard Price,,/groceries/en-GB/products/288178711,https://digitalcontent.api.tesco.com/v2/media/ghs/f0c165a9-2ad3-4d4b-88cc-b233f6b4a1ea/ed64fd96-7701-4021-8834-c417b3ad0bf9_169291231.jpeg?h=225&w=225
304478447,Remington F3 Foil Shaver,https://www.tesco.com/groceries/en-GB/shop/health-and-beauty/all?department=Men%27s%20Toiletries&viewAll=department&page=,£31.00,£31.00/each,,,/groceries/en-GB/products/304478447,https://digitalcontent.api.tesco.com/v2/media/ghs/c85b1356-32a2-4a87-a501-5b1791fa2136/1bda7ab8-7f15-425b-9d63-5d4d1f81491b_1531784013.jpeg?h=225&w=225
304709072,Wahl Cordless Clipper 9655-1517,https://www.tesco.com/groceries/en-GB/shop/health-and-beauty/all?department=Men%27s%20Toiletries&viewAll=department&page=,£21.00,£21.00/each,,,/groceries/en-GB/products/304709072,https://digitalcontent.api.tesco.com/v2/media/ghs/bb21aa1c-9233-4cdb-91fa-9b502f4b64fe/47eb8ac5-3375-4216-8eaa-3836a6f3b5c8_2144551381.jpeg?h=225&w=225
302340020,Nivea Q10 Power Day Cream Spf 15 50Ml,https://www.tesco.com/groceries/en-GB/shop/health-and-beauty/all?department=Face%20Skincare&viewAll=department&page=,£13.00,£26.00/100ml,£6.45 Clubcard Price,,/groceries/en-GB/products/302340020,https://digitalcontent.api.tesco.com/v2/media/ghs/7c9d11b3-39eb-4e2a-95c0-d4b75f49d959/9a622695-3d5d-4fa3-a762-008edb0456bb_1755364246.jpeg?h=225&w=225
281863781,Garnier Micellar Water Sensitive 400Ml,https://www.tesco.com/groceries/en-GB/shop/health-and-beauty/all?department=Face%20Skincare&viewAll=department&page=,£6.00,£1.50/100ml,,,/groceries/en-GB/products/281863781,https://digitalcontent.api.tesco.com/v2/media/ghs/c3d6981e-a9b1-4437-b2ab-fe8b4ad279ed/4ab89387-8794-4cad-8e5d-48804026a137_1857169364.jpeg?h=225&w=225
302339224,Nivea Soft Refreshing Cream 500Ml,https://www.tesco.com/groceries/en-GB/shop/health-and-beauty/all?department=Face%20Skincare&viewAll=department&page=,£5.10,£1.02/100ml,,,/groceries/en-GB/products/302339224,https://digitalcontent.api.tesco.com/v2/media/ghs/01549561-5bb3-4ab3-a12e-09db953f25ad/64f655da-fdd5-44ce-9bdd-9e7b26ccd177_1534148601.jpeg?h=225&w=225
251466093,Clean & Clear Exfoliating Daily Wash 150Ml,https://www.tesco.com/groceries/en-GB/shop/health-and-beauty/all?department=Face%20Skincare&viewAll=department&page=,£3.50,£2.34/100ml,,,/groceries/en-GB/products/251466093,https://digitalcontent.api.tesco.com/v2/media/ghs/bd30c905-6592-419d-b930-a243359a383a/a0a3f852-3a19-4b07-b86c-14407928f34f_1391229003.jpeg?h=225&w=225
257867006,Clean & Clear Cleansing Lotion Sensitive 200Ml,https://www.tesco.com/groceries/en-GB/shop/health-and-beauty/all?department=Face%20Skincare&viewAll=department&page=,£3.50,£1.75/100ml,,,/groceries/en-GB/products/257867006,https://digitalcontent.api.tesco.com/v2/media/ghs/0519d0ea-0d64-4d59-8b6f-53bfece13cfa/e1e9ddb7-a6d5-44bc-a969-51bc743afe26_1150792154.jpeg?h=225&w=225
250068168,Clean & Clear Cleansing Cream Wash 150Ml,https://www.tesco.com/groceries/en-GB/shop/health-and-beauty/all?department=Face%20Skincare&viewAll=department&page=,£3.50,£2.34/100ml,,,/groceries/en-GB/products/250068168,https://digitalcontent.api.tesco.com/v2/media/ghs/9a5ca7ed-af8f-46bd-b9fe-02fbb10d42c2/9ec1ef1d-3921-4972-bbe5-b05de5e6ec8e_716759344.jpeg?h=225&w=225
252606451,L'oreal Paris Age Perfect Cleansing Wipes 25,https://www.tesco.com/groceries/en-GB/shop/health-and-beauty/all?department=Face%20Skincare&viewAll=department&page=,£5.00,£20.00/100sht,£2.50 Clubcard Price,,/groceries/en-GB/products/252606451,https://digitalcontent.api.tesco.com/v2/media/ghs/e29c8609-5a4e-43d0-974a-4ca42f7d51b8/d69e58ef-4f96-44cd-b5df-ab8f8d339575_1955227863.jpeg?h=225&w=225
259810203,Derma Intensive Lip Balm Triple Pack,https://www.tesco.com/groceries/en-GB/shop/health-and-beauty/all?department=Face%20Skincare&viewAll=department&page=,£2.20,£15.28/100g,,,/groceries/en-GB/products/259810203,https://digitalcontent.api.tesco.com/v2/media/ghs/2fb26509-70e5-4657-8b12-c3509e39ae68/4d6152c5-4589-45cd-9370-bf686a12b472_1720714283.jpeg?h=225&w=225
295446286,Simple Kind To Skin Micellar Cleansing Water 400Ml,https://www.tesco.com/groceries/en-GB/shop/health-and-beauty/all?department=Face%20Skincare&viewAll=department&page=,£3.95,£0.99/100ml,,,/groceries/en-GB/products/295446286,https://digitalcontent.api.tesco.com/v2/media/ghs/283aa06c-6c73-44d4-8c2f-94703555d4ac/05384195-1350-4679-8603-3b5009020476_46211463.jpeg?h=225&w=225
305956681,Nivea Biodegradable Micellair Cleansing Wipes 25 Pack,https://www.tesco.com/groceries/en-GB/shop/health-and-beauty/all?department=Face%20Skincare&viewAll=department&page=,£3.50,£14.00/100sht,,,/groceries/en-GB/products/305956681,https://digitalcontent.api.tesco.com/v2/media/ghs/a5de761d-085e-4015-a632-c6a2d782d815/5e26862c-df30-45cc-ba58-c2aafb0191e6_2106956444.jpeg?h=225&w=225
260541366,St. Ives Blemish Fighting Apricot Scrub 150Ml,https://www.tesco.com/groceries/en-GB/shop/health-and-beauty/all?department=Face%20Skincare&viewAll=department&page=,£3.90,£2.60/100ml,,,/groceries/en-GB/products/260541366,https://digitalcontent.api.tesco.com/v2/media/ghs/15d395dd-9c26-451e-a28e-74b20670d945/d3969793-a357-4e74-b586-9c722a353d1c_109950766.jpeg?h=225&w=225
265019331,Tesco Large Oval Cotton Wool Pads Double Faced 50,https://www.tesco.com/groceries/en-GB/shop/health-and-beauty/all?department=Face%20Skincare&viewAll=department&page=,£1.85,£0.04/each,,,/groceries/en-GB/products/265019331,https://digitalcontent.api.tesco.com/v2/media/ghs/4c337900-6212-409a-91b0-976e9411e706/5ee98062-f84e-4366-be11-d3b687fe5f70_1882800791.jpeg?h=225&w=225
255504031,Simple Kind To Skin Soothing Facial Toner 200Ml,https://www.tesco.com/groceries/en-GB/shop/health-and-beauty/all?department=Face%20Skincare&viewAll=department&page=,£3.00,£1.50/100ml,,,/groceries/en-GB/products/255504031,https://digitalcontent.api.tesco.com/v2/media/ghs/f3221198-ac3d-4564-96cc-dbeb96069e21/3a0aad2d-53b4-4bde-a6c5-fcd5a9e1315f_573869844.jpeg?h=225&w=225
305438309,Simple Hydr Cleanser Facial Wipes 20 Wipes,https://www.tesco.com/groceries/en-GB/shop/health-and-beauty/all?department=Face%20Skincare&viewAll=department&page=,£4.00,£20.00/100sht,£2.65 Clubcard Price,,/groceries/en-GB/products/305438309,https://digitalcontent.api.tesco.com/v2/media/ghs/160e371e-64d6-4f08-a8ca-33f6cc08f69d/d6137d5b-5d32-4d88-837f-143154976e22_1922944684.jpeg?h=225&w=225
297386740,Garnier Micellar Water Sensitive 700Ml,https://www.tesco.com/groceries/en-GB/shop/health-and-beauty/all?department=Face%20Skincare&viewAll=department&page=,£5.00,£0.72/100ml,,,/groceries/en-GB/products/297386740,https://digitalcontent.api.tesco.com/v2/media/ghs/8c63fac5-4b17-4380-aefd-c141d39eaf26/aeb225bc-8ffa-4303-a753-b7ce6a42e004_1565693965.jpeg?h=225&w=225
273898400,Nivea Daily Eye Make Up Remover 125Ml,https://www.tesco.com/groceries/en-GB/shop/health-and-beauty/all?department=Face%20Skincare&viewAll=department&page=,£3.20,£2.56/100ml,,,/groceries/en-GB/products/273898400,https://digitalcontent.api.tesco.com/v2/media/ghs/0ca279cd-755f-4a10-94bb-5258b131ff2d/f05d17f3-7e17-4566-8857-2fa9ffc91387_76266655.jpeg?h=225&w=225
252734270,Nivea Soft Intensive Moisturiser Creme 75Ml,https://www.tesco.com/groceries/en-GB/shop/health-and-beauty/all?department=Face%20Skincare&viewAll=department&page=,£2.00,£2.67/100ml,£1.60 Clubcard Price,,/groceries/en-GB/products/252734270,https://digitalcontent.api.tesco.com/v2/media/ghs/76c5ae6c-30e0-4748-85d9-05c53cc35105/538dbdf0-fccc-4fe4-8f44-45e1dfd3a12a_886068023.jpeg?h=225&w=225
264422839,Tesco Cotton Wool Double Faced Pads 100,https://www.tesco.com/groceries/en-GB/shop/health-and-beauty/all?department=Face%20Skincare&viewAll=department&page=,£1.25,£0.01/each,,,/groceries/en-GB/products/264422839,https://digitalcontent.api.tesco.com/v2/media/ghs/854f3423-558f-4f3a-b5cd-2cfd346d5d4e/99439ef9-35bd-4a47-be5c-98569643c9ef_2006186854.jpeg?h=225&w=225
310682377,Simple Cleansing Biodegradable Wipes 2X25 Pack,https://www.tesco.com/groceries/en-GB/shop/health-and-beauty/all?department=Face%20Skincare&viewAll=department&page=,£3.50,£0.07/each,,,/groceries/en-GB/products/310682377,https://digitalcontent.api.tesco.com/v2/media/ghs/7a727a22-8298-4edf-a76e-e10931cd6359/1d17abce-1ded-400a-9a39-d3cc69eaa3d2_35594114.jpeg?h=225&w=225
305253209,Simple Sensitive Skin Micellar Wipes 20 Pack,https://www.tesco.com/groceries/en-GB/shop/health-and-beauty/all?department=Face%20Skincare&viewAll=department&page=,£2.30,£11.50/100sht,,,/groceries/en-GB/products/305253209,https://digitalcontent.api.tesco.com/v2/media/ghs/1057ecc7-7013-498c-b113-f50cd3d73539/7f0fa795-b680-453b-ba8d-ea754e8fcbde_1741804219.jpeg?h=225&w=225
301360723,Tesco Kind And Pure Cleansing Face Wash 150Ml,https://www.tesco.com/groceries/en-GB/shop/health-and-beauty/all?department=Face%20Skincare&viewAll=department&page=,£1.60,£1.07/100ml,,,/groceries/en-GB/products/301360723,https://digitalcontent.api.tesco.com/v2/media/ghs/5526ef9e-5cd8-4f87-bba4-031b7dda3b33/492ffc31-97bf-40b4-9c28-3f556c9edefe_1724171326.jpeg?h=225&w=225
255505289,Simple Kind To Eyes Eye Make-Up Remover 125Ml,https://www.tesco.com/groceries/en-GB/shop/health-and-beauty/all?department=Face%20Skincare&viewAll=department&page=,£2.50,£2.00/100ml,,,/groceries/en-GB/products/255505289,https://digitalcontent.api.tesco.com/v2/media/ghs/ff969764-2795-40fd-b4d9-b57de1d8f2b4/3f4151bc-fee9-4ef0-a09e-f7fb81cbbd2b_1026237340.jpeg?h=225&w=225
305430404,Simple Age Resisting Wipes 20 Pack,https://www.tesco.com/groceries/en-GB/shop/health-and-beauty/all?department=Face%20Skincare&viewAll=department&page=,£2.30,£11.50/100sht,,,/groceries/en-GB/products/305430404,https://digitalcontent.api.tesco.com/v2/media/ghs/4e2f6588-3ec6-4580-a1ec-bb352bc55583/a78cd5a8-1da3-45de-9c7d-6a25ad62281b_1324159775.jpeg?h=225&w=225
266729981,Vaseline Original Petroleum Jelly 50Ml,https://www.tesco.com/groceries/en-GB/shop/health-and-beauty/all?department=Face%20Skincare&viewAll=department&page=,£1.50,£3.00/100ml,,,/groceries/en-GB/products/266729981,https://digitalcontent.api.tesco.com/v2/media/ghs/e914547e-1501-49b6-ae5f-8acfb5add616/a4062dac-939a-45c2-8119-e19ead0b4640_1396536193.jpeg?h=225&w=225
301361031,Tesco Kind And Pure Refreshing Face Wash 150Ml,https://www.tesco.com/groceries/en-GB/shop/health-and-beauty/all?department=Face%20Skincare&viewAll=department&page=,£1.60,£1.07/100ml,,,/groceries/en-GB/products/301361031,https://digitalcontent.api.tesco.com/v2/media/ghs/0d182248-0a49-4efa-8bc7-018113039d3f/af3a38bd-8d4b-4887-85b3-d3c74ba9ca2f_1887076158.jpeg?h=225&w=225
255503907,Simple Kind To Skin Purifying Cleansing Lotion 200Ml,https://www.tesco.com/groceries/en-GB/shop/health-and-beauty/all?department=Face%20Skincare&viewAll=department&page=,£2.50,£1.25/100ml,,,/groceries/en-GB/products/255503907,https://digitalcontent.api.tesco.com/v2/media/ghs/c55dfa11-b90b-42a0-b880-b8a43ea777a6/8b26e16c-9ca3-4d7b-bc65-f7c2f40703b4_2019761242.jpeg?h=225&w=225
301361117,Tesco Kind And Pure Cleansing Micellar Water 200Ml,https://www.tesco.com/groceries/en-GB/shop/health-and-beauty/all?department=Face%20Skincare&viewAll=department&page=,£1.60,£0.80/100ml,,,/groceries/en-GB/products/301361117,https://digitalcontent.api.tesco.com/v2/media/ghs/2c54622b-f886-495b-8141-984ac73687ca/62deac1f-947d-44dd-8747-a738e0ba135b_576613365.jpeg?h=225&w=225
255504492,Simple Kind To Skin Moisturising Facial Wash 150Ml,https://www.tesco.com/groceries/en-GB/shop/health-and-beauty/all?department=Face%20Skincare&viewAll=department&page=,£2.30,£1.54/100ml,,,/groceries/en-GB/products/255504492,https://digitalcontent.api.tesco.com/v2/media/ghs/43db5f93-b40f-4714-a66e-547bd63ef51f/99171b38-d3dd-4451-854d-d1b251833ce3_1937289741.jpeg?h=225&w=225
305736947,Tesco Kind&Pure 20 Biodegradable Facial Cleansing Wipes,https://www.tesco.com/groceries/en-GB/shop/health-and-beauty/all?department=Face%20Skincare&viewAll=department&page=,£1.00,£5.00/100sht,,,/groceries/en-GB/products/305736947,https://digitalcontent.api.tesco.com/v2/media/ghs/0c5eccb0-841a-4ec7-9fb2-afcd2281f582/49aa33f7-15da-4134-8181-b9e8ca4de8f5_1787994497.jpeg?h=225&w=225
305734195,Tesco Kind & Pure Biodegradable Facial Wipes 20 Pack,https://www.tesco.com/groceries/en-GB/shop/health-and-beauty/all?department=Face%20Skincare&viewAll=department&page=,£1.00,£5.00/100sht,,,/groceries/en-GB/products/305734195,https://digitalcontent.api.tesco.com/v2/media/ghs/fa48d4b4-a79a-4b2d-9fd0-14e9d1572b3b/d0f98f2f-64ac-4293-8d58-58f73cc7c10d_222453134.jpeg?h=225&w=225
305434043,Simple Kind To Skin Exfoliating Wipes 20 Pack,https://www.tesco.com/groceries/en-GB/shop/health-and-beauty/all?department=Face%20Skincare&viewAll=department&page=,£2.50,£12.50/100sht,,,/groceries/en-GB/products/305434043,https://digitalcontent.api.tesco.com/v2/media/ghs/50df4096-3562-4b2b-89d8-1316bbeb3c5b/50330aff-87a0-4592-a313-215a008e1ca5_481253051.jpeg?h=225&w=225
310680477,Simple Biodegradable Cleansing Wipes 25Pack,https://www.tesco.com/groceries/en-GB/shop/health-and-beauty/all?department=Face%20Skincare&viewAll=department&page=,£1.80,£0.07/each,,,/groceries/en-GB/products/310680477,https://digitalcontent.api.tesco.com/v2/media/ghs/0a77125c-f149-4fd9-96fe-f30c7934c906/6f280f0d-e8c4-4112-8ce8-f2a6eb682316_415389902.jpeg?h=225&w=225
256154022,Nivea Light Daily Moisturiser Creme Normal Combination 50Ml,https://www.tesco.com/groceries/en-GB/shop/health-and-beauty/all?department=Face%20Skincare&viewAll=department&page=,£2.50,£5.00/100ml,,,/groceries/en-GB/products/256154022,https://digitalcontent.api.tesco.com/v2/media/ghs/15f0c2dc-2028-45f6-80be-d3407c27d9b2/188802cb-beaf-462f-bbfc-207d3b4d2e06_332891428.jpeg?h=225&w=225
253393244,Nivea Gentle Eye Make Up Remover 125Ml,https://www.tesco.com/groceries/en-GB/shop/health-and-beauty/all?department=Face%20Skincare&viewAll=department&page=,£2.10,£1.68/100ml,,,/groceries/en-GB/products/253393244,https://digitalcontent.api.tesco.com/v2/media/ghs/5322e4d5-a013-4bfd-9bae-bd0ee534c495/7c5404c7-5239-468e-b075-3e1e5526a7ff_1591885101.jpeg?h=225&w=225
274730897,Nivea Daily Essential Refresh Facial Wash Gel 150Ml,https://www.tesco.com/groceries/en-GB/shop/health-and-beauty/all?department=Face%20Skincare&viewAll=department&page=,£2.20,£1.47/100ml,,,/groceries/en-GB/products/274730897,https://digitalcontent.api.tesco.com/v2/media/ghs/53c6b803-5b6e-45f7-a083-26685d449a1a/ffb2a59a-50ab-418b-a7b2-da99cf0c02c9_1644952131.jpeg?h=225&w=225
301869519,Tesco Beauty Cotton Wool Balls 100 Pack,https://www.tesco.com/groceries/en-GB/shop/health-and-beauty/all?department=Face%20Skincare&viewAll=department&page=,£1.20,£0.01/each,,,/groceries/en-GB/products/301869519,https://digitalcontent.api.tesco.com/v2/media/ghs/83ddf0aa-4bba-488c-aadf-a10ff7f561dd/3695c10b-c647-40ce-bd65-ade92dc538cd_257957297.jpeg?h=225&w=225
255527349,Simple Kind To Skin Hydrating Light Moisturiser 125Ml,https://www.tesco.com/groceries/en-GB/shop/health-and-beauty/all?department=Face%20Skincare&viewAll=department&page=,£2.30,£1.84/100ml,,,/groceries/en-GB/products/255527349,https://digitalcontent.api.tesco.com/v2/media/ghs/5df5a823-449f-4ba5-a4d9-8d68c00bcaec/f4273e84-fd3f-4288-927b-9091609d8e82_1570971467.jpeg?h=225&w=225
311423306,Nivea Biodegradable Cleansing Face Wipes Dry Skin 25 Pack,https://www.tesco.com/groceries/en-GB/shop/health-and-beauty/all?department=Face%20Skincare&viewAll=department&page=,£1.65,£0.07/each,,,/groceries/en-GB/products/311423306,https://digitalcontent.api.tesco.com/v2/media/ghs/79a71d80-9dcf-4931-8831-4dd7b39f2a7a/d1111bb2-b0eb-485f-ab68-5dc3c8fa93f3_1677191921.jpeg?h=225&w=225
255527637,Simple Kind To Skin Replenishing Rich Moisturiser 125Ml,https://www.tesco.com/groceries/en-GB/shop/health-and-beauty/all?department=Face%20Skincare&viewAll=department&page=,£2.30,£1.84/100ml,,,/groceries/en-GB/products/255527637,https://digitalcontent.api.tesco.com/v2/media/ghs/b6ca5241-046c-4399-a969-f0c4be1c8037/caddfa1a-dc27-4e17-b42b-ae66b598f77c_1151566885.jpeg?h=225&w=225
311439651,Nivea Biodegradable Cleansing Face Wipes Normal Skin 25 Pack,https://www.tesco.com/groceries/en-GB/shop/health-and-beauty/all?department=Face%20Skincare&viewAll=department&page=,£1.65,£0.07/each,,,/groceries/en-GB/products/311439651,https://digitalcontent.api.tesco.com/v2/media/ghs/cf4f2056-c48e-4b41-a068-45368fa31ccb/ddd2d77b-98dc-4d27-8f72-03a060e37604_1211808293.jpeg?h=225&w=225
257092916,Vaseline Lip Therapy Aloe Vera 20G,https://www.tesco.com/groceries/en-GB/shop/health-and-beauty/all?department=Face%20Skincare&viewAll=department&page=,£1.00,£5.00/100g,,,/groceries/en-GB/products/257092916,https://digitalcontent.api.tesco.com/v2/media/ghs/509b652b-767b-4e74-8a92-cf5f2c511346/snapshotimagehandler_990716538.jpeg?h=225&w=225
252312971,Vaseline Lip Therapy Original 20G,https://www.tesco.com/groceries/en-GB/shop/health-and-beauty/all?department=Face%20Skincare&viewAll=department&page=,£1.00,£5.00/100g,,,/groceries/en-GB/products/252312971,https://digitalcontent.api.tesco.com/v2/media/ghs/53aad453-934e-4ceb-bc86-4c9c42b24a7a/48b6634f-effb-4414-9e8b-f4a7f572d840_1721735046.jpeg?h=225&w=225
259667672,Nivea Men Deep Cleansing Face Wash 100Ml,https://www.tesco.com/groceries/en-GB/shop/health-and-beauty/all?department=Face%20Skincare&viewAll=department&page=,£1.99,£1.99/100ml,,,/groceries/en-GB/products/259667672,https://digitalcontent.api.tesco.com/v2/media/ghs/51df5f0c-a83f-4207-9e89-47c34be9a98f/d67573d2-d3b2-4b3e-9e96-61b85b5fcc64_217738175.jpeg?h=225&w=225
304375534,Johnson's Baby Cotton Buds 100 Buds,https://www.tesco.com/groceries/en-GB/shop/health-and-beauty/all?department=Face%20Skincare&viewAll=department&page=,£0.90,£0.01/each,,,/groceries/en-GB/products/304375534,https://digitalcontent.api.tesco.com/v2/media/ghs/e174c5d1-802e-42c5-b325-65a5b6493644/46b25651-3169-4594-8696-8ff33d5964ce_493635379.jpeg?h=225&w=225
253107153,Tesco 200 Cotton Buds,https://www.tesco.com/groceries/en-GB/shop/health-and-beauty/all?department=Face%20Skincare&viewAll=department&page=,£0.50,£0.00/each,,,/groceries/en-GB/products/253107153,https://digitalcontent.api.tesco.com/v2/media/ghs/06b2e959-3553-40e3-9b32-e701dd7d9b84/582969c1-1a20-4a69-80e7-db4ad3bfea77_1519011598.jpeg?h=225&w=225
278170118,L'oreal Paris Revitalift Day Cream Spf30 50Ml,https://www.tesco.com/groceries/en-GB/shop/health-and-beauty/all?department=Face%20Skincare&viewAll=department&page=,£13.00,£26.00/100ml,,,/groceries/en-GB/products/278170118,https://digitalcontent.api.tesco.com/v2/media/ghs/740b8a17-84ac-46eb-b1d4-a51e8771b3ee/1e253725-2f2b-4ae2-99a3-387abd319d87_445830487.jpeg?h=225&w=225
311441751,Cetaphil Daily Hydrating Moisturiser 88Ml,https://www.tesco.com/groceries/en-GB/shop/health-and-beauty/all?department=Face%20Skincare&viewAll=department&page=,£13.00,£14.78/100ml,£9.75 Clubcard Price,,/groceries/en-GB/products/311441751,https://digitalcontent.api.tesco.com/v2/media/ghs/914c553e-7cd3-4592-8c8c-4dc74f554533/4cb9202c-28d6-4130-8558-e8652a03c54b_1769358709.jpeg?h=225&w=225
305973084,Skin Academy Zero Eye Cream 25Ml,https://www.tesco.com/groceries/en-GB/shop/health-and-beauty/all?department=Face%20Skincare&viewAll=department&page=,£10.00,£40.00/100ml,,,/groceries/en-GB/products/305973084,https://digitalcontent.api.tesco.com/v2/media/ghs/2694f391-545d-40eb-98e1-d8b1769ca306/afea75a7-53eb-4ca3-8afd-7415e8c91057_1679137400.jpeg?h=225&w=225
251551026,L'oreal Paris Age Perfect Rehydrating Night Cream 50Ml,https://www.tesco.com/groceries/en-GB/shop/health-and-beauty/all?department=Face%20Skincare&viewAll=department&page=,£13.00,£26.00/100ml,£6.50 Clubcard Price,,/groceries/en-GB/products/251551026,https://digitalcontent.api.tesco.com/v2/media/ghs/7218f875-5ade-4b6b-8961-104162d6da82/bb7e33f1-3368-4151-a120-d459be616bb3_1997849346.jpeg?h=225&w=225
302340164,Nivea Q10 Power Night Cream 50Ml,https://www.tesco.com/groceries/en-GB/shop/health-and-beauty/all?department=Face%20Skincare&viewAll=department&page=,£13.00,£26.00/100ml,£6.45 Clubcard Price,,/groceries/en-GB/products/302340164,https://digitalcontent.api.tesco.com/v2/media/ghs/314a4898-0669-4079-a403-4b20c70b6da8/e5af2bc7-6850-496a-9d93-6128864f6252_2128546085.jpeg?h=225&w=225
251287304,L'oreal Paris Age Perfect Rehydrating Day Cream 50Ml,https://www.tesco.com/groceries/en-GB/shop/health-and-beauty/all?department=Face%20Skincare&viewAll=department&page=,£13.00,£26.00/100ml,£6.50 Clubcard Price,,/groceries/en-GB/products/251287304,https://digitalcontent.api.tesco.com/v2/media/ghs/a196bddc-4588-440d-8c3a-bdd115582cba/8fcd3cb4-f2bc-46d8-8a44-df7a70a24e6e_1430588681.jpeg?h=225&w=225
258842149,Nivea Men Sensitive Aftershave Balm 100Ml,https://www.tesco.com/groceries/en-GB/shop/health-and-beauty/all?department=Face%20Skincare&viewAll=department&page=,£6.00,£6.00/100ml,,,/groceries/en-GB/products/258842149,https://digitalcontent.api.tesco.com/v2/media/ghs/6b56726b-5f0b-47c3-8a07-217b7b86d607/24c5c328-1396-4bf5-b249-0c7e4881ad40_1675316789.jpeg?h=225&w=225
311444840,Garnier Skin Active Micellar Water Vitamin C Facial Cleanser 400Ml,https://www.tesco.com/groceries/en-GB/shop/health-and-beauty/all?department=Face%20Skincare&viewAll=department&page=,£7.00,£1.75/100ml,£4.65 Clubcard Price,,/groceries/en-GB/products/311444840,https://digitalcontent.api.tesco.com/v2/media/ghs/00c2ea27-7227-400c-a814-73dc76a3ca50/a02fd3a6-1599-44db-9298-2ce3d4f5cc8e_374521557.jpeg?h=225&w=225
302340446,Nivea Micellair Water Sensitive Skin 400Ml,https://www.tesco.com/groceries/en-GB/shop/health-and-beauty/all?department=Face%20Skincare&viewAll=department&page=,£5.25,£1.32/100ml,,,/groceries/en-GB/products/302340446,https://digitalcontent.api.tesco.com/v2/media/ghs/a1f90674-1dcb-4004-b80d-641811660091/cf846ac9-8be3-49c7-b691-6000f5361c8c_382536359.jpeg?h=225&w=225
252226368,Clearasil Ultra Rapid Action Pads,https://www.tesco.com/groceries/en-GB/shop/health-and-beauty/all?department=Face%20Skincare&viewAll=department&page=,£5.50,£0.08/each,,,/groceries/en-GB/products/252226368,https://digitalcontent.api.tesco.com/v2/media/ghs/61a1d805-4d3f-4d4c-b77f-0bfdba0135e3/e4beb586-3164-47d3-aa28-bb9e064c1ff2_1252476061.jpeg?h=225&w=225
258842489,Nivea Men Sensitive Moisturiser 75Ml,https://www.tesco.com/groceries/en-GB/shop/health-and-beauty/all?department=Face%20Skincare&viewAll=department&page=,£6.00,£8.00/100ml,,,/groceries/en-GB/products/258842489,https://digitalcontent.api.tesco.com/v2/media/ghs/aecf0e68-49ec-4672-8b4a-906c289884a9/3d02ae49-0e2b-45e0-a2ee-5a584c8fcb12_185769941.jpeg?h=225&w=225
305055439,T-Zone Tea Tree & Witch Hazel Deep Cleansing Pads 40S,https://www.tesco.com/groceries/en-GB/shop/health-and-beauty/all?department=Face%20Skincare&viewAll=department&page=,£3.50,£0.09/each,,,/groceries/en-GB/products/305055439,https://digitalcontent.api.tesco.com/v2/media/ghs/49db8b01-ac73-4463-97cc-015ba3b218ce/e1193ae2-fd3f-4b50-bad7-445f24dbb3d3_1596580979.jpeg?h=225&w=225
258964068,Simple Kind To Eyes Eye Make-Up Remover Pads 30S,https://www.tesco.com/groceries/en-GB/shop/health-and-beauty/all?department=Face%20Skincare&viewAll=department&page=,£3.20,£0.11/each,,,/groceries/en-GB/products/258964068,https://digitalcontent.api.tesco.com/v2/media/ghs/d7db154d-6f12-4aa2-a2e4-2e1a706523eb/d94af2db-5aea-42e2-8cbf-f3796a17c7b0_2046811768.jpeg?h=225&w=225
260829751,Olay Anti Wrinkle Firm & Lift Moisturiser Night Cream 50Ml,https://www.tesco.com/groceries/en-GB/shop/health-and-beauty/all?department=Face%20Skincare&viewAll=department&page=,£6.00,£12.00/100ml,,,/groceries/en-GB/products/260829751,https://digitalcontent.api.tesco.com/v2/media/ghs/411f23ec-a456-483d-9144-aba571379a76/ed2ff986-1209-4f98-995d-461766ceb324_499195764.jpeg?h=225&w=225
288608970,Nivea Daily Essential Regenerating Night Cream Normal Combination Skin 50Ml,https://www.tesco.com/groceries/en-GB/shop/health-and-beauty/all?department=Face%20Skincare&viewAll=department&page=,£3.35,£6.70/100ml,,,/groceries/en-GB/products/288608970,https://digitalcontent.api.tesco.com/v2/media/ghs/7fb0ce9d-31dd-44b6-8934-68ba61f7249f/c909e249-beb6-4f23-9ef8-f72fc9c8695a_1367867934.jpeg?h=225&w=225
308484600,Nivea Biodegradable Cleansing Wipes Sensitive Skin 25 Wipes,https://www.tesco.com/groceries/en-GB/shop/health-and-beauty/all?department=Face%20Skincare&viewAll=department&page=,£3.50,£14.00/100sht,,,/groceries/en-GB/products/308484600,https://digitalcontent.api.tesco.com/v2/media/ghs/b45d9add-7405-47ac-a9e9-324d0df89f33/8ce87e62-6363-4ac7-abdb-c17dc52eeadb_157475348.jpeg?h=225&w=225
302339852,Nivea Micellair Make Up Remover 400Ml,https://www.tesco.com/groceries/en-GB/shop/health-and-beauty/all?department=Face%20Skincare&viewAll=department&page=,£5.50,£1.38/100ml,£3.20 Clubcard Price,,/groceries/en-GB/products/302339852,https://digitalcontent.api.tesco.com/v2/media/ghs/2074a2ed-e728-413a-a95c-754a993afbb4/6268a3e9-af3f-4e14-b64c-53aa08fa4233_1312033502.jpeg?h=225&w=225
257275188,Nivea Intensive Soft Moisturising Cream 200Ml,https://www.tesco.com/groceries/en-GB/shop/health-and-beauty/all?department=Face%20Skincare&viewAll=department&page=,£3.90,£1.95/100ml,,,/groceries/en-GB/products/257275188,https://digitalcontent.api.tesco.com/v2/media/ghs/db8039ca-b3d9-4cb1-8a95-4ce0c81c283c/fc1ece5a-6d76-479a-94b8-8dcf1ecfbecf_1428442985.jpeg?h=225&w=225
252724838,L’Oreal Men Expert Hydra. Energetic Moisturiser 50Ml,https://www.tesco.com/groceries/en-GB/shop/health-and-beauty/all?department=Face%20Skincare&viewAll=department&page=,£7.50,£15.00/100ml,£5.00 Clubcard Price,,/groceries/en-GB/products/252724838,https://digitalcontent.api.tesco.com/v2/media/ghs/5ecf07cc-9e0c-4798-b5e7-485566694afa/0c3bfafe-0fd7-4ae7-af13-ec5845ddedb8_895708551.jpeg?h=225&w=225
308478464,Garnier Micellar Water Facial Cleanser Sensitive Skin 200Ml,https://www.tesco.com/groceries/en-GB/shop/health-and-beauty/all?department=Face%20Skincare&viewAll=department&page=,£4.00,£2.00/100ml,,,/groceries/en-GB/products/308478464,https://digitalcontent.api.tesco.com/v2/media/ghs/270c89dc-b4fe-4bb4-8162-09da423e85cd/16fd341f-9184-4b29-a067-507d87f1dd86_90695079.jpeg?h=225&w=225
257267584,Carmex Lip Balm 10G,https://www.tesco.com/groceries/en-GB/shop/health-and-beauty/all?department=Face%20Skincare&viewAll=department&page=,£2.70,£27.00/100g,£1.90 Clubcard Price,,/groceries/en-GB/products/257267584,https://digitalcontent.api.tesco.com/v2/media/ghs/ceced0f6-09fb-423e-bc18-ea9bad2a8bdd/bff350a8-55f4-4315-a0c2-761d339343d6_96353796.jpeg?h=225&w=225
297386762,Burt's Bees Beeswax Lip Balm 4.25G,https://www.tesco.com/groceries/en-GB/shop/health-and-beauty/all?department=Face%20Skincare&viewAll=department&page=,£4.00,£94.12/100g,£2.50 Clubcard Price,,/groceries/en-GB/products/297386762,https://digitalcontent.api.tesco.com/v2/media/ghs/1dae5533-2e33-4f8b-a5d1-00ba7dff041c/8b3c08e7-80bf-4752-8ee8-3ba2ac25fc3f_647086642.jpeg?h=225&w=225
301361099,Tesco Kind And Pure Hydrating Daily Moisturiser 75Ml,https://www.tesco.com/groceries/en-GB/shop/health-and-beauty/all?department=Face%20Skincare&viewAll=department&page=,£1.70,£2.27/100ml,,,/groceries/en-GB/products/301361099,https://digitalcontent.api.tesco.com/v2/media/ghs/e5b10075-8be3-4bf8-a0e8-de975cc711aa/b09e5ce0-5f87-457c-b64d-1f28b27f6916_801433502.jpeg?h=225&w=225
252223333,L'oreal Paris Age Perfect Cleansing Milk 200Ml,https://www.tesco.com/groceries/en-GB/shop/health-and-beauty/all?department=Face%20Skincare&viewAll=department&page=,£5.00,£2.50/100ml,£2.50 Clubcard Price,,/groceries/en-GB/products/252223333,https://digitalcontent.api.tesco.com/v2/media/ghs/c3e8572d-71eb-4fdf-8c0a-c7595500cd03/9dd823f5-87d2-4db2-a970-8eb382c76726_2146085883.jpeg?h=225&w=225
252223293,L'oreal Paris Age Perfect Refreshing Toner 200Ml,https://www.tesco.com/groceries/en-GB/shop/health-and-beauty/all?department=Face%20Skincare&viewAll=department&page=,£5.00,£2.50/100ml,£2.50 Clubcard Price,,/groceries/en-GB/products/252223293,https://digitalcontent.api.tesco.com/v2/media/ghs/22147412-8058-4464-8a1a-ecda1aa12d01/1774182a-24e1-4ab4-a9a7-454a8f7915d0_1656525445.jpeg?h=225&w=225
256154362,Nivea Rich Daily Moisturiser Cream Dry Sensitive 50Ml,https://www.tesco.com/groceries/en-GB/shop/health-and-beauty/all?department=Face%20Skincare&viewAll=department&page=,£3.15,£6.30/100ml,,,/groceries/en-GB/products/256154362,https://digitalcontent.api.tesco.com/v2/media/ghs/01402148-934a-4fe1-ba53-20bbd84edcab/96ae55fc-ea91-429e-9ff4-21d8e5aa19ac_1415057601.jpeg?h=225&w=225
305247839,Botanical Lab Neem Leaf Gentle Face Wash 150Ml,https://www.tesco.com/groceries/en-GB/shop/health-and-beauty/all?department=Face%20Skincare&viewAll=department&page=,£4.00,£2.67/100ml,,,/groceries/en-GB/products/305247839,https://digitalcontent.api.tesco.com/v2/media/ghs/6d709ea7-be0a-436c-a42c-132cd3ec869c/6339df89-7afb-4082-b0b8-7d0e910907f2_1964039553.jpeg?h=225&w=225
260829964,Olay Anti Wrinkle Firm & Lift Moisturiser Day Cream 50Ml,https://www.tesco.com/groceries/en-GB/shop/health-and-beauty/all?department=Face%20Skincare&viewAll=department&page=,£6.00,£12.00/100ml,,,/groceries/en-GB/products/260829964,https://digitalcontent.api.tesco.com/v2/media/ghs/0cb15eed-9769-47d3-8927-69abc4b4c052/7f5b52b2-9ecf-4c42-acef-e145e9de0d9d_100670671.jpeg?h=225&w=225
250653921,Blistex Intensive Moisturiser 5G,https://www.tesco.com/groceries/en-GB/shop/health-and-beauty/all?department=Face%20Skincare&viewAll=department&page=,£2.50,£50.00/100g,£1.65 Clubcard Price,,/groceries/en-GB/products/250653921,https://digitalcontent.api.tesco.com/v2/media/ghs/1520c908-0d77-4d6b-bca0-0e66127993f5/dedd6804-9389-4ee7-a725-a5873c26de78_2136647856.jpeg?h=225&w=225
305255341,T-Zone Tea Tree & Witch Hazel Shine Control Cleansing Wipes 25,https://www.tesco.com/groceries/en-GB/shop/health-and-beauty/all?department=Face%20Skincare&viewAll=department&page=,£2.00,£8.00/100sht,,,/groceries/en-GB/products/305255341,https://digitalcontent.api.tesco.com/v2/media/ghs/56b026dc-595e-4b47-9359-207f1896073e/a3aa812b-551a-4100-bd23-c5cc25b111db_236710764.jpeg?h=225&w=225
301361054,Tesco Kind And Pure Refreshing Face Scrub 150Ml,https://www.tesco.com/groceries/en-GB/shop/health-and-beauty/all?department=Face%20Skincare&viewAll=department&page=,£1.60,£1.07/100ml,,,/groceries/en-GB/products/301361054,https://digitalcontent.api.tesco.com/v2/media/ghs/255754c2-af39-4f43-8b40-48b5aa35c771/d5aa5c8e-2ecf-43a8-8367-349e402fd4fc_532021418.jpeg?h=225&w=225
305433833,Simple Clear & Matte Cleansing Wipes X20,https://www.tesco.com/groceries/en-GB/shop/health-and-beauty/all?department=Face%20Skincare&viewAll=department&page=,£2.30,£11.50/100sht,,,/groceries/en-GB/products/305433833,https://digitalcontent.api.tesco.com/v2/media/ghs/bd310271-8d03-4332-8262-9f25f5b0639d/7b0a2132-55c4-4ebb-a4f9-b6fadae7f7d1_1922051429.jpeg?h=225&w=225
303675590,L’Oreal Men Expert Hydra. Energetic Face Wash 100Ml,https://www.tesco.com/groceries/en-GB/shop/health-and-beauty/all?department=Face%20Skincare&viewAll=department&page=,£4.50,£4.50/100ml,£2.50 Clubcard Price,,/groceries/en-GB/products/303675590,https://digitalcontent.api.tesco.com/v2/media/ghs/d510f39b-0a84-4ea0-b7cd-f1d6ab9db0f6/35decb87-4329-4ff7-a93e-950af3b2602b_1584054951.jpeg?h=225&w=225
303675555,L’Oreal Men Expert Hydra. Energetic Face Scrub 100Ml,https://www.tesco.com/groceries/en-GB/shop/health-and-beauty/all?department=Face%20Skincare&viewAll=department&page=,£4.50,£4.50/100ml,£2.50 Clubcard Price,,/groceries/en-GB/products/303675555,https://digitalcontent.api.tesco.com/v2/media/ghs/c15d7b34-21ec-41e6-8f4d-c533da32e027/f515bf51-8c36-4751-8f09-d49e52af9418_952136969.jpeg?h=225&w=225
294135074,Garnier Moisture Bomb Hydrating Face Mask Pomegranate,https://www.tesco.com/groceries/en-GB/shop/health-and-beauty/all?department=Face%20Skincare&viewAll=department&page=,£1.99,£7.11/100g,,,/groceries/en-GB/products/294135074,https://digitalcontent.api.tesco.com/v2/media/ghs/b2089ec9-dd90-4167-9f60-5d5089aa39ac/6905c749-003c-4d41-a5c1-97687e2976b8_215780267.jpeg?h=225&w=225
255550891,Witch Stick 10G,https://www.tesco.com/groceries/en-GB/shop/health-and-beauty/all?department=Face%20Skincare&viewAll=department&page=,£1.85,£18.50/100g,,,/groceries/en-GB/products/255550891,https://digitalcontent.api.tesco.com/v2/media/ghs/75cc852b-d9f1-4dff-bb58-47fc02ecb2c0/14666567-932c-4557-84d6-f3605672cc2f_672549314.jpeg?h=225&w=225
305253441,Masking Detoxing Charcoal & Menthol Face Mask 20Ml,https://www.tesco.com/groceries/en-GB/shop/health-and-beauty/all?department=Face%20Skincare&viewAll=department&page=,£1.00,£5.00/100ml,,,/groceries/en-GB/products/305253441,https://digitalcontent.api.tesco.com/v2/media/ghs/67f0a3d3-6f7f-40a4-b88e-e22efdabb5ff/ac2768f2-f7ac-4aac-8c2a-73fda38189c0_913153385.jpeg?h=225&w=225
305038662,Masking Lavender & Chamomile Sheet Face Mask 20Ml,https://www.tesco.com/groceries/en-GB/shop/health-and-beauty/all?department=Face%20Skincare&viewAll=department&page=,£1.00,£5.00/100ml,,,/groceries/en-GB/products/305038662,https://digitalcontent.api.tesco.com/v2/media/ghs/7cdb7251-2f87-4d0c-a412-95aaf08129f0/5ecbaef9-260b-4dee-9bff-6074b631f7aa_17621980.jpeg?h=225&w=225
305054383,Masking Beautifying Rose Green Tea Mask 20Ml,https://www.tesco.com/groceries/en-GB/shop/health-and-beauty/all?department=Face%20Skincare&viewAll=department&page=,£1.00,£5.00/100ml,,,/groceries/en-GB/products/305054383,https://digitalcontent.api.tesco.com/v2/media/ghs/357d8f0e-66d2-4f19-a0ea-f7045ecb9a34/d6cafd27-60f4-49e8-a845-a544e94795af_1017152130.jpeg?h=225&w=225
307747453,Masking Soothing Under Eye Mask Aloe Vera 2X4ml,https://www.tesco.com/groceries/en-GB/shop/health-and-beauty/all?department=Face%20Skincare&viewAll=department&page=,£1.00,£12.50/100ml,,,/groceries/en-GB/products/307747453,https://digitalcontent.api.tesco.com/v2/media/ghs/3c31a683-3bf7-4626-9b0d-667255fc6470/75b6cc10-4a5c-4a23-93a9-4f72b64b9a54_1866643155.jpeg?h=225&w=225
305248920,Masking Reviving Orange Flower & Ginger Mask 20Ml,https://www.tesco.com/groceries/en-GB/shop/health-and-beauty/all?department=Face%20Skincare&viewAll=department&page=,£1.00,£5.00/100ml,,,/groceries/en-GB/products/305248920,https://digitalcontent.api.tesco.com/v2/media/ghs/fe905277-76bb-4658-809e-ced27bd1983c/14420dcb-ab61-47e2-b939-ca94f8e4cfe0_639659744.jpeg?h=225&w=225
257972138,Vaseline Lip Therapy Rosy Lips 20G,https://www.tesco.com/groceries/en-GB/shop/health-and-beauty/all?department=Face%20Skincare&viewAll=department&page=,£1.00,£5.00/100g,,,/groceries/en-GB/products/257972138,https://digitalcontent.api.tesco.com/v2/media/ghs/e14f7100-89b5-4595-9b73-c91f36ca3a5d/ddcf6bbe-1cde-4e9d-b2e1-eacbec930f96_1725484727.jpeg?h=225&w=225
310156825,Masking Sheet Aloe Vera & Cucumber Face Mask 20Ml,https://www.tesco.com/groceries/en-GB/shop/health-and-beauty/all?department=Face%20Skincare&viewAll=department&page=,£1.00,£5.00/100ml,,,/groceries/en-GB/products/310156825,https://digitalcontent.api.tesco.com/v2/media/ghs/fd490251-1fe8-4827-be4d-1ebbb1a5c4b3/de68f8ab-91d9-4110-bfaa-edc1a9878ed6_1750347099.jpeg?h=225&w=225
259667580,Nivea Men Exfoliating Face Scrub 75Ml,https://www.tesco.com/groceries/en-GB/shop/health-and-beauty/all?department=Face%20Skincare&viewAll=department&page=,£2.39,£3.19/100ml,,,/groceries/en-GB/products/259667580,https://digitalcontent.api.tesco.com/v2/media/ghs/5bdddd76-a361-43d7-9ab5-88ea737695ed/479a9e95-d361-4fd0-b14e-2f5b1f4ff872_634862153.jpeg?h=225&w=225
310159767,Nivea Cellular Hyaluronic Acid Serum 30Ml,https://www.tesco.com/groceries/en-GB/shop/health-and-beauty/all?department=Face%20Skincare&viewAll=department&page=,£15.00,£50.00/100ml,£7.50 Clubcard Price,,/groceries/en-GB/products/310159767,https://digitalcontent.api.tesco.com/v2/media/ghs/4073a5c5-c4ab-4c3a-a101-66b5bd5757fe/760e3b35-5467-45a9-9e8a-daaa2d92a86d_930402919.jpeg?h=225&w=225
252076316,L'oreal Paris Revitalift Night Cream 50Ml,https://www.tesco.com/groceries/en-GB/shop/health-and-beauty/all?department=Face%20Skincare&viewAll=department&page=,£13.00,£26.00/100ml,,,/groceries/en-GB/products/252076316,https://digitalcontent.api.tesco.com/v2/media/ghs/9ce32b8d-f6b6-4810-aa09-7297f8504903/0e1c1d3c-0a77-40a8-8ee0-981c461db51c_487535973.jpeg?h=225&w=225
302340227,Nivea Q10 Power Age Spot Cream Spf 30 50Ml,https://www.tesco.com/groceries/en-GB/shop/health-and-beauty/all?department=Face%20Skincare&viewAll=department&page=,£13.00,£26.00/100ml,£6.45 Clubcard Price,,/groceries/en-GB/products/302340227,https://digitalcontent.api.tesco.com/v2/media/ghs/ff896b5b-8272-4597-8e4c-3263ea3677ce/85e34734-bf28-4ba0-9bc6-21e82074ebf4_125708130.jpeg?h=225&w=225
291684764,Nivea Sun Face Cream Anti-Aging F50+ 50Ml,https://www.tesco.com/groceries/en-GB/shop/health-and-beauty/all?department=Face%20Skincare&viewAll=department&page=,£7.40,£14.80/100ml,,,/groceries/en-GB/products/291684764,https://digitalcontent.api.tesco.com/v2/media/ghs/1954be94-1ae7-4ec7-a18c-c794d626404d/d9878b31-5510-4f9c-940b-dd833b24f482_972040179.jpeg?h=225&w=225
259615588,Bulldog Original Moisturiser 100Ml,https://www.tesco.com/groceries/en-GB/shop/health-and-beauty/all?department=Face%20Skincare&viewAll=department&page=,£6.30,£6.30/100ml,,,/groceries/en-GB/products/259615588,https://digitalcontent.api.tesco.com/v2/media/ghs/73d0013c-5fac-4ed7-a843-2a5db82032ce/269d34fb-d165-41b6-8139-4ceedde0f2ef_1565285785.jpeg?h=225&w=225
287593900,Nivea Men Moisturiser 150Ml,https://www.tesco.com/groceries/en-GB/shop/health-and-beauty/all?department=Face%20Skincare&viewAll=department&page=,£5.75,£3.84/100ml,,,/groceries/en-GB/products/287593900,https://digitalcontent.api.tesco.com/v2/media/ghs/a57d4995-accc-42a9-abb7-b253bc2ddc28/80e0015c-c428-4a6f-a9e4-f16866c0fa00_390748146.jpeg?h=225&w=225
305248753,Simple Triple Protect Moisturiser Spf 30 40Ml,https://www.tesco.com/groceries/en-GB/shop/health-and-beauty/all?department=Face%20Skincare&viewAll=department&page=,£7.00,£17.50/100ml,,,/groceries/en-GB/products/305248753,https://digitalcontent.api.tesco.com/v2/media/ghs/05eff6f5-69af-451c-a8e3-8a3525910801/d95b443c-95e0-4d68-b380-b5f1ef13d2a8_429827618.jpeg?h=225&w=225
254800649,Clean & Clear Blackhead Cleanser 200Ml,https://www.tesco.com/groceries/en-GB/shop/health-and-beauty/all?department=Face%20Skincare&viewAll=department&page=,£4.50,£2.25/100ml,,,/groceries/en-GB/products/254800649,https://digitalcontent.api.tesco.com/v2/media/ghs/af264826-1590-4800-a1a6-31b29efa3db7/613f3607-ea42-4453-a1c0-fe04b999f6bf_556370659.jpeg?h=225&w=225
258874368,Nivea Men Rehydrating Moisturiser 75Ml,https://www.tesco.com/groceries/en-GB/shop/health-and-beauty/all?department=Face%20Skincare&viewAll=department&page=,£6.00,£8.00/100ml,,,/groceries/en-GB/products/258874368,https://digitalcontent.api.tesco.com/v2/media/ghs/b7f0f01d-a979-4a33-838a-b5ae0b1256d4/65c11dae-cbfe-40d1-beec-29cd5d26a26e_1159682544.jpeg?h=225&w=225
287605364,Rock Face Moisturiser 100Ml,https://www.tesco.com/groceries/en-GB/shop/health-and-beauty/all?department=Face%20Skincare&viewAll=department&page=,£5.50,£5.50/100ml,£3.85 Clubcard Price,,/groceries/en-GB/products/287605364,https://digitalcontent.api.tesco.com/v2/media/ghs/443731cf-3ed9-440b-8169-34632b8a6377/47e7837b-74f5-42e9-b1b0-5d65e45e5261_1465586828.jpeg?h=225&w=225
255337499,Nivea Creme 200Ml,https://www.tesco.com/groceries/en-GB/shop/health-and-beauty/all?department=Face%20Skincare&viewAll=department&page=,£4.25,£2.13/100ml,,,/groceries/en-GB/products/255337499,https://digitalcontent.api.tesco.com/v2/media/ghs/a9908866-ed7d-4dc9-90a2-d6f631d44a40/76374022-ab49-4f90-ac97-286ea56ba1f9_967284994.jpeg?h=225&w=225
260830092,Olay Anti Wrinkle Firm & Lift Day Moisturiser Spf 15 100Ml,https://www.tesco.com/groceries/en-GB/shop/health-and-beauty/all?department=Face%20Skincare&viewAll=department&page=,£6.00,£6.00/100ml,,,/groceries/en-GB/products/260830092,https://digitalcontent.api.tesco.com/v2/media/ghs/13a01466-d2d7-4393-93b7-53a435ee4d9f/60399ca9-4cd4-4831-ba0a-62bf44f72de8_1909797555.jpeg?h=225&w=225
256688162,Olay Complete Care Day Cream Moisturiser Spf 15 50Ml,https://www.tesco.com/groceries/en-GB/shop/health-and-beauty/all?department=Face%20Skincare&viewAll=department&page=,£6.00,£12.00/100ml,,,/groceries/en-GB/products/256688162,https://digitalcontent.api.tesco.com/v2/media/ghs/d22991b5-5087-46e3-aa4b-ebbf92e017ad/c1f141e3-46ee-4ce0-b267-8ea1e9e9131d_2028976463.jpeg?h=225&w=225
258097155,Olay Complete Care Day Cream Moisturiser Sensitive Spf 15 50Ml,https://www.tesco.com/groceries/en-GB/shop/health-and-beauty/all?department=Face%20Skincare&viewAll=department&page=,£6.00,£12.00/100ml,,,/groceries/en-GB/products/258097155,https://digitalcontent.api.tesco.com/v2/media/ghs/1b43e767-3768-4e39-b5a5-e771311c1ee6/2d6654e3-d7b1-44d6-ba03-f579d345fcc2_1234410495.jpeg?h=225&w=225
260090027,Olay Complete Care Moisturiser Everyday Sun Cream Light Glow 50Ml,https://www.tesco.com/groceries/en-GB/shop/health-and-beauty/all?department=Face%20Skincare&viewAll=department&page=,£6.00,£12.00/100ml,,,/groceries/en-GB/products/260090027,https://digitalcontent.api.tesco.com/v2/media/ghs/9ef687a3-595a-4d0a-8a02-f821d9fc6dd8/4ceee323-d94e-46a2-9257-f50ee9fc84c7_2147471116.jpeg?h=225&w=225
268613331,Olay Anti Wrinkle Firm & Lift 2 In 1 Cream & Serum 50Ml,https://www.tesco.com/groceries/en-GB/shop/health-and-beauty/all?department=Face%20Skincare&viewAll=department&page=,£6.00,£12.00/100ml,,,/groceries/en-GB/products/268613331,https://digitalcontent.api.tesco.com/v2/media/ghs/f8a6b347-307c-410f-b358-978ff2d3d096/50333fea-fa04-481e-a9cd-bce23b2616c5_1331491432.jpeg?h=225&w=225
305043822,Simple Instant Glow Cleansing Wipes X20,https://www.tesco.com/groceries/en-GB/shop/health-and-beauty/all?department=Face%20Skincare&viewAll=department&page=,£4.00,£20.00/100sht,,,/groceries/en-GB/products/305043822,https://digitalcontent.api.tesco.com/v2/media/ghs/7b4b1637-2a13-419e-ace3-21bd4911ed83/58732d63-372b-4f20-a2a0-88dd04f573fc_395122077.jpeg?h=225&w=225
255528423,Simple Age Resisting Night Cream 50Ml,https://www.tesco.com/groceries/en-GB/shop/health-and-beauty/all?department=Face%20Skincare&viewAll=department&page=,£4.00,£8.00/100ml,,,/groceries/en-GB/products/255528423,https://digitalcontent.api.tesco.com/v2/media/ghs/1ded9300-0541-4f42-8603-3aa3c065f699/ec9bb5a7-0b3f-4111-9d9e-5fa16971d4e0_1010992555.jpeg?h=225&w=225
287840862,Biore Charcoal Cleanser 200Ml,https://www.tesco.com/groceries/en-GB/shop/health-and-beauty/all?department=Face%20Skincare&viewAll=department&page=,£5.00,£2.50/100ml,£3.35 Clubcard Price,,/groceries/en-GB/products/287840862,https://digitalcontent.api.tesco.com/v2/media/ghs/61efeec0-d117-4f87-b1be-589c4f4b2930/963b878a-5bda-47dc-8432-791e15d48618_432137700.jpeg?h=225&w=225
302339679,Simple Water Boost Micellar Gel Wash 150Ml,https://www.tesco.com/groceries/en-GB/shop/health-and-beauty/all?department=Face%20Skincare&viewAll=department&page=,£5.00,£3.34/100ml,£3.35 Clubcard Price,,/groceries/en-GB/products/302339679,https://digitalcontent.api.tesco.com/v2/media/ghs/117df5a3-b28a-49b8-b085-c4a7f5bb51c3/304a6955-d9b5-4c83-bec7-7a5a48bb7cd9_861261019.jpeg?h=225&w=225
302339247,Nivea Creme 400Ml,https://www.tesco.com/groceries/en-GB/shop/health-and-beauty/all?department=Face%20Skincare&viewAll=department&page=,£4.00,£1.00/100ml,,,/groceries/en-GB/products/302339247,https://digitalcontent.api.tesco.com/v2/media/ghs/a334ac31-095c-45ee-a82c-931432ae5232/2d1a4cb2-dbfd-4b97-af14-f58eeee23a4f_1244276122.jpeg?h=225&w=225
305253700,Olay Cleanse Foaming Face Cleansing Jelly Wash 150Ml,https://www.tesco.com/groceries/en-GB/shop/health-and-beauty/all?department=Face%20Skincare&viewAll=department&page=,£4.00,£2.67/100ml,,,/groceries/en-GB/products/305253700,https://digitalcontent.api.tesco.com/v2/media/ghs/c463ef59-84dc-4432-b8d5-9b9b9d0321fd/ab1d58a8-b316-4e06-a945-f40d8eb794bb_1957641953.jpeg?h=225&w=225
273898302,Nivea Daily Essentials Scrub 150Ml,https://www.tesco.com/groceries/en-GB/shop/health-and-beauty/all?department=Face%20Skincare&viewAll=department&page=,£3.00,£2.00/100ml,,,/groceries/en-GB/products/273898302,https://digitalcontent.api.tesco.com/v2/media/ghs/ee0cd7ed-b3ee-494c-a7bf-72a1086c6308/88846ace-2060-4ce0-96a2-4945b9c74e0f_263989019.jpeg?h=225&w=225
297386802,Burt's Bees Ultra Conditioning Lip Balm 4.25G,https://www.tesco.com/groceries/en-GB/shop/health-and-beauty/all?department=Face%20Skincare&viewAll=department&page=,£4.00,£94.12/100g,£2.50 Clubcard Price,,/groceries/en-GB/products/297386802,https://digitalcontent.api.tesco.com/v2/media/ghs/9c64f58e-e617-45d2-a5f4-f4b309e3f83c/e36451ee-946b-4680-a559-5214d7c65761_1471947925.jpeg?h=225&w=225
295036178,Blistex Intensive Lip Moisturiser Cherry 6Ml,https://www.tesco.com/groceries/en-GB/shop/health-and-beauty/all?department=Face%20Skincare&viewAll=department&page=,£2.50,£41.67/100ml,£1.65 Clubcard Price,,/groceries/en-GB/products/295036178,https://digitalcontent.api.tesco.com/v2/media/ghs/cff982e1-d34b-46f2-b2a1-d4e0ee5668fd/c509069e-4b92-437a-9bce-ecbee082f6eb_979564413.jpeg?h=225&w=225
251465952,Clean & Clear Dual Action Moisturiser 100Ml,https://www.tesco.com/groceries/en-GB/shop/health-and-beauty/all?department=Face%20Skincare&viewAll=department&page=,£3.50,£3.50/100ml,,,/groceries/en-GB/products/251465952,https://digitalcontent.api.tesco.com/v2/media/ghs/f56927a4-a934-453e-af5f-2dc89ee641f2/48a079ee-b7b3-4179-a751-6be111dbd121_1004946595.jpeg?h=225&w=225
255724467,Simple Age Resisting Facial Wash 150Ml,https://www.tesco.com/groceries/en-GB/shop/health-and-beauty/all?department=Face%20Skincare&viewAll=department&page=,£3.35,£2.24/100ml,,,/groceries/en-GB/products/255724467,https://digitalcontent.api.tesco.com/v2/media/ghs/82e819f3-8098-46d1-9b81-d26ad44d2d57/bc9272a9-90cd-4d1d-baeb-13e080f9a8ff_1882260817.jpeg?h=225&w=225
306492933,Carmex Moisturising Lip Balm Peach & Mango Burst 10G,https://www.tesco.com/groceries/en-GB/shop/health-and-beauty/all?department=Face%20Skincare&viewAll=department&page=,£2.70,£27.00/100g,£1.90 Clubcard Price,,/groceries/en-GB/products/306492933,https://digitalcontent.api.tesco.com/v2/media/ghs/1c4ea114-06a7-4c6f-ab00-1dab2d4c6483/8f9fce1e-75ce-42fe-be6d-867f3d2fca0a_242744358.jpeg?h=225&w=225
258810429,Olay Double Action Day & Night Cream Sensitive 50Ml,https://www.tesco.com/groceries/en-GB/shop/health-and-beauty/all?department=Face%20Skincare&viewAll=department&page=,£5.00,£10.00/100ml,,,/groceries/en-GB/products/258810429,https://digitalcontent.api.tesco.com/v2/media/ghs/036aae55-0088-4bac-87d2-244405e93a5d/b166d9e1-5c65-45c9-b8a3-6b65cb4524ae_1871411352.jpeg?h=225&w=225
265317976,L'oreal Paris Triple Active Day Dry Moisutriser 50Ml,https://www.tesco.com/groceries/en-GB/shop/health-and-beauty/all?department=Face%20Skincare&viewAll=department&page=,£4.00,£8.00/100ml,,,/groceries/en-GB/products/265317976,https://digitalcontent.api.tesco.com/v2/media/ghs/326a0810-fa04-40bb-9b85-a3c51950c25c/ab42efdd-d44d-46e3-af48-cf820addacc7_1165757875.jpeg?h=225&w=225
300884934,Yes To Grapefruit Mud Mask 4Ml,https://www.tesco.com/groceries/en-GB/shop/health-and-beauty/all?department=Face%20Skincare&viewAll=department&page=,£3.00,£75.00/100ml,,,/groceries/en-GB/products/300884934,https://digitalcontent.api.tesco.com/v2/media/ghs/2f7d7b23-9acc-4d37-8b59-13e857394a0a/62c1285e-ae0e-4321-9f7e-ac529ea30986_1992417137.jpeg?h=225&w=225
258833483,Nivea Lotion Normal Skin 250Ml,https://www.tesco.com/groceries/en-GB/shop/health-and-beauty/all?department=Face%20Skincare&viewAll=department&page=,£2.55,£1.02/100ml,,,/groceries/en-GB/products/258833483,https://digitalcontent.api.tesco.com/v2/media/ghs/43b46695-d415-4ee4-a930-4d314bca73b8/1856ab8d-d48a-4fa9-a411-0fd2e170637b_74973783.jpeg?h=225&w=225
301361077,Tesco Kind And Pure Refreshing Daily Moisture Spf 15 75Ml,https://www.tesco.com/groceries/en-GB/shop/health-and-beauty/all?department=Face%20Skincare&viewAll=department&page=,£1.70,£2.27/100ml,,,/groceries/en-GB/products/301361077,https://digitalcontent.api.tesco.com/v2/media/ghs/0bb03af0-461b-48b1-a299-f3607aa9ad58/22b8c3d5-b715-43da-94b8-dfef0baa569f_569126283.jpeg?h=225&w=225
308852948,Simple Kind To Skin Soothing Eye Balm 15Ml,https://www.tesco.com/groceries/en-GB/shop/health-and-beauty/all?department=Face%20Skincare&viewAll=department&page=,£2.50,£16.67/100ml,,,/groceries/en-GB/products/308852948,https://digitalcontent.api.tesco.com/v2/media/ghs/4101a2de-f289-4aff-a7e6-5da0f4639c2b/3ae1c846-dc26-4182-b40c-39f2d3acd457_431702220.jpeg?h=225&w=225
268739355,Dabur Rose Water 250Ml,https://www.tesco.com/groceries/en-GB/shop/health-and-beauty/all?department=Face%20Skincare&viewAll=department&page=,£1.50,£0.60/100ml,,,/groceries/en-GB/products/268739355,https://digitalcontent.api.tesco.com/v2/media/ghs/58148cf7-8d5e-4794-ac0e-9538311ba9c5/4b63176d-22d4-4193-bdae-742157ff23a8_111987629.jpeg?h=225&w=225
261456619,Garnier Ultralift Day Cream Spf 15 50Ml,https://www.tesco.com/groceries/en-GB/shop/health-and-beauty/all?department=Face%20Skincare&viewAll=department&page=,£5.00,£10.00/100ml,,,/groceries/en-GB/products/261456619,https://digitalcontent.api.tesco.com/v2/media/ghs/cfb58c80-68d9-4074-89ef-f061ea96882c/39fc7461-6524-4bbe-a21f-4ea376346526_675558868.jpeg?h=225&w=225
302371622,Simple Water Boost Reviving Eye Hydrogel Mask,https://www.tesco.com/groceries/en-GB/shop/health-and-beauty/all?department=Face%20Skincare&viewAll=department&page=,£2.00,£1.00/each,,,/groceries/en-GB/products/302371622,https://digitalcontent.api.tesco.com/v2/media/ghs/79c2cf98-e30a-493a-8fdf-1c5acba2f999/fb346524-f9d2-438d-9434-f6451f63bf7d_159512042.jpeg?h=225&w=225
303675532,L'oreal Men Expert Charcoal Face Scrub 100Ml,https://www.tesco.com/groceries/en-GB/shop/health-and-beauty/all?department=Face%20Skincare&viewAll=department&page=,£4.50,£4.50/100ml,£2.50 Clubcard Price,,/groceries/en-GB/products/303675532,https://digitalcontent.api.tesco.com/v2/media/ghs/e178fc32-591f-4b38-a533-9033a5aff687/a48f0463-6f16-4b54-9be7-32d52f1a719f_1770468506.jpeg?h=225&w=225
303675519,L’Oreal Men Expert Charcoal Face Wash 100Ml,https://www.tesco.com/groceries/en-GB/shop/health-and-beauty/all?department=Face%20Skincare&viewAll=department&page=,£4.50,£4.50/100ml,£2.50 Clubcard Price,,/groceries/en-GB/products/303675519,https://digitalcontent.api.tesco.com/v2/media/ghs/3110a1f3-25d1-4049-8d40-3f77390700e9/2d92e36e-19e0-4ea9-9da7-24a447c6ef65_445905078.jpeg?h=225&w=225
297631812,Garnier Moisture Bomb Hydrating Face Mask Chamomile,https://www.tesco.com/groceries/en-GB/shop/health-and-beauty/all?department=Face%20Skincare&viewAll=department&page=,£1.99,£7.11/100g,,,/groceries/en-GB/products/297631812,https://digitalcontent.api.tesco.com/v2/media/ghs/a58b9bac-686e-4c9e-8d37-4325c4e3df71/a2eb5fa2-ab03-4b66-b8e1-478532474a6f_1392253438.jpeg?h=225&w=225
299156755,Garnier Charcoal/Algae Face Mask 28G,https://www.tesco.com/groceries/en-GB/shop/health-and-beauty/all?department=Face%20Skincare&viewAll=department&page=,£1.99,£7.11/100g,,,/groceries/en-GB/products/299156755,https://digitalcontent.api.tesco.com/v2/media/ghs/a54d9e3b-0647-43ec-8e4c-980f013328c2/33ea7d9a-8928-4fc9-bb41-b6664407e14e_917820674.jpeg?h=225&w=225
297631455,Garnier Mstur/B Bomb Hydrating Face Mask Lavender,https://www.tesco.com/groceries/en-GB/shop/health-and-beauty/all?department=Face%20Skincare&viewAll=department&page=,£1.99,£7.11/100g,,,/groceries/en-GB/products/297631455,https://digitalcontent.api.tesco.com/v2/media/ghs/f5abee4f-501f-49ab-af2d-9369224ca195/4282025d-ca9b-4d52-90e2-746d4411e7c3_1189664061.jpeg?h=225&w=225
296639932,Garnier Moisture Bomb Hydrating Face Mask Green Tea,https://www.tesco.com/groceries/en-GB/shop/health-and-beauty/all?department=Face%20Skincare&viewAll=department&page=,£1.99,£7.11/100g,,,/groceries/en-GB/products/296639932,https://digitalcontent.api.tesco.com/v2/media/ghs/03d68824-d402-41dd-aba4-4bdb5fad2f88/f1950d39-3d15-496b-b216-b5c3fb14e84e_1355582423.jpeg?h=225&w=225
291301907,L'oreal Paris Wrinkle Expert 55+ Calcium Day Cream 50Ml,https://www.tesco.com/groceries/en-GB/shop/health-and-beauty/all?department=Face%20Skincare&viewAll=department&page=,£5.00,£10.00/100ml,,,/groceries/en-GB/products/291301907,https://digitalcontent.api.tesco.com/v2/media/ghs/55598c4e-7bd5-482f-ae56-558c1ad65615/8b2dc099-4b9b-4ad9-8ff3-200eb13e00e8_2060980480.jpeg?h=225&w=225
305045139,L'oreal Paris Wrinkle Expert 65+ Night Cream 50Ml,https://www.tesco.com/groceries/en-GB/shop/health-and-beauty/all?department=Face%20Skincare&viewAll=department&page=,£5.00,£10.00/100ml,,,/groceries/en-GB/products/305045139,https://digitalcontent.api.tesco.com/v2/media/ghs/8fe05d98-e12d-449a-9d29-68e292148f83/574488cf-18e1-4eae-ac58-13faa594d14f_1832141983.jpeg?h=225&w=225
311688516,L'oreal Paris Wrinkle Expert Anti Wrinkle Intensive Spf20 Cream 50Ml,https://www.tesco.com/groceries/en-GB/shop/health-and-beauty/all?department=Face%20Skincare&viewAll=department&page=,£5.00,£10.00/100ml,,New,/groceries/en-GB/products/311688516,https://digitalcontent.api.tesco.com/v2/media/ghs/38b7604b-837a-40db-a1c0-fcd5aac1a1e8/2085fd5a-8e21-4c10-b8dd-7fb1d29655ca_2016022225.jpeg?h=225&w=225
307146801,Nivea Q10 Energy Recharging Night Cream 50Ml,https://www.tesco.com/groceries/en-GB/shop/health-and-beauty/all?department=Face%20Skincare&viewAll=department&page=,£13.00,£26.00/100ml,,,/groceries/en-GB/products/307146801,https://digitalcontent.api.tesco.com/v2/media/ghs/5e7506c9-e788-4b54-a365-1ebc9b812ad1/ee0a8ba3-2dce-4969-bc57-5ac2daa51a15_255819390.jpeg?h=225&w=225
297745430,Nivea Q10 Plus C Energy Day Care Spf 15 50Ml,https://www.tesco.com/groceries/en-GB/shop/health-and-beauty/all?department=Face%20Skincare&viewAll=department&page=,£13.00,£26.00/100ml,,,/groceries/en-GB/products/297745430,https://digitalcontent.api.tesco.com/v2/media/ghs/39e73859-9fee-4b56-b29b-42f234d1aa96/efcccf2b-2466-4cd3-bb8b-1399b1a7be6b_12503677.jpeg?h=225&w=225
254806107,L'oreal Paris Age Perfect Rehydrating Eye Cream 15Ml,https://www.tesco.com/groceries/en-GB/shop/health-and-beauty/all?department=Face%20Skincare&viewAll=department&page=,£13.00,£86.67/100ml,£6.50 Clubcard Price,,/groceries/en-GB/products/254806107,https://digitalcontent.api.tesco.com/v2/media/ghs/aeeff4ce-2e92-40ff-9183-8b8e42dce309/3c4d0c07-f152-4005-b97a-1dfbccf3760f_612649310.jpeg?h=225&w=225
308489071,Garnier Skin Active Micellar Water Rose 400Ml,https://www.tesco.com/groceries/en-GB/shop/health-and-beauty/all?department=Face%20Skincare&viewAll=department&page=,£7.00,£1.75/100ml,,,/groceries/en-GB/products/308489071,https://digitalcontent.api.tesco.com/v2/media/ghs/8bd92001-b32d-4793-a4b4-db8d60471547/17443158-aef6-44f9-89f0-995611595285_1941149429.jpeg?h=225&w=225
293970094,Cetaphil Gentle Skin Cleanser 236Ml,https://www.tesco.com/groceries/en-GB/shop/health-and-beauty/all?department=Face%20Skincare&viewAll=department&page=,£10.00,£4.24/100ml,£7.50 Clubcard Price,,/groceries/en-GB/products/293970094,https://digitalcontent.api.tesco.com/v2/media/ghs/70f1728b-7159-4d44-becb-552410f9fa84/b11ffb79-d5e1-4dac-95f5-de6de69c8479_910226332.jpeg?h=225&w=225
289745315,Garnier Micellar Water Combination 400Ml,https://www.tesco.com/groceries/en-GB/shop/health-and-beauty/all?department=Face%20Skincare&viewAll=department&page=,£6.00,£1.50/100ml,,,/groceries/en-GB/products/289745315,https://digitalcontent.api.tesco.com/v2/media/ghs/75e8b95a-5355-4454-b636-bf0129d2a5a8/0c49aaa6-c30b-4e89-ac4b-98149d053d5b_1171367129.jpeg?h=225&w=225
311257439,Aveeno Face Calm Restore Nourishing Oat Cleanser 200Ml,https://www.tesco.com/groceries/en-GB/shop/health-and-beauty/all?department=Face%20Skincare&viewAll=department&page=,£8.00,£4.00/100ml,£5.30 Clubcard Price,,/groceries/en-GB/products/311257439,https://digitalcontent.api.tesco.com/v2/media/ghs/d1977b03-6551-4007-b4cd-3af110d22eba/ba027b93-7bb7-4c6d-bfa0-9b6dc8c44cb1_1325592491.jpeg?h=225&w=225
302347623,Simple Face Purifying Skin Wash 150Ml,https://www.tesco.com/groceries/en-GB/shop/health-and-beauty/all?department=Face%20Skincare&viewAll=department&page=,£4.80,£3.20/100ml,,,/groceries/en-GB/products/302347623,https://digitalcontent.api.tesco.com/v2/media/ghs/946325e6-d616-4ce1-b2b0-0f21f8edbc38/d145aeef-ae11-412b-8d8a-2f58a77b0b00_992256527.jpeg?h=225&w=225
259429413,Neutrogena Visibly Clear Spot Scrub 150Ml,https://www.tesco.com/groceries/en-GB/shop/health-and-beauty/all?department=Face%20Skincare&viewAll=department&page=,£5.00,£3.34/100ml,,,/groceries/en-GB/products/259429413,https://digitalcontent.api.tesco.com/v2/media/ghs/4534d24f-5801-4214-adc9-9c9a81d3b80f/6f1bd44d-2130-4f31-8a9e-43e5d8c046a9_338660174.jpeg?h=225&w=225
266078932,Bulldog Sensitive Moisturiser 100Ml,https://www.tesco.com/groceries/en-GB/shop/health-and-beauty/all?department=Face%20Skincare&viewAll=department&page=,£6.30,£6.30/100ml,,,/groceries/en-GB/products/266078932,https://digitalcontent.api.tesco.com/v2/media/ghs/c019bab5-2563-40ec-b2b1-f46f7640b2f5/5298bb70-745e-4082-ba1e-8172420e2b91_663173727.jpeg?h=225&w=225
305255197,Nip+Fab Purify Salicylic Fix Concentrate 30Ml,https://www.tesco.com/groceries/en-GB/shop/health-and-beauty/all?department=Face%20Skincare&viewAll=department&page=,£20.00,£66.67/100ml,,,/groceries/en-GB/products/305255197,https://digitalcontent.api.tesco.com/v2/media/ghs/a67f6085-2223-4bef-b09a-e14dc4e97576/2353a870-a673-4b6f-a975-b3fa1146cf0b_1763981283.jpeg?h=225&w=225
262366309,Clearasil Ultra Rapid Action Scrub 125Ml,https://www.tesco.com/groceries/en-GB/shop/health-and-beauty/all?department=Face%20Skincare&viewAll=department&page=,£5.50,£4.40/100ml,,,/groceries/en-GB/products/262366309,https://digitalcontent.api.tesco.com/v2/media/ghs/89ae9f38-bb5c-4348-8828-99c62ddf2c84/379f8684-81e0-43f1-bf23-3faebc136f89_1934163141.jpeg?h=225&w=225
271317015,L’Oreal Men Expert Vita Lift 5 Moisturiser 50Ml,https://www.tesco.com/groceries/en-GB/shop/health-and-beauty/all?department=Face%20Skincare&viewAll=department&page=,£12.00,£24.00/100ml,£7.00 Clubcard Price,,/groceries/en-GB/products/271317015,https://digitalcontent.api.tesco.com/v2/media/ghs/8b79b8f2-601e-4d45-b76c-b02f287fdec2/be0815ad-a374-4fe4-a321-f1f4d0d8189c_1822869652.jpeg?h=225&w=225
256322031,Clean & Clear Blackhead Daily Scrub 150Ml,https://www.tesco.com/groceries/en-GB/shop/health-and-beauty/all?department=Face%20Skincare&viewAll=department&page=,£4.50,£3.00/100ml,,,/groceries/en-GB/products/256322031,https://digitalcontent.api.tesco.com/v2/media/ghs/0f406138-5287-40f5-9f27-520ce270b5fe/34f6d7e4-be6b-459e-822d-31d00f89fae2_911019509.jpeg?h=225&w=225
259667735,Nivea Men Sensitive Face Wash 100Ml,https://www.tesco.com/groceries/en-GB/shop/health-and-beauty/all?department=Face%20Skincare&viewAll=department&page=,£4.80,£4.80/100ml,,,/groceries/en-GB/products/259667735,https://digitalcontent.api.tesco.com/v2/media/ghs/f982d3bc-92d3-4ea3-94da-789a6d4ecebc/4aa3ab7f-0c11-4938-9860-ef3c213c15e7_1804547191.jpeg?h=225&w=225
266834775,Neutrogena Visibly Clear Pink Grapefruit Face Scrub 150Ml,https://www.tesco.com/groceries/en-GB/shop/health-and-beauty/all?department=Face%20Skincare&viewAll=department&page=,£5.00,£3.34/100ml,,,/groceries/en-GB/products/266834775,https://digitalcontent.api.tesco.com/v2/media/ghs/7de8fc96-99be-43d1-b43f-e3baf3eefe82/86603031-2f09-4da3-9a94-585202d21cdf_949906083.jpeg?h=225&w=225
266189109,T-Zone Instant Fix Nose Pore Strips 6'S,https://www.tesco.com/groceries/en-GB/shop/health-and-beauty/all?department=Face%20Skincare&viewAll=department&page=,£3.50,£0.58/each,,,/groceries/en-GB/products/266189109,https://digitalcontent.api.tesco.com/v2/media/ghs/e8f8c47d-b826-473f-b81c-ae853c021084/54016f36-740e-4791-bf76-62232b1043eb_2065505897.jpeg?h=225&w=225
278481764,Freederm Cleansing Wipes 25,https://www.tesco.com/groceries/en-GB/shop/health-and-beauty/all?department=Face%20Skincare&viewAll=department&page=,£4.00,£16.00/100sht,,,/groceries/en-GB/products/278481764,https://digitalcontent.api.tesco.com/v2/media/ghs/d392e16e-042a-4bf6-94a2-e53fa185607d/d58ef604-a84b-4139-99d6-2dcd7540bb75_1898055322.jpeg?h=225&w=225
256353078,Astral Moistng. Cream 200Ml Special Offer Pm,https://www.tesco.com/groceries/en-GB/shop/health-and-beauty/all?department=Face%20Skincare&viewAll=department&page=,£4.30,£2.15/100ml,,,/groceries/en-GB/products/256353078,https://digitalcontent.api.tesco.com/v2/media/ghs-mktg/b0b04216-fa73-466d-a9d7-c9fcfa1ce9b3/no-image.jpeg
257161674,Clean & Clear Advanced Spot Gel 15Ml,https://www.tesco.com/groceries/en-GB/shop/health-and-beauty/all?department=Face%20Skincare&viewAll=department&page=,£4.50,£30.00/100ml,,,/groceries/en-GB/products/257161674,https://digitalcontent.api.tesco.com/v2/media/ghs/c7bc5658-d2bf-49b8-a042-755283ffb86e/2c94f158-c077-450a-aa07-c6e237ef6c34_1598414097.jpeg?h=225&w=225
255987339,Garnier Ultralift Night Cream 50Ml,https://www.tesco.com/groceries/en-GB/shop/health-and-beauty/all?department=Face%20Skincare&viewAll=department&page=,£5.00,£10.00/100ml,,,/groceries/en-GB/products/255987339,https://digitalcontent.api.tesco.com/v2/media/ghs/b7137072-251d-42be-b57b-2da40f919eb5/cd95ccd8-7005-4f36-8596-16b6836fee4c_151815650.jpeg?h=225&w=225
311689193,L'oreal Paris Revitalift Resurfacing Gel Wash 150Ml,https://www.tesco.com/groceries/en-GB/shop/health-and-beauty/all?department=Face%20Skincare&viewAll=department&page=,£8.00,£5.34/100ml,£4.00 Clubcard Price,,/groceries/en-GB/products/311689193,https://digitalcontent.api.tesco.com/v2/media/ghs/a97890be-b1dd-49eb-bc40-01e56280c97e/3681bcab-39b9-4a2a-95d4-a293d33d9824_381823000.jpeg?h=225&w=225
302270661,St. Ives Pink Lemon & Orange Face Scrub 150Ml,https://www.tesco.com/groceries/en-GB/shop/health-and-beauty/all?department=Face%20Skincare&viewAll=department&page=,£3.90,£2.60/100ml,,,/groceries/en-GB/products/302270661,https://digitalcontent.api.tesco.com/v2/media/ghs/c77098ff-3aa0-4e89-ac02-ad7cc501ea65/db7ef5c4-1a4d-4bb9-af8c-bbeff1245def_173497580.jpeg?h=225&w=225
256296936,Palmers Cocoa Butter Lip Balm 4G,https://www.tesco.com/groceries/en-GB/shop/health-and-beauty/all?department=Face%20Skincare&viewAll=department&page=,£2.50,£62.50/100g,,,/groceries/en-GB/products/256296936,https://digitalcontent.api.tesco.com/v2/media/ghs/6f4cfa1b-ccf3-4460-888a-fc016af43124/d76f9ba7-0cee-4cb8-9ccc-b69cdb0cd441_1540412631.jpeg?h=225&w=225
311253081,L'oreal Men Expert Hydrating Energetic Moisturiser Spf 15 50Ml,https://www.tesco.com/groceries/en-GB/shop/health-and-beauty/all?department=Face%20Skincare&viewAll=department&page=,£8.25,£16.50/100ml,£5.50 Clubcard Price,,/groceries/en-GB/products/311253081,https://digitalcontent.api.tesco.com/v2/media/ghs/717bfebe-0f01-46bf-aef8-1c45a401ebae/6810cb70-265c-49f9-805e-b48ec4f53081_136328202.jpeg?h=225&w=225
305971783,Carmex Classic Moisturising Lip Balm 4.25G,https://www.tesco.com/groceries/en-GB/shop/health-and-beauty/all?department=Face%20Skincare&viewAll=department&page=,£2.70,£63.53/100g,,,/groceries/en-GB/products/305971783,https://digitalcontent.api.tesco.com/v2/media/ghs/db2dca67-72f8-471f-90a3-d19d0bbde820/037a155d-9d9f-4ce7-9fcf-728e911dc1af_2058523513.jpeg?h=225&w=225
267309958,Carmex Cherry Lip Balm Tube 10G,https://www.tesco.com/groceries/en-GB/shop/health-and-beauty/all?department=Face%20Skincare&viewAll=department&page=,£2.70,£27.00/100g,£1.90 Clubcard Price,,/groceries/en-GB/products/267309958,https://digitalcontent.api.tesco.com/v2/media/ghs/81c973bc-dc2f-44fb-85ce-568230404d47/211f2478-0c3b-4f8d-adf5-bbf410bb17fb_422947197.jpeg?h=225&w=225
311439242,Nivea Cherry Shine Lip Balm 4.8G,https://www.tesco.com/groceries/en-GB/shop/health-and-beauty/all?department=Face%20Skincare&viewAll=department&page=,£2.35,£48.96/100g,,,/groceries/en-GB/products/311439242,https://digitalcontent.api.tesco.com/v2/media/ghs-mktg/b0b04216-fa73-466d-a9d7-c9fcfa1ce9b3/no-image.jpeg
305254676,Palmer's Coconut Oil Spf 15 Lip Balm 4G,https://www.tesco.com/groceries/en-GB/shop/health-and-beauty/all?department=Face%20Skincare&viewAll=department&page=,£2.00,£50.00/100g,,,/groceries/en-GB/products/305254676,https://digitalcontent.api.tesco.com/v2/media/ghs/ece8a5ac-ea98-491d-be02-7d0e25125823/05c897ff-0781-4df2-b23c-30b10153d352_1410298028.jpeg?h=225&w=225
302353137,Garnier Ultralift Anti-Agemask 32G,https://www.tesco.com/groceries/en-GB/shop/health-and-beauty/all?department=Face%20Skincare&viewAll=department&page=,£3.00,£9.38/100g,,,/groceries/en-GB/products/302353137,https://digitalcontent.api.tesco.com/v2/media/ghs/a8cfe0cc-83c4-4530-895b-9b500310ca71/842941ab-de6a-421b-bca4-9a79989064ac_1904381504.jpeg?h=225&w=225
310175635,Masking Peeling Foot Mask Peppermint & Tea Tree 36Ml,https://www.tesco.com/groceries/en-GB/shop/health-and-beauty/all?department=Face%20Skincare&viewAll=department&page=,£2.00,£5.56/100ml,,New,/groceries/en-GB/products/310175635,https://digitalcontent.api.tesco.com/v2/media/ghs/5346ec6e-f5ba-411f-a9e3-73f3d0ce5ec5/eb941c38-e4e6-47de-adf9-8838431b1546_678352211.jpeg?h=225&w=225
307146323,Nivea Caring Lip Balm Watermelon Shine 4.8G,https://www.tesco.com/groceries/en-GB/shop/health-and-beauty/all?department=Face%20Skincare&viewAll=department&page=,£1.50,£31.25/100g,,,/groceries/en-GB/products/307146323,https://digitalcontent.api.tesco.com/v2/media/ghs/ef0266eb-f329-4e2b-96cd-c0a19757f65c/ff4ec672-5595-400a-b463-b43b0fcaab90_869905619.jpeg?h=225&w=225
311443455,Freeman Sleepy Time Whipped Mask 10Ml,https://www.tesco.com/groceries/en-GB/shop/health-and-beauty/all?department=Face%20Skincare&viewAll=department&page=,£2.00,£20.00/100ml,£1.65 Clubcard Price,,/groceries/en-GB/products/311443455,https://digitalcontent.api.tesco.com/v2/media/ghs/ddacf531-f3e0-4f30-aa0a-46edd27c8ef6/17923ae5-7915-44c3-8a94-ae6b65752bad_150305777.jpeg?h=225&w=225
311425546,Freeman Sleepy Time Sheet Mask 28Ml,https://www.tesco.com/groceries/en-GB/shop/health-and-beauty/all?department=Face%20Skincare&viewAll=department&page=,£2.00,£7.15/100ml,£1.30 Clubcard Price,,/groceries/en-GB/products/311425546,https://digitalcontent.api.tesco.com/v2/media/ghs/a9f4ce61-8dc9-41b0-b222-285c2c2714d5/fbb235a3-a969-47d6-b604-ba3be87561ed_269903705.jpeg?h=225&w=225
302371530,Simple Water Boost 5-Min Reset Hydrogel Mask,https://www.tesco.com/groceries/en-GB/shop/health-and-beauty/all?department=Face%20Skincare&viewAll=department&page=,£1.75,£1.75/each,,,/groceries/en-GB/products/302371530,https://digitalcontent.api.tesco.com/v2/media/ghs/8311917b-66d2-4b43-b45a-59e4c34dd76b/d79cbeb7-0270-400e-aff2-14eaea621899_1881803508.jpeg?h=225&w=225
285468972,Feeling Beautiful Cucumber Peeloff Mask 15Ml,https://www.tesco.com/groceries/en-GB/shop/health-and-beauty/all?department=Face%20Skincare&viewAll=department&page=,£1.55,£10.34/100ml,£1.00 Clubcard Price,,/groceries/en-GB/products/285468972,https://digitalcontent.api.tesco.com/v2/media/ghs/cdce5290-d187-4f0d-9b3f-74c37d7afda5/b6902a7d-88a4-4265-9791-f1493683cbb5_352178050.jpeg?h=225&w=225
308460571,Balance Gold Collagen Lip Masks 6G X2,https://www.tesco.com/groceries/en-GB/shop/health-and-beauty/all?department=Face%20Skincare&viewAll=department&page=,£1.50,£12.50/100g,,,/groceries/en-GB/products/308460571,https://digitalcontent.api.tesco.com/v2/media/ghs/49b04215-bc21-4387-924c-9b8807d3c289/bb653cff-f618-4f97-94d1-597b2ee9256b_434727112.jpeg?h=225&w=225
308863152,Balance Active Gold & Marine Face Mask 60G,https://www.tesco.com/groceries/en-GB/shop/health-and-beauty/all?department=Face%20Skincare&viewAll=department&page=,£1.50,£2.50/100g,,,/groceries/en-GB/products/308863152,https://digitalcontent.api.tesco.com/v2/media/ghs/f6fd36fa-221b-49dd-a210-913c0f043a3d/f3880a7a-b7f2-493f-9541-b9de2faaa7b7_305133165.jpeg?h=225&w=225
305047334,Garnier Skin Active Night Time Face Bomb Tissue Mask 32G,https://www.tesco.com/groceries/en-GB/shop/health-and-beauty/all?department=Face%20Skincare&viewAll=department&page=,£1.99,£6.22/100g,,,/groceries/en-GB/products/305047334,https://digitalcontent.api.tesco.com/v2/media/ghs/c97dd923-e4ab-487d-9fba-32cb7bb6cc97/0d06c788-0d37-4b26-854d-caef31792213_2009865094.jpeg?h=225&w=225
291302342,L'oreal Paris Wrinkle Expert 45+ Day Cream 50Ml,https://www.tesco.com/groceries/en-GB/shop/health-and-beauty/all?department=Face%20Skincare&viewAll=department&page=,£5.00,£10.00/100ml,,,/groceries/en-GB/products/291302342,https://digitalcontent.api.tesco.com/v2/media/ghs/1f2bc7f9-11dd-4eff-8a93-9d6373761f6f/b51d548f-6888-4547-80cb-8e5b448155ad_694301123.jpeg?h=225&w=225
308107956,Masking Plumping Pomegranate Lip Mask 4Ml,https://www.tesco.com/groceries/en-GB/shop/health-and-beauty/all?department=Face%20Skincare&viewAll=department&page=,£1.00,£25.00/100ml,,,/groceries/en-GB/products/308107956,https://digitalcontent.api.tesco.com/v2/media/ghs/09179eb8-8e3b-428b-a24f-47e69c4c6e48/ac0c7b29-19a5-4520-9c43-2c2b6b094757_2110912163.jpeg?h=225&w=225
305252183,L'oreal Paris Wrinkle Expert 65+ Day Cream 50Ml,https://www.tesco.com/groceries/en-GB/shop/health-and-beauty/all?department=Face%20Skincare&viewAll=department&page=,£5.00,£10.00/100ml,,,/groceries/en-GB/products/305252183,https://digitalcontent.api.tesco.com/v2/media/ghs/58ec7f33-1aa4-4d31-8c4b-cfac4f8cfe73/cf420690-6e7d-4d47-9865-8baba565247c_213630111.jpeg?h=225&w=225
295025250,L'oreal Wrinkle Expert 55+ Night Cream 50Ml,https://www.tesco.com/groceries/en-GB/shop/health-and-beauty/all?department=Face%20Skincare&viewAll=department&page=,£5.00,£10.00/100ml,,,/groceries/en-GB/products/295025250,https://digitalcontent.api.tesco.com/v2/media/ghs/8c100c7d-c077-4914-841b-6062a20499eb/388d3260-0663-4a4d-983e-513e789f5bf4_407887369.jpeg?h=225&w=225
311681760,Olay Retinol 24 Max Ultra Smoothing Night Serum 40Ml,https://www.tesco.com/groceries/en-GB/shop/health-and-beauty/all?department=Face%20Skincare&viewAll=department&page=,£44.00,£110.00/100ml,£22.00 Clubcard Price,,/groceries/en-GB/products/311681760,https://digitalcontent.api.tesco.com/v2/media/ghs/e84ea50f-f6ab-4627-8e26-9778e13a7492/bc39bf49-7fa5-4b3e-a5bf-cb07f1dc72dc_964112542.jpeg?h=225&w=225
273812013,Olay Regenerist 3 Point Moisturiser Fragrance Free Day Cream 50Ml,https://www.tesco.com/groceries/en-GB/shop/health-and-beauty/all?department=Face%20Skincare&viewAll=department&page=,£30.00,£60.00/100ml,£17.00 Clubcard Price,,/groceries/en-GB/products/273812013,https://digitalcontent.api.tesco.com/v2/media/ghs/a43cfdd0-acfc-4139-b4d9-aaea5ac59d6b/0413a580-2c73-4d75-b929-0e2f8525c7b5_1064523031.jpeg?h=225&w=225
284239807,Nivea Facecare Cellular Night Cream 50Ml,https://www.tesco.com/groceries/en-GB/shop/health-and-beauty/all?department=Face%20Skincare&viewAll=department&page=,£15.00,£30.00/100ml,£8.75 Clubcard Price,,/groceries/en-GB/products/284239807,https://digitalcontent.api.tesco.com/v2/media/ghs/5e8382fc-7380-4eb7-a741-9e92963f2b2b/f2746cb3-b2ce-4d04-a02b-3a5c23bb8926_581620041.jpeg?h=225&w=225
251109321,L'oreal Paris Revitalift Eye Cream 15Ml,https://www.tesco.com/groceries/en-GB/shop/health-and-beauty/all?department=Face%20Skincare&viewAll=department&page=,£13.00,£86.67/100ml,,,/groceries/en-GB/products/251109321,https://digitalcontent.api.tesco.com/v2/media/ghs/efebeaa9-64ee-4f21-b624-442fb373a2cd/95ced246-29b7-44d9-a93d-513bf04e6d00_910732324.jpeg?h=225&w=225
250756195,L'oreal Paris Revitalift Day Cream 50Ml,https://www.tesco.com/groceries/en-GB/shop/health-and-beauty/all?department=Face%20Skincare&viewAll=department&page=,£13.00,£26.00/100ml,,,/groceries/en-GB/products/250756195,https://digitalcontent.api.tesco.com/v2/media/ghs/7bbec96b-180d-4d80-81a1-e9ad7111e70f/939d8cc9-2dc8-4fc4-a02e-7615a3a52cd9_1785884961.jpeg?h=225&w=225
302340141,Nivea Q10 Power Bright Eye Cream 15Ml,https://www.tesco.com/groceries/en-GB/shop/health-and-beauty/all?department=Face%20Skincare&viewAll=department&page=,£11.50,£76.67/100ml,£6.45 Clubcard Price,,/groceries/en-GB/products/302340141,https://digitalcontent.api.tesco.com/v2/media/ghs/2b89bb53-4564-40ff-b26a-a502f931e328/a32721fa-945d-4cdf-ba89-9c3f1c7982c2_2035164880.jpeg?h=225&w=225
311431377,Aveeno Face Calm Restore Oat Gel Moisturiser 50Ml,https://www.tesco.com/groceries/en-GB/shop/health-and-beauty/all?department=Face%20Skincare&viewAll=department&page=,£11.00,£22.00/100ml,£7.30 Clubcard Price,,/groceries/en-GB/products/311431377,https://digitalcontent.api.tesco.com/v2/media/ghs/f10614ca-84a1-4a8d-8e57-a0080c1ed528/d8228ce6-6581-401e-9213-5f8d515e72f0_940686148.jpeg?h=225&w=225
291288761,Garnier Micellar Water Oil Infused 400Ml,https://www.tesco.com/groceries/en-GB/shop/health-and-beauty/all?department=Face%20Skincare&viewAll=department&page=,£7.00,£1.75/100ml,,,/groceries/en-GB/products/291288761,https://digitalcontent.api.tesco.com/v2/media/ghs/333116e9-accf-4480-9ba5-2283d62faaf5/faf06447-d909-4d14-be5a-ae4677877d7a_155634670.jpeg?h=225&w=225
293970520,Cetaphil Oily Skin Cleanser 236Ml,https://www.tesco.com/groceries/en-GB/shop/health-and-beauty/all?department=Face%20Skincare&viewAll=department&page=,£10.00,£4.24/100ml,£7.50 Clubcard Price,,/groceries/en-GB/products/293970520,https://digitalcontent.api.tesco.com/v2/media/ghs/cc13b7cd-f1b8-4ebc-847f-61b817afa964/c119b08d-bb18-4625-a9a9-17a4947904ac_1801016510.jpeg?h=225&w=225
266188842,Freederm Sensitive Facial Wash 150Ml,https://www.tesco.com/groceries/en-GB/shop/health-and-beauty/all?department=Face%20Skincare&viewAll=department&page=,£6.00,£4.00/100ml,,,/groceries/en-GB/products/266188842,https://digitalcontent.api.tesco.com/v2/media/ghs/2b5a770a-7ae5-4b9c-85fa-c53b2cb87af6/9b257fae-ab16-477b-8261-b916f5e6a0e7_1417030559.jpeg?h=225&w=225
259834100,Freederm Exfoliating Face Wash 150Ml,https://www.tesco.com/groceries/en-GB/shop/health-and-beauty/all?department=Face%20Skincare&viewAll=department&page=,£6.00,£4.00/100ml,,,/groceries/en-GB/products/259834100,https://digitalcontent.api.tesco.com/v2/media/ghs/a040893c-937e-4086-b222-13364b8798d2/0b4b62c1-fd9c-4c43-bd28-e816343e7501_1630081797.jpeg?h=225&w=225
253015549,Pure Active 3In1 Clay Mask Scrub Wash 150Ml,https://www.tesco.com/groceries/en-GB/shop/health-and-beauty/all?department=Face%20Skincare&viewAll=department&page=,£6.00,£4.00/100ml,,,/groceries/en-GB/products/253015549,https://digitalcontent.api.tesco.com/v2/media/ghs/4ed102bf-8e9c-4b41-abf1-4c0a4ff2b7e5/2652d5f6-1686-4d00-af26-91c563def101_1001648793.jpeg?h=225&w=225
264709213,Garnier Pure Active Intensive Blackhead Face Scrub 150Ml,https://www.tesco.com/groceries/en-GB/shop/health-and-beauty/all?department=Face%20Skincare&viewAll=department&page=,£6.00,£4.00/100ml,,,/groceries/en-GB/products/264709213,https://digitalcontent.api.tesco.com/v2/media/ghs/a345a40d-fa15-4e4a-bb93-8ed949b19a2d/a2ac69d2-f221-4158-8eac-d9eda043c5ae_564215325.jpeg?h=225&w=225
309787119,Nivea Energy Micellar Water Vitamin C 400Ml,https://www.tesco.com/groceries/en-GB/shop/health-and-beauty/all?department=Face%20Skincare&viewAll=department&page=,£7.00,£1.75/100ml,,,/groceries/en-GB/products/309787119,https://digitalcontent.api.tesco.com/v2/media/ghs/0c487192-eb76-4864-a4bb-38fe1cd5e050/d9b31225-57b2-4244-a509-a27533f40558_774903278.jpeg?h=225&w=225
295025237,Pure Active Sensitive Anti-Blemish Face Wash 150Ml,https://www.tesco.com/groceries/en-GB/shop/health-and-beauty/all?department=Face%20Skincare&viewAll=department&page=,£6.00,£4.00/100ml,,,/groceries/en-GB/products/295025237,https://digitalcontent.api.tesco.com/v2/media/ghs/63237328-7c84-4acf-b740-af955921516b/996ff0ff-f697-4e3b-a2af-bc0e479f4118_1976785439.jpeg?h=225&w=225
258873924,Nivea Men Intensive Moisturising Face Cream 50Ml,https://www.tesco.com/groceries/en-GB/shop/health-and-beauty/all?department=Face%20Skincare&viewAll=department&page=,£6.00,£12.00/100ml,,,/groceries/en-GB/products/258873924,https://digitalcontent.api.tesco.com/v2/media/ghs/d179d97c-9187-4fbd-8558-118e8990ed4f/72848a76-aad2-4871-9aa4-2669a94b0056_756134219.jpeg?h=225&w=225
262366223,Clearasil Ultra Rapid Action Treatment Cream 25Ml,https://www.tesco.com/groceries/en-GB/shop/health-and-beauty/all?department=Face%20Skincare&viewAll=department&page=,£6.50,£26.00/100ml,,,/groceries/en-GB/products/262366223,https://digitalcontent.api.tesco.com/v2/media/ghs/b59c1d75-7f81-4eb8-83b9-2eb934474bbf/ac625e93-a358-43d3-a47f-775e0717ebf3_2033999868.jpeg?h=225&w=225
297631370,Neutrogena Visibly Clear Oil Free Moisturiser 50Ml,https://www.tesco.com/groceries/en-GB/shop/health-and-beauty/all?department=Face%20Skincare&viewAll=department&page=,£5.20,£10.40/100ml,,,/groceries/en-GB/products/297631370,https://digitalcontent.api.tesco.com/v2/media/ghs/29b9d345-7f8a-4547-8f47-31e3f77dcd1d/5663110f-9b59-4990-9096-ee9dc8e56021_759851800.jpeg?h=225&w=225
308466449,Acnecide Face Gel For Spot Treatment 15G,https://www.tesco.com/groceries/en-GB/shop/health-and-beauty/all?department=Face%20Skincare&viewAll=department&page=,£8.00,£53.34/100g,£6.00 Clubcard Price,,/groceries/en-GB/products/308466449,https://digitalcontent.api.tesco.com/v2/media/ghs/45dd883d-aada-49e2-9617-c558f0d319ff/83822430-dab6-45c6-9836-cfda28533d1e_1924967236.jpeg?h=225&w=225
302347554,Simple Clear Pore Scrub Skin Face 150 Ml,https://www.tesco.com/groceries/en-GB/shop/health-and-beauty/all?department=Face%20Skincare&viewAll=department&page=,£4.80,£3.20/100ml,,,/groceries/en-GB/products/302347554,https://digitalcontent.api.tesco.com/v2/media/ghs/83c5abf4-7cb6-4e96-a0a4-c29c5608f23b/48881634-0e85-442a-92a3-3f2c0701b7d5_688531008.jpeg?h=225&w=225
252575478,Neutrogena Visibly Clear Blackhead Scrub 150Ml,https://www.tesco.com/groceries/en-GB/shop/health-and-beauty/all?department=Face%20Skincare&viewAll=department&page=,£5.00,£3.34/100ml,,,/groceries/en-GB/products/252575478,https://digitalcontent.api.tesco.com/v2/media/ghs/d0fc85a4-11be-45d5-8391-5ee6146cbd9d/2d72a33f-a5e0-419a-8a92-fe69a6e513a3_1333185624.jpeg?h=225&w=225
297631697,Neutrogena Visibly Clear Daily Wash 200Ml,https://www.tesco.com/groceries/en-GB/shop/health-and-beauty/all?department=Face%20Skincare&viewAll=department&page=,£5.20,£2.60/100ml,,,/groceries/en-GB/products/297631697,https://digitalcontent.api.tesco.com/v2/media/ghs/ac4588f1-2157-4101-a65b-d486bed30504/68b5d047-6b2e-4103-a343-9540a4dabeeb_1313637684.jpeg?h=225&w=225
271110622,Freederm Fast Track Gel 25Gms,https://www.tesco.com/groceries/en-GB/shop/health-and-beauty/all?department=Face%20Skincare&viewAll=department&page=,£6.00,£24.00/100g,,,/groceries/en-GB/products/271110622,https://digitalcontent.api.tesco.com/v2/media/ghs/123283ce-d0e0-463b-9b4c-52a449fe77b1/f77ba035-c49f-4a68-a835-c6dd315ca6ca_1696667250.jpeg?h=225&w=225
263370924,Nivea Tinted Moisturising Day Cream Natural 50Ml,https://www.tesco.com/groceries/en-GB/shop/health-and-beauty/all?department=Face%20Skincare&viewAll=department&page=,£4.20,£8.40/100ml,,,/groceries/en-GB/products/263370924,https://digitalcontent.api.tesco.com/v2/media/ghs/abd785b2-dc30-483e-93f6-c81f4b987cb6/36d38e14-36af-4e66-abb8-598141bc8fd5_1929291543.jpeg?h=225&w=225
258842118,Nivea Men Replenishing Aftershave Balm 100Ml,https://www.tesco.com/groceries/en-GB/shop/health-and-beauty/all?department=Face%20Skincare&viewAll=department&page=,£6.00,£6.00/100ml,,,/groceries/en-GB/products/258842118,https://digitalcontent.api.tesco.com/v2/media/ghs/171933f2-f1c0-46f2-a6fb-116e7dfd2ea0/777f4868-6a67-4915-9810-7ca750e53d42_1077051258.jpeg?h=225&w=225
266833701,Neutrogena Visibly Clear Pink Grapefruit Facial Wash 200Ml,https://www.tesco.com/groceries/en-GB/shop/health-and-beauty/all?department=Face%20Skincare&viewAll=department&page=,£5.00,£2.50/100ml,,,/groceries/en-GB/products/266833701,https://digitalcontent.api.tesco.com/v2/media/ghs/32dd32f5-9814-4ea4-9f11-c70ec7636bde/cd79b7fb-6045-4dc2-bdd9-7a65f51ccdce_1222279192.jpeg?h=225&w=225
308103678,Palmer's Coconut Sugar Facial Scrub 90G,https://www.tesco.com/groceries/en-GB/shop/health-and-beauty/all?department=Face%20Skincare&viewAll=department&page=,£5.30,£5.89/100g,£4.00 Clubcard Price,,/groceries/en-GB/products/308103678,https://digitalcontent.api.tesco.com/v2/media/ghs/3e7091e1-e464-4ca6-bb64-f7c2f9e7e2f8/ea2ae197-753e-40b5-ae2c-2ea95cbab4b8_912483483.jpeg?h=225&w=225
307156841,W7 Makeup Remover Cookie,https://www.tesco.com/groceries/en-GB/shop/health-and-beauty/all?department=Face%20Skincare&viewAll=department&page=,£3.15,£3.15/each,Any 3 for 2 Clubcard Price - Cheapest Product Free - Selected Cosmetics,,/groceries/en-GB/products/307156841,https://digitalcontent.api.tesco.com/v2/media/ghs/1e55f0f5-4d51-4f42-9164-efae32e441d8/f388792a-a69e-4d00-b3cf-d0e994108ee4_359667039.jpeg?h=225&w=225
308826894,Blistex Lip Infusions Spf 15 Hydration 3.7G,https://www.tesco.com/groceries/en-GB/shop/health-and-beauty/all?department=Face%20Skincare&viewAll=department&page=,£3.00,£81.09/100g,,,/groceries/en-GB/products/308826894,https://digitalcontent.api.tesco.com/v2/media/ghs/7aa80dd8-cf63-4a65-88d5-df27920f97c8/85e7c395-c631-46bd-a97c-31a7230a7727_1184566201.jpeg?h=225&w=225
305251719,Olay Cleanse Detox & Glow Daily Polish 150Ml,https://www.tesco.com/groceries/en-GB/shop/health-and-beauty/all?department=Face%20Skincare&viewAll=department&page=,£5.00,£3.34/100ml,,,/groceries/en-GB/products/305251719,https://digitalcontent.api.tesco.com/v2/media/ghs/b70bb8ea-4fa6-4e41-a677-d34d5916f3a5/c1f45f0a-6ef0-476d-b8a5-8974d71ff7a1_1542630245.jpeg?h=225&w=225
305254941,Simple Face Mask Detox & Brightening Clay Mask 50Ml,https://www.tesco.com/groceries/en-GB/shop/health-and-beauty/all?department=Face%20Skincare&viewAll=department&page=,£4.00,£8.00/100ml,,,/groceries/en-GB/products/305254941,https://digitalcontent.api.tesco.com/v2/media/ghs/fe9ea9d2-f1c4-4ef9-94ae-dc3bf1802e60/983ab86c-b7fe-4d75-87a1-93c03746a4fe_551915823.jpeg?h=225&w=225
298163097,Skin Republic Hyaluronic Acid Face Mask 25Ml,https://www.tesco.com/groceries/en-GB/shop/health-and-beauty/all?department=Face%20Skincare&viewAll=department&page=,£5.00,£20.00/100ml,,,/groceries/en-GB/products/298163097,https://digitalcontent.api.tesco.com/v2/media/ghs/a2c27a7a-3057-40e9-867d-b6959a1e7208/cbb6eaca-8c96-40c6-98f1-fe0639988178_1769191116.jpeg?h=225&w=225
258044103,Nivea Lip Care Sun Spf30 4.8G,https://www.tesco.com/groceries/en-GB/shop/health-and-beauty/all?department=Face%20Skincare&viewAll=department&page=,£2.75,£57.30/100g,,,/groceries/en-GB/products/258044103,https://digitalcontent.api.tesco.com/v2/media/ghs/5964ed4d-fa38-4a2b-8d63-d29193490362/183b277c-99a6-4944-9194-6d9dbe2b0542_801142847.jpeg?h=225&w=225
311428897,Balance Active Niacinamide Spot Patches 24 Pack,https://www.tesco.com/groceries/en-GB/shop/health-and-beauty/all?department=Face%20Skincare&viewAll=department&page=,£3.00,£0.12/each,,,/groceries/en-GB/products/311428897,https://digitalcontent.api.tesco.com/v2/media/ghs/e1181738-f988-445c-b8ce-1e1aa086f830/a9c32c0f-6447-4611-96ba-0ae1eec4a43e_308504981.jpeg?h=225&w=225
311442911,L'oreal Men Expert Magnesium Hypoallergenic Moisturiser 50Ml,https://www.tesco.com/groceries/en-GB/shop/health-and-beauty/all?department=Face%20Skincare&viewAll=department&page=,£7.50,£15.00/100ml,£5.00 Clubcard Price,,/groceries/en-GB/products/311442911,https://digitalcontent.api.tesco.com/v2/media/ghs/10a66d7c-6c6d-4659-b486-750060ec548b/0c68692b-bd0f-4ffe-83ab-f18a6e4a7259_1218032097.jpeg?h=225&w=225
304782259,L'oreal Men Expert Energetic Tissue Mask 30G,https://www.tesco.com/groceries/en-GB/shop/health-and-beauty/all?department=Face%20Skincare&viewAll=department&page=,£3.60,£12.00/100g,£2.00 Clubcard Price,,/groceries/en-GB/products/304782259,https://digitalcontent.api.tesco.com/v2/media/ghs/84d288fc-6db3-4e0d-8401-8ab3ec5c3112/cf122b67-4146-4730-8a34-2cd7330309a1_1172231801.jpeg?h=225&w=225
267311315,Carmex Lip Balm Pot 7.5G,https://www.tesco.com/groceries/en-GB/shop/health-and-beauty/all?department=Face%20Skincare&viewAll=department&page=,£2.50,£33.34/100g,,,/groceries/en-GB/products/267311315,https://digitalcontent.api.tesco.com/v2/media/ghs/cf54aed1-be09-4251-97ec-9a0d67029584/cce81f0d-d76a-44be-b5e7-d30841eb2e6a_1794317209.jpeg?h=225&w=225
268139627,Nivea Oil Free Moisturising Day Cream 50Ml,https://www.tesco.com/groceries/en-GB/shop/health-and-beauty/all?department=Face%20Skincare&viewAll=department&page=,£3.20,£6.40/100ml,,,/groceries/en-GB/products/268139627,https://digitalcontent.api.tesco.com/v2/media/ghs/bfc557f2-227b-47ad-ba4d-3380b64dda7b/a6f1dfe4-e1a6-4a77-b91b-021f3652e2e2_1163788410.jpeg?h=225&w=225
257011328,Olay Beauty Fluid Moisturiser Sensitive 200Ml,https://www.tesco.com/groceries/en-GB/shop/health-and-beauty/all?department=Face%20Skincare&viewAll=department&page=,£6.50,£3.25/100ml,,,/groceries/en-GB/products/257011328,https://digitalcontent.api.tesco.com/v2/media/ghs/a3cf9c3e-29bf-4514-a153-a0af9da99d3e/1a375310-7664-4a61-8740-102be8ee64ed_1926631777.jpeg?h=225&w=225
255336857,Olay Beauty Fluid Moisturiser Normal 200Ml,https://www.tesco.com/groceries/en-GB/shop/health-and-beauty/all?department=Face%20Skincare&viewAll=department&page=,£6.50,£3.25/100ml,,,/groceries/en-GB/products/255336857,https://digitalcontent.api.tesco.com/v2/media/ghs/adc5db18-48b8-46b2-a994-4aad8b966464/3b9bfd1b-a5dd-49be-81b8-8514dded5498_197497671.jpeg?h=225&w=225
311278881,Garnier Skin Active Vitamin C Sheet Mask 28G,https://www.tesco.com/groceries/en-GB/shop/health-and-beauty/all?department=Face%20Skincare&viewAll=department&page=,£2.40,£8.58/100g,,,/groceries/en-GB/products/311278881,https://digitalcontent.api.tesco.com/v2/media/ghs/34417e9f-aed4-49f2-b501-d9e675613316/42832d3c-ae93-4a76-b0ac-ee4d93ee0119_679447470.jpeg?h=225&w=225
298454323,Simple Kind To Skin Rich Moisture Sheet Mask 21Ml,https://www.tesco.com/groceries/en-GB/shop/health-and-beauty/all?department=Face%20Skincare&viewAll=department&page=,£1.75,£8.34/100ml,,,/groceries/en-GB/products/298454323,https://digitalcontent.api.tesco.com/v2/media/ghs/578e72f2-6070-476e-85c4-8ce0dece440b/2d363a04-0ee4-44c3-8fc2-de67b90335b4_467385908.jpeg?h=225&w=225
308865081,Simple Protect & Glow 48Hr Glow Sheet Mask 25Ml,https://www.tesco.com/groceries/en-GB/shop/health-and-beauty/all?department=Face%20Skincare&viewAll=department&page=,£1.75,£7.00/100ml,,,/groceries/en-GB/products/308865081,https://digitalcontent.api.tesco.com/v2/media/ghs/32828257-4299-4d46-b4bb-fd5bd480549c/8dad5bc9-6435-4a5b-a1e0-9323519401c0_15331509.jpeg?h=225&w=225
308478936,Balance Active Gold Collagen Eye Mask 6Gx3,https://www.tesco.com/groceries/en-GB/shop/health-and-beauty/all?department=Face%20Skincare&viewAll=department&page=,£1.50,£8.34/100g,,,/groceries/en-GB/products/308478936,https://digitalcontent.api.tesco.com/v2/media/ghs/e4352263-46bf-4393-8e7d-994e09de3529/5df5fadd-320f-4882-ad8e-5ae1362c20a5_1234498387.jpeg?h=225&w=225
308485173,Garnier Skin Active Tissue Mask Milky Coconut 28G,https://www.tesco.com/groceries/en-GB/shop/health-and-beauty/all?department=Face%20Skincare&viewAll=department&page=,£1.99,£7.11/100g,,,/groceries/en-GB/products/308485173,https://digitalcontent.api.tesco.com/v2/media/ghs/109ec162-0b2d-45d8-a4e2-a441fcd00e12/9008bf8c-5027-4b0d-b32c-0e1823399802_504266104.jpeg?h=225&w=225
311272340,L'oreal Men Expert Magnesium Hypoallergenic Face Wash 100Ml,https://www.tesco.com/groceries/en-GB/shop/health-and-beauty/all?department=Face%20Skincare&viewAll=department&page=,£4.50,£4.50/100ml,£3.00 Clubcard Price,,/groceries/en-GB/products/311272340,https://digitalcontent.api.tesco.com/v2/media/ghs/48c054a1-a999-4ff8-9904-753a846aa90f/68296399-3860-4b37-b97e-9d7a6497ad88_1007689647.jpeg?h=225&w=225
291301470,L'oreal Paris Wrinkle Expert Collagen Day Cream 50Ml,https://www.tesco.com/groceries/en-GB/shop/health-and-beauty/all?department=Face%20Skincare&viewAll=department&page=,£5.00,£10.00/100ml,,,/groceries/en-GB/products/291301470,https://digitalcontent.api.tesco.com/v2/media/ghs/5d5a5693-db17-4288-8f8e-cb2434fda1d2/a1867394-ac41-4d58-bd92-f1b1dda00fe2_195320394.jpeg?h=225&w=225
311251411,Nivea Luminous Anti-Dark Spots Day Fluid Spf 50 40Ml,https://www.tesco.com/groceries/en-GB/shop/health-and-beauty/all?department=Face%20Skincare&viewAll=department&page=,£27.00,£67.50/100ml,£13.50 Clubcard Price,,/groceries/en-GB/products/311251411,https://digitalcontent.api.tesco.com/v2/media/ghs/32496b6d-2eaa-4b10-93f5-7962dfe0bff5/105ffdf8-9e9b-4772-8ad3-d5ec17cb468e_90063880.jpeg?h=225&w=225
304838644,Nivea Power Anti-Wrinkle Face Cream,https://www.tesco.com/groceries/en-GB/shop/health-and-beauty/all?department=Face%20Skincare&viewAll=department&page=,£16.00,£32.00/100ml,,,/groceries/en-GB/products/304838644,https://digitalcontent.api.tesco.com/v2/media/ghs/cc402d58-e382-4e95-831d-addd7583b2fa/2e06a782-d8fd-418a-a7ca-06c3d962b1af_944893473.jpeg?h=225&w=225
311675897,Nivea Luminous Anti-Dark Circle Eye Cream 15Ml,https://www.tesco.com/groceries/en-GB/shop/health-and-beauty/all?department=Face%20Skincare&viewAll=department&page=,£27.00,£180.00/100ml,£13.50 Clubcard Price,,/groceries/en-GB/products/311675897,https://digitalcontent.api.tesco.com/v2/media/ghs/d2c70553-d9a3-4516-8d63-99428ef96d6b/cbfbdc7d-4c53-4a69-9adc-2fd0edf11e27_2107590684.jpeg?h=225&w=225
256013558,Olay Total Effects Cream Moisturiser Spf 15 50Ml,https://www.tesco.com/groceries/en-GB/shop/health-and-beauty/all?department=Face%20Skincare&viewAll=department&page=,£16.50,£33.00/100ml,,,/groceries/en-GB/products/256013558,https://digitalcontent.api.tesco.com/v2/media/ghs/6c74d09f-a18a-4ddc-8d5a-ac311e8539a6/45959c89-23e2-4a3c-ad67-0a9a3e815128_1512059090.jpeg?h=225&w=225
280004487,L'oreal Paris Revitalift Laser Renew Night Cream 50Ml,https://www.tesco.com/groceries/en-GB/shop/health-and-beauty/all?department=Face%20Skincare&viewAll=department&page=,£28.00,£56.00/100ml,£14.00 Clubcard Price,,/groceries/en-GB/products/280004487,https://digitalcontent.api.tesco.com/v2/media/ghs/171fc48a-8075-41ac-b38d-d505e2285e3a/27cbcf71-073c-4c3e-91ee-99973c6bdb10_2143239766.jpeg?h=225&w=225
267973464,Olay Regenerist 3 Point Treatment Super Serum 50Ml,https://www.tesco.com/groceries/en-GB/shop/health-and-beauty/all?department=Face%20Skincare&viewAll=department&page=,£30.00,£60.00/100ml,£17.00 Clubcard Price,,/groceries/en-GB/products/267973464,https://digitalcontent.api.tesco.com/v2/media/ghs/81f6a2dd-c001-478f-b688-6722424b34db/f933b9c5-097c-435e-8fd4-ed76b6070c6d_2056323186.jpeg?h=225&w=225
311260967,Super Facialist Retinol Anti-Aging Serum 30Ml,https://www.tesco.com/groceries/en-GB/shop/health-and-beauty/all?department=Face%20Skincare&viewAll=department&page=,£20.00,£66.67/100ml,£13.35 Clubcard Price,,/groceries/en-GB/products/311260967,https://digitalcontent.api.tesco.com/v2/media/ghs/c6649dee-02d7-46b2-a528-a849065dfc08/e095338e-1f6d-4016-b88d-3a0d2de6c589_1626539854.jpeg?h=225&w=225
311684912,Super Facialist Renewing Night Cream 50Ml,https://www.tesco.com/groceries/en-GB/shop/health-and-beauty/all?department=Face%20Skincare&viewAll=department&page=,£20.00,£40.00/100ml,£13.35 Clubcard Price,,/groceries/en-GB/products/311684912,https://digitalcontent.api.tesco.com/v2/media/ghs/a856363b-9f90-4223-b5f1-637907797e68/bcd8ce09-6b31-41d8-ac5d-39daea35e9ad_1205884826.jpeg?h=225&w=225
259445451,Olay Regenerist 3 Point Treatment Moisturiser Day Cream 50Ml,https://www.tesco.com/groceries/en-GB/shop/health-and-beauty/all?department=Face%20Skincare&viewAll=department&page=,£30.00,£60.00/100ml,£17.00 Clubcard Price,,/groceries/en-GB/products/259445451,https://digitalcontent.api.tesco.com/v2/media/ghs/ceee8d75-6018-4fe9-93d6-0e50488b371b/474adf66-0eda-4f18-9c1e-c50e5589b32b_568887787.jpeg?h=225&w=225
291116292,Olay Regenerist 3 Point Night Cream 50Ml,https://www.tesco.com/groceries/en-GB/shop/health-and-beauty/all?department=Face%20Skincare&viewAll=department&page=,£30.00,£60.00/100ml,£17.00 Clubcard Price,,/groceries/en-GB/products/291116292,https://digitalcontent.api.tesco.com/v2/media/ghs/2f0531cf-c94e-4d38-adff-2e8ba1c490a0/75d576e9-53a0-4eba-a27a-e882cff45f2f_2134455085.jpeg?h=225&w=225
295446545,Olay Ultimate Eye Cream 13Ml,https://www.tesco.com/groceries/en-GB/shop/health-and-beauty/all?department=Face%20Skincare&viewAll=department&page=,£25.00,£192.31/100ml,£14.50 Clubcard Price,,/groceries/en-GB/products/295446545,https://digitalcontent.api.tesco.com/v2/media/ghs/14da63e6-4244-4afc-bee6-66178be5fd05/cb0f1d17-02c7-4ed8-996f-5c1a99059ef5_313082957.jpeg?h=225&w=225
311279839,Purifide Oil Control Mattifying Moisturiser 50Ml,https://www.tesco.com/groceries/en-GB/shop/health-and-beauty/all?department=Face%20Skincare&viewAll=department&page=,£15.00,£30.00/100ml,£11.25 Clubcard Price,,/groceries/en-GB/products/311279839,https://digitalcontent.api.tesco.com/v2/media/ghs/082e71df-8c5a-495a-aebc-b39b3f12ee8a/c8dc7099-cf92-4dde-9407-0796da8e33b9_332408940.jpeg?h=225&w=225
305523859,Cetaphil Daily Defence Moisturiser Spf 50+ 50G,https://www.tesco.com/groceries/en-GB/shop/health-and-beauty/all?department=Face%20Skincare&viewAll=department&page=,£13.00,£26.00/100g,£9.75 Clubcard Price,,/groceries/en-GB/products/305523859,https://digitalcontent.api.tesco.com/v2/media/ghs/66d27cbf-3f73-4d41-8b9d-b3f8a7a6a0c0/571f766f-bb7d-4c9b-b46e-ffa523369068_1565778335.jpeg?h=225&w=225
311439668,Garnier Vitamin C Brightening Day Cream 50Ml,https://www.tesco.com/groceries/en-GB/shop/health-and-beauty/all?department=Face%20Skincare&viewAll=department&page=,£7.50,£15.00/100ml,,,/groceries/en-GB/products/311439668,https://digitalcontent.api.tesco.com/v2/media/ghs/cb98e031-1b61-4ab3-895e-0d748ce7ab19/c0358715-d17b-4700-92f3-d74010117851_92979090.jpeg?h=225&w=225
311423894,Garnier Skin Active Hyaluronic Acid Aloe Water 400Ml,https://www.tesco.com/groceries/en-GB/shop/health-and-beauty/all?department=Face%20Skincare&viewAll=department&page=,£7.00,£1.75/100ml,,,/groceries/en-GB/products/311423894,https://digitalcontent.api.tesco.com/v2/media/ghs/c0e1275b-84df-486c-a2aa-f21073178c03/9ceb8a6e-bbcd-4203-b681-fde3ff0a895b_1789762632.jpeg?h=225&w=225
310844875,Simple 3% Vitamin B5 & Hyaluronic Acid Booster Serum 30Ml,https://www.tesco.com/groceries/en-GB/shop/health-and-beauty/all?department=Face%20Skincare&viewAll=department&page=,£8.00,£26.67/100ml,,,/groceries/en-GB/products/310844875,https://digitalcontent.api.tesco.com/v2/media/ghs/7bf4652e-bac9-4ebb-b2c6-190eef9e970b/27f32a22-6503-4e05-8fd4-401ff3c32a66_1689617764.jpeg?h=225&w=225
310123369,Nivea Q10 Power Anti Wrinkle Beauty Sleep Night Serum 30Ml,https://www.tesco.com/groceries/en-GB/shop/health-and-beauty/all?department=Face%20Skincare&viewAll=department&page=,£14.00,£46.67/100ml,£6.70 Clubcard Price,,/groceries/en-GB/products/310123369,https://digitalcontent.api.tesco.com/v2/media/ghs/6bc23af0-c8eb-42c7-8ff2-bc88d8c07b4f/834a9c9e-0611-460d-bd48-babae8e0223f_1377132477.jpeg?h=225&w=225
309469479,Super Facialist Pore Purifying Clay Mask 125Ml,https://www.tesco.com/groceries/en-GB/shop/health-and-beauty/all?department=Face%20Skincare&viewAll=department&page=,£10.00,£8.00/100ml,£6.65 Clubcard Price,,/groceries/en-GB/products/309469479,https://digitalcontent.api.tesco.com/v2/media/ghs/8815777b-8b15-4fcc-a405-396d2e39fc07/6c87a97f-9ebc-4df7-a497-6d08ac7bd5af_861572065.jpeg?h=225&w=225
267179575,Bulldog Anti-Ageing Moisturiser 100Ml,https://www.tesco.com/groceries/en-GB/shop/health-and-beauty/all?department=Face%20Skincare&viewAll=department&page=,£8.40,£8.40/100ml,,,/groceries/en-GB/products/267179575,https://digitalcontent.api.tesco.com/v2/media/ghs/43aed496-949d-4fbf-8cf2-0d28511c6fa0/d674e87d-ad4a-433b-b11b-bdaf0fd0b910_1222401157.jpeg?h=225&w=225
311688067,Burt's Bees 2 Pack 100% Natural Lip Balm Beeswax & Vanilla 8.5G,https://www.tesco.com/groceries/en-GB/shop/health-and-beauty/all?department=Face%20Skincare&viewAll=department&page=,£6.00,£70.59/100g,,,/groceries/en-GB/products/311688067,https://digitalcontent.api.tesco.com/v2/media/ghs/498d4c9f-e9b7-4bb3-8bc4-65b1afa5757b/2a93bab9-6b09-4abb-86ce-828732849e63_1835483775.jpeg?h=225&w=225
305049188,Simple Rest & Reset 72 Hour Hydrating Gel 50Ml,https://www.tesco.com/groceries/en-GB/shop/health-and-beauty/all?department=Face%20Skincare&viewAll=department&page=,£7.00,£14.00/100ml,,,/groceries/en-GB/products/305049188,https://digitalcontent.api.tesco.com/v2/media/ghs/3b666dd7-c17a-466a-94e9-08e809153e83/d2faca94-7f3a-4d8a-b92e-8a824596ab74_677128449.jpeg?h=225&w=225
295025295,Garnier Pure Active 3 In 1 Charcoal Face Wash 150Ml,https://www.tesco.com/groceries/en-GB/shop/health-and-beauty/all?department=Face%20Skincare&viewAll=department&page=,£6.00,£4.00/100ml,,,/groceries/en-GB/products/295025295,https://digitalcontent.api.tesco.com/v2/media/ghs/ad5a7415-81f5-4443-bc36-d9c2ce7142f7/df401237-afdb-4d1b-8bd7-2eaaddc33700_83207448.jpeg?h=225&w=225
265373238,Freederm Gel 10G,https://www.tesco.com/groceries/en-GB/shop/health-and-beauty/all?department=Face%20Skincare&viewAll=department&page=,£5.00,£50.00/100g,,,/groceries/en-GB/products/265373238,https://digitalcontent.api.tesco.com/v2/media/ghs/9c97dfeb-d581-462a-9c2d-1901a8cabb2c/eb4adc08-1a47-4227-9d8e-22bc3c0103cb_724340135.jpeg?h=225&w=225
310168402,Bondi Sands Spf 50+ Lip Balm Coconut 10G,https://www.tesco.com/groceries/en-GB/shop/health-and-beauty/all?department=Face%20Skincare&viewAll=department&page=,£5.00,£5.00/10g,,,/groceries/en-GB/products/310168402,https://digitalcontent.api.tesco.com/v2/media/ghs/0bb88b15-4725-4fa0-b1cc-b1b4e0a9ddd3/e0d6a6e4-3b7f-41a1-89cd-d632504e341d_657082960.jpeg?h=225&w=225
287613279,Bulldog Original Face Scrub 125Ml,https://www.tesco.com/groceries/en-GB/shop/health-and-beauty/all?department=Face%20Skincare&viewAll=department&page=,£5.25,£4.20/100ml,,,/groceries/en-GB/products/287613279,https://digitalcontent.api.tesco.com/v2/media/ghs/b8eb7b6f-8b64-43dc-bb1f-c1e1f72c8036/dee11987-c0fb-4c14-9553-cc1a5356674d_190058573.jpeg?h=225&w=225
308117950,Palmer's Coconut Monoi Cleansing Balm 64G,https://www.tesco.com/groceries/en-GB/shop/health-and-beauty/all?department=Face%20Skincare&viewAll=department&page=,£7.50,£11.72/100g,£4.50 Clubcard Price,,/groceries/en-GB/products/308117950,https://digitalcontent.api.tesco.com/v2/media/ghs/18c1dac7-92c4-42b7-9835-f675cdee42b9/8dbd1ff2-250f-40d0-81ac-d18f78a160fe_1804335406.jpeg?h=225&w=225
308103407,Palmer's Coconut Water Facial Moisturizer 50G,https://www.tesco.com/groceries/en-GB/shop/health-and-beauty/all?department=Face%20Skincare&viewAll=department&page=,£7.50,£15.00/100g,£5.00 Clubcard Price,,/groceries/en-GB/products/308103407,https://digitalcontent.api.tesco.com/v2/media/ghs/9009ab03-0e74-4f3b-9e80-cdfb787d2eff/7df50acd-45aa-4e1e-9007-362b8d86051f_1098312524.jpeg?h=225&w=225
295099333,Bulldog Oil Control Face Wash 150Ml,https://www.tesco.com/groceries/en-GB/shop/health-and-beauty/all?department=Face%20Skincare&viewAll=department&page=,£4.80,£3.20/100ml,,,/groceries/en-GB/products/295099333,https://digitalcontent.api.tesco.com/v2/media/ghs/a3089b0e-219e-44d9-91d0-ee9506e95ade/21d0c4f5-a9e1-4bd9-87bc-fe3eb2cde154_1507845981.jpeg?h=225&w=225
295337409,Rockface Anti Ageing Moisture 100Ml,https://www.tesco.com/groceries/en-GB/shop/health-and-beauty/all?department=Face%20Skincare&viewAll=department&page=,£6.00,£6.00/100ml,£4.20 Clubcard Price,,/groceries/en-GB/products/295337409,https://digitalcontent.api.tesco.com/v2/media/ghs/e11caa01-b1bb-4245-bade-3dab48c78323/fae6429d-9841-4f88-bce9-ccf24f9727e0_613972701.jpeg?h=225&w=225
311942193,Skin Republic 3 Retinol Under Eye Patch 9.6G,https://www.tesco.com/groceries/en-GB/shop/health-and-beauty/all?department=Face%20Skincare&viewAll=department&page=,£6.00,£62.50/100g,£4.00 Clubcard Price,,/groceries/en-GB/products/311942193,https://digitalcontent.api.tesco.com/v2/media/ghs/d287369b-b3b6-46e9-bb0a-d25279aefb06/6304b12e-5a6d-4ce9-b2cf-53688d6c0b29_569129232.jpeg?h=225&w=225
308107622,Skin Saints Refresh Facial Wash Vitamin C 100Ml,https://www.tesco.com/groceries/en-GB/shop/health-and-beauty/all?department=Face%20Skincare&viewAll=department&page=,£4.00,£4.00/100ml,,,/groceries/en-GB/products/308107622,https://digitalcontent.api.tesco.com/v2/media/ghs/13a0d5e7-6576-4e13-bdfd-4258e251f356/1423c974-889f-421e-b634-102bfa64ccb9_224888421.jpeg?h=225&w=225
311230427,Burt's Bees Moisturising Lip Balm Unscented 4.25G,https://www.tesco.com/groceries/en-GB/shop/health-and-beauty/all?department=Face%20Skincare&viewAll=department&page=,£4.00,£94.12/100g,£2.50 Clubcard Price,,/groceries/en-GB/products/311230427,https://digitalcontent.api.tesco.com/v2/media/ghs/62abefc9-23ed-4c1d-888a-ab9201c90819/97ec0a7c-1044-4404-8859-078d6e01b3d5_509312091.jpeg?h=225&w=225
311425241,Freeman Sleepy Time Whipped Face Mask 89Ml,https://www.tesco.com/groceries/en-GB/shop/health-and-beauty/all?department=Face%20Skincare&viewAll=department&page=,£5.00,£5.62/100ml,£3.30 Clubcard Price,,/groceries/en-GB/products/311425241,https://digitalcontent.api.tesco.com/v2/media/ghs/aee382ed-50b5-4418-8d92-7b35903307e3/6a3075d2-a47f-4f97-8968-091477f02249_275298714.jpeg?h=225&w=225
298162962,Skin Republic Collagen Face Mask 25Ml,https://www.tesco.com/groceries/en-GB/shop/health-and-beauty/all?department=Face%20Skincare&viewAll=department&page=,£5.00,£20.00/100ml,,,/groceries/en-GB/products/298162962,https://digitalcontent.api.tesco.com/v2/media/ghs/2076836a-091a-4169-b8cb-f6031655f199/7e71abdd-1338-4f86-8836-e4f2ca0c6953_2043849029.jpeg?h=225&w=225
302134339,Ayumi Turmeric & Bergamot Face Wash 150Ml,https://www.tesco.com/groceries/en-GB/shop/health-and-beauty/all?department=Face%20Skincare&viewAll=department&page=,£4.15,£2.77/100ml,,,/groceries/en-GB/products/302134339,https://digitalcontent.api.tesco.com/v2/media/ghs/535a13da-976c-4b24-af50-6017faf119b0/420168dc-5461-41b4-b13f-c2411f8a05da_1505321714.jpeg?h=225&w=225
308101692,Skin Saints Vitamin C Boosting Daily Moisturiser Spf 15 75Ml,https://www.tesco.com/groceries/en-GB/shop/health-and-beauty/all?department=Face%20Skincare&viewAll=department&page=,£4.00,£5.34/100ml,,,/groceries/en-GB/products/308101692,https://digitalcontent.api.tesco.com/v2/media/ghs/1ce65c85-4073-42b3-991a-9dddb886808d/05a39df6-4d89-4097-bf2f-d5bd3247f55c_1740665297.jpeg?h=225&w=225
305737301,Stylpro Reusable Make Up Remover Pads & Laundry Bag 8 Pack,https://www.tesco.com/groceries/en-GB/shop/health-and-beauty/all?department=Face%20Skincare&viewAll=department&page=,£8.00,£1.00/each,,,/groceries/en-GB/products/305737301,https://digitalcontent.api.tesco.com/v2/media/ghs/11e5322c-42c2-4654-8138-7201284888bd/da8f3061-58ed-43f5-bfe8-859ad8480062_175448251.jpeg?h=225&w=225
308474969,Vaseline Limited Edition Pink Diamond 20G,https://www.tesco.com/groceries/en-GB/shop/health-and-beauty/all?department=Face%20Skincare&viewAll=department&page=,£3.00,£15.00/100g,,,/groceries/en-GB/products/308474969,https://digitalcontent.api.tesco.com/v2/media/ghs/af3e296d-f1ba-40e0-a7be-ca58219a7837/b95ac349-3931-4679-a0fe-502e898f2d3f_1946261155.jpeg?h=225&w=225
260655852,Nivea Lip Care Value Pack Ess./ Pearl & Shine,https://www.tesco.com/groceries/en-GB/shop/health-and-beauty/all?department=Face%20Skincare&viewAll=department&page=,£2.30,£47.92/100g,,,/groceries/en-GB/products/260655852,https://digitalcontent.api.tesco.com/v2/media/ghs/9c84dc8d-1753-4c9f-b0a9-30df220f12d1/c911d663-13cb-4e17-88fa-5cb00944f872_1415383659.jpeg?h=225&w=225
305247921,T-Zone Charcoal & Bamboo Nose Pore Strips 6S,https://www.tesco.com/groceries/en-GB/shop/health-and-beauty/all?department=Face%20Skincare&viewAll=department&page=,£3.50,£0.58/each,,,/groceries/en-GB/products/305247921,https://digitalcontent.api.tesco.com/v2/media/ghs/ae1642b2-5ec5-4ef5-a1c0-b9b636854190/87efff90-f934-4cf4-a5c9-548446821595_983618108.jpeg?h=225&w=225
311211373,Freeman Pre Party Mask Duo & Moisturiser,https://www.tesco.com/groceries/en-GB/shop/health-and-beauty/all?department=Face%20Skincare&viewAll=department&page=,£2.50,£2.50/each,£1.65 Clubcard Price,,/groceries/en-GB/products/311211373,https://digitalcontent.api.tesco.com/v2/media/ghs/8019d02c-5695-440a-b721-f856b3fc35c9/3da48c11-1ba9-4646-8a88-d4f3015a2e87_2135343023.jpeg?h=225&w=225
310127906,Masking Moist Hand Mask Coconut & Argan 30Ml,https://www.tesco.com/groceries/en-GB/shop/health-and-beauty/all?department=Face%20Skincare&viewAll=department&page=,£2.00,£6.67/100ml,,,/groceries/en-GB/products/310127906,https://digitalcontent.api.tesco.com/v2/media/ghs/df243b9b-c738-4e0c-923f-dd594bf6c370/51469432-9c57-4f2d-9082-ceaa4eca9ea9_1422840677.jpeg?h=225&w=225
306943936,Simple Kind To Skin Cocnut Water Fface Mask 25G,https://www.tesco.com/groceries/en-GB/shop/health-and-beauty/all?department=Face%20Skincare&viewAll=department&page=,£1.75,£7.00/100g,,,/groceries/en-GB/products/306943936,https://digitalcontent.api.tesco.com/v2/media/ghs/cecfa465-d211-4892-987d-4921f3bbd6d5/3e06827c-db68-46c2-aab4-b735d9e8da8b_396700148.jpeg?h=225&w=225
308476495,Olay Regenerist Collagen Peptide 24 Day Cream 50Ml,https://www.tesco.com/groceries/en-GB/shop/health-and-beauty/all?department=Face%20Skincare&viewAll=department&page=,£38.00,£76.00/100ml,,,/groceries/en-GB/products/308476495,https://digitalcontent.api.tesco.com/v2/media/ghs/569600bc-3d12-46e4-abea-9ca91e7617d2/a6a66a3b-3afe-4f69-b8d3-70196781d427_1989058235.jpeg?h=225&w=225
311265130,Olay Retinol 24 Max Night Eye Cream Fragrance Free 15Ml,https://www.tesco.com/groceries/en-GB/shop/health-and-beauty/all?department=Face%20Skincare&viewAll=department&page=,£44.00,£293.34/100ml,£22.00 Clubcard Price,,/groceries/en-GB/products/311265130,https://digitalcontent.api.tesco.com/v2/media/ghs/4b89ca8c-ad03-4edd-a799-e745d5400899/39c9bfe8-1338-4f85-ade7-30864d07d94a_1203879381.jpeg?h=225&w=225
311424052,Nivea Luminous 630 A/Drk Spot Face Serum 30Ml,https://www.tesco.com/groceries/en-GB/shop/health-and-beauty/all?department=Face%20Skincare&viewAll=department&page=,£30.00,£100.00/100ml,£15.00 Clubcard Price,,/groceries/en-GB/products/311424052,https://digitalcontent.api.tesco.com/v2/media/ghs/4a5abf03-27f7-4418-a861-5fdae541990d/16f94576-7f22-4c10-952a-24aa71721ece_1747873788.jpeg?h=225&w=225
297631651,L'oreal Paris Age Perfect Golden Age Night Cream 50Ml,https://www.tesco.com/groceries/en-GB/shop/health-and-beauty/all?department=Face%20Skincare&viewAll=department&page=,£16.00,£32.00/100ml,,,/groceries/en-GB/products/297631651,https://digitalcontent.api.tesco.com/v2/media/ghs/870f9189-2e2f-44a9-a006-5ccc65fb0180/832c0248-dcb1-4e95-b43e-1fd42ae34ee1_2034489272.jpeg?h=225&w=225
291300851,Loreal Age Perfect Golden Spf 20 Day Cream 50Ml,https://www.tesco.com/groceries/en-GB/shop/health-and-beauty/all?department=Face%20Skincare&viewAll=department&page=,£16.00,£32.00/100ml,,,/groceries/en-GB/products/291300851,https://digitalcontent.api.tesco.com/v2/media/ghs/a619e173-b6cf-43a9-8bbb-c76eb180fc1e/4e92b1a0-526a-408d-a408-767dd8168604_253716991.jpeg?h=225&w=225
311226632,L'oreal Paris Revitalift Filler Eye Serum 20Ml,https://www.tesco.com/groceries/en-GB/shop/health-and-beauty/all?department=Face%20Skincare&viewAll=department&page=,£25.00,£125.00/100ml,£16.70 Clubcard Price,,/groceries/en-GB/products/311226632,https://digitalcontent.api.tesco.com/v2/media/ghs/a9c4ebe3-a1de-4696-9064-1fa9f177416c/e926ca2d-91b2-4bea-ad63-ff93d9fa5930_1006968076.jpeg?h=225&w=225
274709169,L'oreal Paris Revitalift Laser Renew Super Serum 30Ml,https://www.tesco.com/groceries/en-GB/shop/health-and-beauty/all?department=Face%20Skincare&viewAll=department&page=,£28.00,£93.34/100ml,£14.00 Clubcard Price,,/groceries/en-GB/products/274709169,https://digitalcontent.api.tesco.com/v2/media/ghs/967f63f2-8d22-4f5e-8f0e-1972fb316cd3/b6eae29a-667a-4000-9ba9-bedc321746e3_1271113113.jpeg?h=225&w=225
274708971,L'oreal Paris Revitalift Laser Renew Cream 50Ml,https://www.tesco.com/groceries/en-GB/shop/health-and-beauty/all?department=Face%20Skincare&viewAll=department&page=,£28.00,£56.00/100ml,£14.00 Clubcard Price,,/groceries/en-GB/products/274708971,https://digitalcontent.api.tesco.com/v2/media/ghs/7e588a9e-0e4e-4589-be87-3c43fe14141c/5d4c0d92-415f-4b0a-b72f-3779a1842dba_1535098431.jpeg?h=225&w=225
304741971,Nivea Q10 Anti-Wrinkle Skin 60+ 50Ml,https://www.tesco.com/groceries/en-GB/shop/health-and-beauty/all?department=Face%20Skincare&viewAll=department&page=,£16.00,£32.00/100ml,,,/groceries/en-GB/products/304741971,https://digitalcontent.api.tesco.com/v2/media/ghs/3ec2ea6f-1d50-43fe-821e-8496fc7fd6e7/a7df1269-ad8c-4f63-91c1-d35fd374373e_1900546275.jpeg?h=225&w=225
309482409,Super Facialist Vitamin C Glow Boost Skin Serum 30Ml,https://www.tesco.com/groceries/en-GB/shop/health-and-beauty/all?department=Face%20Skincare&viewAll=department&page=,£17.00,£56.67/100ml,£11.35 Clubcard Price,,/groceries/en-GB/products/309482409,https://digitalcontent.api.tesco.com/v2/media/ghs/72168122-9e8b-4ed7-89e8-957df15fd930/e10e9f96-ff3d-40e1-af32-d470bca04e8e_550278915.jpeg?h=225&w=225
302353333,L'oreal Revita Hyaluronic Acid Day Cream 50Ml,https://www.tesco.com/groceries/en-GB/shop/health-and-beauty/all?department=Face%20Skincare&viewAll=department&page=,£20.00,£40.00/100ml,£13.30 Clubcard Price,,/groceries/en-GB/products/302353333,https://digitalcontent.api.tesco.com/v2/media/ghs/60594928-8a66-4d60-b29d-26e846f043db/7f850e0a-2e2d-4fcf-bab0-cdce95327cc0_646205623.jpeg?h=225&w=225
311440585,Garnier Skin Active Vitamin C Brightening Serum Spf25 50Ml,https://www.tesco.com/groceries/en-GB/shop/health-and-beauty/all?department=Face%20Skincare&viewAll=department&page=,£10.00,£20.00/100ml,,,/groceries/en-GB/products/311440585,https://digitalcontent.api.tesco.com/v2/media/ghs/e6444a4e-3871-457b-8ce5-e963d0c44851/79c72b5d-ed4f-47ec-b43d-56dbef64dbc0_401422403.jpeg?h=225&w=225
311435937,Aveeno Face Calm & Restore Triple Oat Serum 30Ml,https://www.tesco.com/groceries/en-GB/shop/health-and-beauty/all?department=Face%20Skincare&viewAll=department&page=,£15.00,£50.00/100ml,£10.00 Clubcard Price,,/groceries/en-GB/products/311435937,https://digitalcontent.api.tesco.com/v2/media/ghs/b4c4e8dc-a918-4744-bf3f-38423808b7cb/6b73ee9f-4a28-4826-948d-a7d00b253f4d_432361759.jpeg?h=225&w=225
305978228,Nip+Fab Vitamin C Scrub Fix 75Ml,https://www.tesco.com/groceries/en-GB/shop/health-and-beauty/all?department=Face%20Skincare&viewAll=department&page=,£13.00,£17.34/100ml,,,/groceries/en-GB/products/305978228,https://digitalcontent.api.tesco.com/v2/media/ghs/c8fb7256-6014-4ab8-8cb4-a5556067d04a/fcaeb247-e568-4073-ac01-9a605f235d75_1166351248.jpeg?h=225&w=225
311692597,Nivea Hydrating Hyaluronic Acid Face Serum 100Ml,https://www.tesco.com/groceries/en-GB/shop/health-and-beauty/all?department=Face%20Skincare&viewAll=department&page=,£13.00,£13.00/100ml,,,/groceries/en-GB/products/311692597,https://digitalcontent.api.tesco.com/v2/media/ghs/8b9fc2ec-4fe0-4beb-9f6e-438994f829bf/267d8bf8-5aa9-4277-98fb-c2ca0d48f6c6_968042456.jpeg?h=225&w=225
303718575,L'oreal Paris Revitalift Ginseng Glow Day Cream 50Ml,https://www.tesco.com/groceries/en-GB/shop/health-and-beauty/all?department=Face%20Skincare&viewAll=department&page=,£14.00,£28.00/100ml,,,/groceries/en-GB/products/303718575,https://digitalcontent.api.tesco.com/v2/media/ghs/2804a621-551d-497d-ba9e-5ba770a6deec/b2e9a063-e0ec-40e9-9453-6a6a6b3c56e9_847286353.jpeg?h=225&w=225
297745378,Nivea Q10 Plus C Energy Eye Treatment 15Ml,https://www.tesco.com/groceries/en-GB/shop/health-and-beauty/all?department=Face%20Skincare&viewAll=department&page=,£13.00,£86.67/100ml,,,/groceries/en-GB/products/297745378,https://digitalcontent.api.tesco.com/v2/media/ghs/31db4253-740e-4e6f-bc9e-b2c4f8780513/85e0521f-5284-4c72-8483-10c625f9718b_472947071.jpeg?h=225&w=225
310136884,Garnier Micellar Make Up Remover Eco Pads 3Pack,https://www.tesco.com/groceries/en-GB/shop/health-and-beauty/all?department=Face%20Skincare&viewAll=department&page=,£9.00,£3.00/each,,,/groceries/en-GB/products/310136884,https://digitalcontent.api.tesco.com/v2/media/ghs/39691c4f-2d8c-407a-bfb9-ef1b0dc889a7/d1812567-0a68-4bca-ab65-febab1859d4e_1709997670.jpeg?h=225&w=225
308115952,Palmers Coconut Monoi Luminous Facial Oil 30Ml,https://www.tesco.com/groceries/en-GB/shop/health-and-beauty/all?department=Face%20Skincare&viewAll=department&page=,£10.00,£33.34/100ml,£6.00 Clubcard Price,,/groceries/en-GB/products/308115952,https://digitalcontent.api.tesco.com/v2/media/ghs/22eafcd5-731a-4357-bcf6-c15170dfa1f5/8fe1e354-a4d8-49ab-86e1-1e730e0ac23b_51174621.jpeg?h=225&w=225
311228097,Simple 10% Vitamins C+E+F Booster Serum 30Ml,https://www.tesco.com/groceries/en-GB/shop/health-and-beauty/all?department=Face%20Skincare&viewAll=department&page=,£8.00,£26.67/100ml,,,/groceries/en-GB/products/311228097,https://digitalcontent.api.tesco.com/v2/media/ghs/68c14176-4a40-4dc7-bfa4-cbc198a4ea1c/3088cbb4-c0ce-4a9b-83f9-49e417d6ee6e_1674456185.jpeg?h=225&w=225
308096119,Neutrogena Clear & Soothe Mousse Cleanser 150Ml,https://www.tesco.com/groceries/en-GB/shop/health-and-beauty/all?department=Face%20Skincare&viewAll=department&page=,£6.20,£4.14/100ml,,,/groceries/en-GB/products/308096119,https://digitalcontent.api.tesco.com/v2/media/ghs/b00bbb2f-e72b-45db-bb05-911699b151e1/062cb540-6bdd-48ea-9964-df37e11c5db6_273398586.jpeg?h=225&w=225
309192707,Acnecide Face Wash Gel 50G,https://www.tesco.com/groceries/en-GB/shop/health-and-beauty/all?department=Face%20Skincare&viewAll=department&page=,£10.00,£20.00/100g,£7.50 Clubcard Price,,/groceries/en-GB/products/309192707,https://digitalcontent.api.tesco.com/v2/media/ghs/20fbfa28-52fa-4db0-9917-0c58a85be53a/cb46a9bd-cb19-4635-a070-faf34ab596cc_1398234500.jpeg?h=225&w=225
271240387,Garnier Bb Cream Original Light Tinted Moisturiser 50Ml,https://www.tesco.com/groceries/en-GB/shop/health-and-beauty/all?department=Face%20Skincare&viewAll=department&page=,£8.00,£16.00/100ml,,,/groceries/en-GB/products/271240387,https://digitalcontent.api.tesco.com/v2/media/ghs/79277073-d253-4901-9c2a-f8a9458d8230/962bbeb8-37d1-4b51-a7f8-d7010e6bae6e_1510192249.jpeg?h=225&w=225
271240180,Garnier Bb Cream Original Medium Tinted Moisturiser 50Ml,https://www.tesco.com/groceries/en-GB/shop/health-and-beauty/all?department=Face%20Skincare&viewAll=department&page=,£8.00,£16.00/100ml,,,/groceries/en-GB/products/271240180,https://digitalcontent.api.tesco.com/v2/media/ghs/cfded57f-a033-481f-81c9-9b2f7d0e0779/947bbf93-4224-4361-b4d0-27581260d2d8_1069676085.jpeg?h=225&w=225
308092862,Neutrogena Clear & Soothe Moisturiser 75Ml,https://www.tesco.com/groceries/en-GB/shop/health-and-beauty/all?department=Face%20Skincare&viewAll=department&page=,£6.20,£8.27/100ml,,,/groceries/en-GB/products/308092862,https://digitalcontent.api.tesco.com/v2/media/ghs/829017a7-b0ff-42f5-9004-a3236aececf8/572d2bad-db24-4027-add9-c063517e0135_1499492945.jpeg?h=225&w=225
257764047,Olay Anti Wrinkle Mature Skin Day Cream Moisturiser Spf 15 50Ml,https://www.tesco.com/groceries/en-GB/shop/health-and-beauty/all?department=Face%20Skincare&viewAll=department&page=,£10.10,£20.20/100ml,,,/groceries/en-GB/products/257764047,https://digitalcontent.api.tesco.com/v2/media/ghs/4a651218-65dd-43dd-82d2-8beda3cfe768/1df81381-b206-48eb-847c-82714b9c085a_1804273767.jpeg?h=225&w=225
305044775,Nip Plus Fab Purify Salicylic Fix Lotion 100Ml,https://www.tesco.com/groceries/en-GB/shop/health-and-beauty/all?department=Face%20Skincare&viewAll=department&page=,£15.00,£15.00/100ml,,,/groceries/en-GB/products/305044775,https://digitalcontent.api.tesco.com/v2/media/ghs/daf2e2fa-0af1-4373-a52d-62f6db690352/86a8d136-0f54-4639-aaeb-14ea6960d4c2_1689139468.jpeg?h=225&w=225
308851517,Balance Hyaluronic Deep Moisture Serum 30Ml,https://www.tesco.com/groceries/en-GB/shop/health-and-beauty/all?department=Face%20Skincare&viewAll=department&page=,£5.00,£16.67/100ml,,,/groceries/en-GB/products/308851517,https://digitalcontent.api.tesco.com/v2/media/ghs/09cd82b1-608d-4269-9b50-0174b6886994/4e62270f-f73a-4665-af29-c398bfe3e37d_10387505.jpeg?h=225&w=225
305973412,Nip Plus Fab Purify Salicylix Fix Mask 25Ml,https://www.tesco.com/groceries/en-GB/shop/health-and-beauty/all?department=Face%20Skincare&viewAll=department&page=,£5.50,£22.00/100ml,,,/groceries/en-GB/products/305973412,https://digitalcontent.api.tesco.com/v2/media/ghs/111931a2-8fcc-4332-b0fe-71a01e2d3491/0723653d-42d1-4c0f-9076-1d67d20ecb78_1640200673.jpeg?h=225&w=225
307759069,Nivea Sun Ultra Violet Face Shine Control Spf 50 50Ml,https://www.tesco.com/groceries/en-GB/shop/health-and-beauty/all?department=Face%20Skincare&viewAll=department&page=,£7.40,£14.80/100ml,,,/groceries/en-GB/products/307759069,https://digitalcontent.api.tesco.com/v2/media/ghs/05095c24-c0c3-4ffc-9bcb-9ba5c72cfb5f/16d4faf9-bb31-4c6d-96d2-9f0efaef625d_701240902.jpeg?h=225&w=225
307733757,Nivea Sun Ultra Violet Face Soothing Sensitive Spf 50 50Ml,https://www.tesco.com/groceries/en-GB/shop/health-and-beauty/all?department=Face%20Skincare&viewAll=department&page=,£7.40,£14.80/100ml,,,/groceries/en-GB/products/307733757,https://digitalcontent.api.tesco.com/v2/media/ghs/1caafa5f-3b75-43cb-bb22-61222c45723c/cdd1c398-6a65-4e1c-8ba7-4a36303600e0_1213213665.jpeg?h=225&w=225
309492030,Super Facialist Vitc Daily Micro Polish Wash 125Ml,https://www.tesco.com/groceries/en-GB/shop/health-and-beauty/all?department=Face%20Skincare&viewAll=department&page=,£10.00,£8.00/100ml,£6.65 Clubcard Price,,/groceries/en-GB/products/309492030,https://digitalcontent.api.tesco.com/v2/media/ghs/8d4077d8-7009-4ceb-b241-9855c4c0be50/34a7d77c-3652-4055-9873-68940020d9a3_957126954.jpeg?h=225&w=225
310131440,Skin Saints Vitamin C Illumin Wonder Scrub 75Ml,https://www.tesco.com/groceries/en-GB/shop/health-and-beauty/all?department=Face%20Skincare&viewAll=department&page=,£4.50,£6.00/100ml,,,/groceries/en-GB/products/310131440,https://digitalcontent.api.tesco.com/v2/media/ghs/c172a91c-2082-45be-b1be-d22581aca397/1c5cd66e-f8a8-4dff-a068-1d3bec1aa5f4_852481173.jpeg?h=225&w=225
304784292,Simple Protect & Glow Express Glow Clay Polish 150Ml,https://www.tesco.com/groceries/en-GB/shop/health-and-beauty/all?department=Face%20Skincare&viewAll=department&page=,£5.00,£3.34/100ml,,,/groceries/en-GB/products/304784292,https://digitalcontent.api.tesco.com/v2/media/ghs/ce0206bd-ec71-4446-af92-bf5868f99241/b52f2e89-03cf-40f9-963e-c8c99dc0b0c8_1916860756.jpeg?h=225&w=225
299154008,L’Oreal Men Expert Barberclub Beard Oil 30Ml,https://www.tesco.com/groceries/en-GB/shop/health-and-beauty/all?department=Face%20Skincare&viewAll=department&page=,£7.25,£24.17/100ml,£5.50 Clubcard Price,,/groceries/en-GB/products/299154008,https://digitalcontent.api.tesco.com/v2/media/ghs/c41cd96f-290d-46f0-9ae1-5aa8d5e226c6/f7a3a321-9ce4-4190-b220-24d62f98d8a6_921559077.jpeg?h=225&w=225
308102875,Skin Saints Brightening Eye Treatment Vitamin C10ml,https://www.tesco.com/groceries/en-GB/shop/health-and-beauty/all?department=Face%20Skincare&viewAll=department&page=,£4.00,£40.00/100ml,,,/groceries/en-GB/products/308102875,https://digitalcontent.api.tesco.com/v2/media/ghs/2d2b56a5-c483-429a-ab6e-61ab118902e3/b2871d06-f2be-47fd-babc-aedf9b13e141_1480121295.jpeg?h=225&w=225
308105146,Skin Saints Glow Skin Tonic Vitamic C 100Ml,https://www.tesco.com/groceries/en-GB/shop/health-and-beauty/all?department=Face%20Skincare&viewAll=department&page=,£4.00,£4.00/100ml,,,/groceries/en-GB/products/308105146,https://digitalcontent.api.tesco.com/v2/media/ghs/01478548-4a0d-41af-a190-95a96e077ada/1cae06b8-cef4-43f6-a201-7b91fcb5008b_1358084894.jpeg?h=225&w=225
310699073,Skin Saints Vitamin C Replenishing Day Moisturiser 75Ml,https://www.tesco.com/groceries/en-GB/shop/health-and-beauty/all?department=Face%20Skincare&viewAll=department&page=,£4.50,£6.00/100ml,,,/groceries/en-GB/products/310699073,https://digitalcontent.api.tesco.com/v2/media/ghs/7bc5f1c1-0896-457b-b990-b94a476d6bb1/4ebfa463-d4b4-43ce-b8fe-aaddefdb8a75_1433462262.jpeg?h=225&w=225
309202869,Hilltop Original Beeswax Lip Balm 6.25G,https://www.tesco.com/groceries/en-GB/shop/health-and-beauty/all?department=Face%20Skincare&viewAll=department&page=,£3.00,£48.00/100g,,,/groceries/en-GB/products/309202869,https://digitalcontent.api.tesco.com/v2/media/ghs/aa6da5d8-eaa3-4845-ad8c-9efb7a0dc159/4a1dd9e2-4ec3-4675-be2d-7cb9af623639_1350173769.jpeg?h=225&w=225
301219754,Yes To Charcoal Peeloff Mask 10Ml,https://www.tesco.com/groceries/en-GB/shop/health-and-beauty/all?department=Face%20Skincare&viewAll=department&page=,£4.00,£40.00/100ml,,,/groceries/en-GB/products/301219754,https://digitalcontent.api.tesco.com/v2/media/ghs/ac317f3a-8880-44b9-b058-947175ae72e4/b1ff6a66-cc55-42a4-8ca9-15fb23c95dc2_263242821.jpeg?h=225&w=225
309473174,Blistex Medplus Spf 15 7Ml,https://www.tesco.com/groceries/en-GB/shop/health-and-beauty/all?department=Face%20Skincare&viewAll=department&page=,£2.30,£32.86/100ml,,,/groceries/en-GB/products/309473174,https://digitalcontent.api.tesco.com/v2/media/ghs/5034e117-d768-4840-a379-ebdb17e0e212/28d729f0-42ec-49a3-a806-2b18672f966f_2078407295.jpeg?h=225&w=225
305041997,Yes To Grapefruit Rejuvenating Face Wipes 30,https://www.tesco.com/groceries/en-GB/shop/health-and-beauty/all?department=Face%20Skincare&viewAll=department&page=,£2.65,£8.84/100sht,,,/groceries/en-GB/products/305041997,https://digitalcontent.api.tesco.com/v2/media/ghs/6eebafa4-fc45-4346-b3e2-547a44f0400b/312acaa8-c6f0-4900-b14d-481b1e7678fa_861386607.jpeg?h=225&w=225
311251428,Freeman After Party Duo Mask & Eye Cream,https://www.tesco.com/groceries/en-GB/shop/health-and-beauty/all?department=Face%20Skincare&viewAll=department&page=,£2.50,£2.50/each,£1.65 Clubcard Price,,/groceries/en-GB/products/311251428,https://digitalcontent.api.tesco.com/v2/media/ghs/0ac145c0-d31e-4a57-97ef-658f612a2c29/dc6b029a-2a88-422b-a9ab-1f6dcb7e4afa_1840336071.jpeg?h=225&w=225
311443645,Freeman In The Clouds Under Eye Hydrogel Mas3.4G,https://www.tesco.com/groceries/en-GB/shop/health-and-beauty/all?department=Face%20Skincare&viewAll=department&page=,£2.00,£58.83/100g,£1.30 Clubcard Price,,/groceries/en-GB/products/311443645,https://digitalcontent.api.tesco.com/v2/media/ghs/39de416b-31da-4375-beb4-93a137d28565/9a135dbe-cfe6-4b60-9e3a-d7bb66939884_2095295235.jpeg?h=225&w=225
311430113,Olay Retinol 24 Max Night Face Cream Fragrance Free 50Ml,https://www.tesco.com/groceries/en-GB/shop/health-and-beauty/all?department=Face%20Skincare&viewAll=department&page=,£44.00,£88.00/100ml,£22.00 Clubcard Price,,/groceries/en-GB/products/311430113,https://digitalcontent.api.tesco.com/v2/media/ghs/8769bb98-28ad-4952-ab99-efdfe642c1e0/bc441476-8936-4f50-be3f-804bb2893c57_492577052.jpeg?h=225&w=225
308478739,Olay Retinol24 Night Moisturiser 50Ml,https://www.tesco.com/groceries/en-GB/shop/health-and-beauty/all?department=Face%20Skincare&viewAll=department&page=,£38.00,£76.00/100ml,,,/groceries/en-GB/products/308478739,https://digitalcontent.api.tesco.com/v2/media/ghs/1602bff9-2353-439f-99cf-30e8f93d5fc4/61a9df5a-30cc-42af-aa74-a9a114962733_1376734764.jpeg?h=225&w=225
307747960,Olay Eyes Collagen Peptide 24 Eye Cream 15Ml,https://www.tesco.com/groceries/en-GB/shop/health-and-beauty/all?department=Face%20Skincare&viewAll=department&page=,£38.00,£253.34/100ml,,,/groceries/en-GB/products/307747960,https://digitalcontent.api.tesco.com/v2/media/ghs/bc4bf04a-5274-4433-953e-71ef21897b94/5610656c-cb8d-479c-afbd-09c127e48bfc_391531524.jpeg?h=225&w=225
311265176,Olay Regenerist Collagen Peptide Fragrance Free Spf30 50Ml,https://www.tesco.com/groceries/en-GB/shop/health-and-beauty/all?department=Face%20Skincare&viewAll=department&page=,£38.00,£76.00/100ml,,,/groceries/en-GB/products/311265176,https://digitalcontent.api.tesco.com/v2/media/ghs/72d638e9-8ef9-4a98-abc9-34b045dd55ef/fc73acbf-2c1a-4dbe-bc42-6fe1e2c93976_1755074394.jpeg?h=225&w=225
311443377,Nivea Luminous 630 Anti-Dark Spots Night Cream 50Ml,https://www.tesco.com/groceries/en-GB/shop/health-and-beauty/all?department=Face%20Skincare&viewAll=department&page=,£27.00,£54.00/100ml,£13.50 Clubcard Price,,/groceries/en-GB/products/311443377,https://digitalcontent.api.tesco.com/v2/media/ghs/168283de-a09e-473d-93bc-049b4e8885aa/3f553b9a-4428-401d-bf86-a99dcfb7233c_1673819616.jpeg?h=225&w=225
311666243,Olay Regenerist 3 Point Spf30 Moisturiser Day Cream 50Ml,https://www.tesco.com/groceries/en-GB/shop/health-and-beauty/all?department=Face%20Skincare&viewAll=department&page=,£34.00,£68.00/100ml,£17.00 Clubcard Price,,/groceries/en-GB/products/311666243,https://digitalcontent.api.tesco.com/v2/media/ghs/95cdd57a-b3f4-4355-b24f-99683557de32/9a50f746-3191-4d8d-a9f2-f4494e445405_1908603477.jpeg?h=225&w=225
291300776,L'oreal Paris Age Perfect Golden Age Rosy Day Cream 50Ml,https://www.tesco.com/groceries/en-GB/shop/health-and-beauty/all?department=Face%20Skincare&viewAll=department&page=,£16.00,£32.00/100ml,,,/groceries/en-GB/products/291300776,https://digitalcontent.api.tesco.com/v2/media/ghs/5dba8120-92c7-4004-8f30-5b02ff6b05ee/d8f56787-bb22-4c96-af95-d52107f1c14e_1852191979.jpeg?h=225&w=225
302113445,Olay 7In1 Total Effects Day Cream Moisturiser Spf 30 50Ml,https://www.tesco.com/groceries/en-GB/shop/health-and-beauty/all?department=Face%20Skincare&viewAll=department&page=,£16.50,£33.00/100ml,,,/groceries/en-GB/products/302113445,https://digitalcontent.api.tesco.com/v2/media/ghs/905b9631-9dd5-4858-912a-d1d74b5d3c14/a4aa48e8-12ba-4ba9-bfa6-db79f91b585c_563910409.jpeg?h=225&w=225
302370773,L'oreal Revitalift Fill Night Cream 50Ml,https://www.tesco.com/groceries/en-GB/shop/health-and-beauty/all?department=Face%20Skincare&viewAll=department&page=,£20.00,£40.00/100ml,£13.30 Clubcard Price,,/groceries/en-GB/products/302370773,https://digitalcontent.api.tesco.com/v2/media/ghs/b08b8333-b3d2-4bf4-8f25-8eab6e8a461e/42035f0e-2508-4c1d-8b61-23c6679d2096_1813384996.jpeg?h=225&w=225
311684958,Olay Vitamin C & Aha Brightening Day Serum 40Ml,https://www.tesco.com/groceries/en-GB/shop/health-and-beauty/all?department=Face%20Skincare&viewAll=department&page=,£38.00,£95.00/100ml,,,/groceries/en-GB/products/311684958,https://digitalcontent.api.tesco.com/v2/media/ghs/06f510b1-1458-45a1-b425-dffb7b79d415/5c9e9be1-661d-4d53-9a9f-c8e40734dbf8_1723170002.jpeg?h=225&w=225
304783333,Olay Regenerist Whip 30Spf Active Moisturiser 50Ml,https://www.tesco.com/groceries/en-GB/shop/health-and-beauty/all?department=Face%20Skincare&viewAll=department&page=,£35.00,£70.00/100ml,£19.00 Clubcard Price,,/groceries/en-GB/products/304783333,https://digitalcontent.api.tesco.com/v2/media/ghs/be540a8b-137a-4109-8cda-f1b4be51d3d9/fdf6485e-eb1c-43a1-a0da-733bf5086590_961700053.jpeg?h=225&w=225
295446580,Olay Firming Eye Serum 15Ml,https://www.tesco.com/groceries/en-GB/shop/health-and-beauty/all?department=Face%20Skincare&viewAll=department&page=,£25.00,£166.67/100ml,£14.50 Clubcard Price,,/groceries/en-GB/products/295446580,https://digitalcontent.api.tesco.com/v2/media/ghs/29524aa7-7810-447a-96ca-c50749d66bb0/58d56a64-e820-4a18-9362-c9c18c077791_1503181979.jpeg?h=225&w=225
304788322,Nip+Fab Salicylic Fix Night 60 Pads,https://www.tesco.com/groceries/en-GB/shop/health-and-beauty/all?department=Face%20Skincare&viewAll=department&page=,£15.00,£0.25/each,,,/groceries/en-GB/products/304788322,https://digitalcontent.api.tesco.com/v2/media/ghs/ea36c156-822e-4ae0-aa82-4c69324bcfb5/afae8c47-8f2d-4876-b123-07f0f4f01221_1488059820.jpeg?h=225&w=225
308087460,Nivea Men Anti Age Hyaluron Face Cream 50Ml,https://www.tesco.com/groceries/en-GB/shop/health-and-beauty/all?department=Face%20Skincare&viewAll=department&page=,£12.00,£24.00/100ml,,,/groceries/en-GB/products/308087460,https://digitalcontent.api.tesco.com/v2/media/ghs/47c5a88d-cc94-4037-a097-6e11459395fd/8e8b5ad5-6205-4a43-8308-ab3cac0b7acd_1260195341.jpeg?h=225&w=225
309487889,Super Facialist Vitamin C+ Skin Daily Moisturiser 75Ml,https://www.tesco.com/groceries/en-GB/shop/health-and-beauty/all?department=Face%20Skincare&viewAll=department&page=,£17.00,£22.67/100ml,£11.35 Clubcard Price,,/groceries/en-GB/products/309487889,https://digitalcontent.api.tesco.com/v2/media/ghs/c1115595-7afe-4bc1-9c56-66074f67d070/53d9c166-dbc0-4d20-9208-53c922a2c4cd_371662976.jpeg?h=225&w=225
308859152,Nivea Men Anti Age Hyaluron Eye Cream 15Ml,https://www.tesco.com/groceries/en-GB/shop/health-and-beauty/all?department=Face%20Skincare&viewAll=department&page=,£11.00,£73.34/100ml,,,/groceries/en-GB/products/308859152,https://digitalcontent.api.tesco.com/v2/media/ghs/8aa4a640-31e9-4f7c-9dde-22fedee8bc54/f7b72e7c-60ce-42d8-a433-06d24c4d045c_1038560912.jpeg?h=225&w=225
309173615,Zero Skin Academy Facial Oil 30Ml,https://www.tesco.com/groceries/en-GB/shop/health-and-beauty/all?department=Face%20Skincare&viewAll=department&page=,£13.00,£43.34/100ml,,,/groceries/en-GB/products/309173615,https://digitalcontent.api.tesco.com/v2/media/ghs/f90451a8-bb11-4ba8-86e6-756e938cfe7f/55c1941b-b067-4d61-9085-78ad9bdf567c_488627853.jpeg?h=225&w=225
256013472,Olay 7In1 Total Effects Day Cream Fragrance Free Moisturiser 50Ml,https://www.tesco.com/groceries/en-GB/shop/health-and-beauty/all?department=Face%20Skincare&viewAll=department&page=,£16.50,£33.00/100ml,,,/groceries/en-GB/products/256013472,https://digitalcontent.api.tesco.com/v2/media/ghs/8e56e780-90d2-4271-8151-8e03f04721c1/1c33e98d-5dd1-4c03-bd9b-9750878b5e5f_1255666720.jpeg?h=225&w=225
305255721,Nip & Fab Salicylic Fix Day Pads 60 Pack,https://www.tesco.com/groceries/en-GB/shop/health-and-beauty/all?department=Face%20Skincare&viewAll=department&page=,£13.00,£0.22/each,,,/groceries/en-GB/products/305255721,https://digitalcontent.api.tesco.com/v2/media/ghs/d43d901c-48a6-4497-bab8-50defdecb1ed/bb95af42-8796-4262-bd9a-bcfb8cb74388_1863353271.jpeg?h=225&w=225
305956548,Skin Academy Zero Face Scrub 100Ml,https://www.tesco.com/groceries/en-GB/shop/health-and-beauty/all?department=Face%20Skincare&viewAll=department&page=,£10.00,£10.00/100ml,,,/groceries/en-GB/products/305956548,https://digitalcontent.api.tesco.com/v2/media/ghs/151a4361-6a04-4fe4-a090-ae328cce1bd0/e5c6d843-04ca-4917-845c-0674b7972a54_1611227704.jpeg?h=225&w=225
309208949,Super Facialist Vitamin C Brightening Cleansing Oil 200Ml,https://www.tesco.com/groceries/en-GB/shop/health-and-beauty/all?department=Face%20Skincare&viewAll=department&page=,£12.00,£6.00/100ml,£7.95 Clubcard Price,,/groceries/en-GB/products/309208949,https://digitalcontent.api.tesco.com/v2/media/ghs/ed3d4283-91b5-4d08-b1cc-a93001396d3e/cac9d938-693e-4f12-a665-ecb560eccf56_174581909.jpeg?h=225&w=225
311435102,Nivea Hydrating Skin Effect Day Wake Up Gel 50Ml,https://www.tesco.com/groceries/en-GB/shop/health-and-beauty/all?department=Face%20Skincare&viewAll=department&page=,£10.00,£20.00/100ml,,,/groceries/en-GB/products/311435102,https://digitalcontent.api.tesco.com/v2/media/ghs/0e0c1907-1e98-4d9e-91b0-91f49c23c47b/ea6b938a-b2e1-4007-959e-105d5fb44f2f_518810631.jpeg?h=225&w=225
311438813,Garnier Skin Active Vitamin C Anti-Dark Spot Serum 30Ml,https://www.tesco.com/groceries/en-GB/shop/health-and-beauty/all?department=Face%20Skincare&viewAll=department&page=,£12.00,£40.00/100ml,£8.00 Clubcard Price,,/groceries/en-GB/products/311438813,https://digitalcontent.api.tesco.com/v2/media/ghs/7446d04b-cb0d-412d-9ba4-1170b6228e0a/52f620bf-8924-433b-9dda-e2de650ce0c5_1560936345.jpeg?h=225&w=225
311680225,Nivea Hydrating Skin Effect Gel Cream Night 50Ml,https://www.tesco.com/groceries/en-GB/shop/health-and-beauty/all?department=Face%20Skincare&viewAll=department&page=,£10.00,£20.00/100ml,,,/groceries/en-GB/products/311680225,https://digitalcontent.api.tesco.com/v2/media/ghs/bb816929-3bc2-45ad-85bf-cdde22e6385e/67305299-f87e-4f80-b752-7b7ca239f8e6_1013709087.jpeg?h=225&w=225
299625172,E45 Daily Lotion 400Ml,https://www.tesco.com/groceries/en-GB/shop/health-and-beauty/all?department=Body%20Skincare&viewAll=department&page=,£6.00,£1.50/100ml,,,/groceries/en-GB/products/299625172,https://digitalcontent.api.tesco.com/v2/media/ghs/61e18b12-a578-473c-a81d-d606141a0d3f/192ed8e8-0592-421a-95bb-66007f74e4c5_455938400.jpeg?h=225&w=225
259542368,E45 Cream 350G,https://www.tesco.com/groceries/en-GB/shop/health-and-beauty/all?department=Body%20Skincare&viewAll=department&page=,£9.50,£2.72/100g,,,/groceries/en-GB/products/259542368,https://digitalcontent.api.tesco.com/v2/media/ghs/23edf069-f956-43c0-bd52-c373bf7f2d21/0eab70eb-6fdb-4d35-aa16-ba81b29a6a84_2058546665.jpeg?h=225&w=225
299522339,Nivea Q10 Plus Vitamin C Firming Body Lotion 400Ml,https://www.tesco.com/groceries/en-GB/shop/health-and-beauty/all?department=Body%20Skincare&viewAll=department&page=,£6.50,£1.63/100ml,£4.95 Clubcard Price,,/groceries/en-GB/products/299522339,https://digitalcontent.api.tesco.com/v2/media/ghs/43532335-a60b-4808-a485-8aede8b61192/eaff4b35-798d-4161-a40f-be517f659ca2_306415528.jpeg?h=225&w=225
266253293,Aveeno Skin Relief Body Lotion 300Ml,https://www.tesco.com/groceries/en-GB/shop/health-and-beauty/all?department=Body%20Skincare&viewAll=department&page=,£9.50,£3.17/100ml,,,/groceries/en-GB/products/266253293,https://digitalcontent.api.tesco.com/v2/media/ghs/c511e90d-4771-473e-9eda-89e399c0464b/e1a65815-3f0d-4897-a2b0-08ec4812420f_1677588763.jpeg?h=225&w=225
268139800,Nivea Body Express Hydration Lotion 400Ml,https://www.tesco.com/groceries/en-GB/shop/health-and-beauty/all?department=Body%20Skincare&viewAll=department&page=,£4.80,£1.20/100ml,,,/groceries/en-GB/products/268139800,https://digitalcontent.api.tesco.com/v2/media/ghs/30a0d123-7463-4574-914b-86fef041e7c8/c4fb244b-22e4-4829-be20-e1b12d9aa190_962068306.jpeg?h=225&w=225
265682609,Aveeno Daily Moisturising Lotion 300Ml,https://www.tesco.com/groceries/en-GB/shop/health-and-beauty/all?department=Body%20Skincare&viewAll=department&page=,£8.50,£2.84/100ml,,,/groceries/en-GB/products/265682609,https://digitalcontent.api.tesco.com/v2/media/ghs/ee2efebe-872b-4470-a0f3-6946e8f43f17/4b9ea048-609c-47d3-ab2c-9ac9ade29d66_397541349.jpeg?h=225&w=225
304387629,Nivea Q10 Dry Skin Firming Body Lotion 400Ml,https://www.tesco.com/groceries/en-GB/shop/health-and-beauty/all?department=Body%20Skincare&viewAll=department&page=,£6.50,£1.63/100ml,£4.95 Clubcard Price,,/groceries/en-GB/products/304387629,https://digitalcontent.api.tesco.com/v2/media/ghs/08f5f076-bd56-48bb-b1d1-2d0ca3db1717/92701c95-0b42-46de-99e3-3e271c73acbd_509152188.jpeg?h=225&w=225
264533702,Nivea Body Rich Nourishing Moisturiser 400Ml,https://www.tesco.com/groceries/en-GB/shop/health-and-beauty/all?department=Body%20Skincare&viewAll=department&page=,£4.80,£1.20/100ml,,,/groceries/en-GB/products/264533702,https://digitalcontent.api.tesco.com/v2/media/ghs/97b43f03-65c7-4dd9-8cc7-4d74d2b03fb1/eb7eb50d-a154-46ad-923f-b5c422587c7d_937055203.jpeg?h=225&w=225
264257729,Palmers Cocoa Butter Formula Body Lotion 400Ml,https://www.tesco.com/groceries/en-GB/shop/health-and-beauty/all?department=Body%20Skincare&viewAll=department&page=,£6.00,£1.50/100ml,,,/groceries/en-GB/products/264257729,https://digitalcontent.api.tesco.com/v2/media/ghs/42237270-0c75-45ba-867c-f70340577460/3a6205c7-cf7e-4c8c-9687-00a6f9511472_14958599.jpeg?h=225&w=225
305522859,Tesco Health Aqueous Cream Bp Pump 500Ml,https://www.tesco.com/groceries/en-GB/shop/health-and-beauty/all?department=Body%20Skincare&viewAll=department&page=,£5.25,£1.05/100ml,,,/groceries/en-GB/products/305522859,https://digitalcontent.api.tesco.com/v2/media/ghs/80f41f8c-e1c3-40cf-af8e-46bb4a732bb4/dc7bb98b-2d9a-4cee-b1b1-e72686a4dc9a_2143605068.jpeg?h=225&w=225
265684360,Aveeno Daily Moistng. Lotion Oatmeal 200Ml,https://www.tesco.com/groceries/en-GB/shop/health-and-beauty/all?department=Body%20Skincare&viewAll=department&page=,£6.00,£3.00/100ml,£4.00 Clubcard Price,,/groceries/en-GB/products/265684360,https://digitalcontent.api.tesco.com/v2/media/ghs/5382e42a-9969-46b3-a3e1-d1ba0ee625d1/snapshotimagehandler_1694977436.jpeg?h=225&w=225
299625195,E45 Daily Hand Cream 50Ml,https://www.tesco.com/groceries/en-GB/shop/health-and-beauty/all?department=Body%20Skincare&viewAll=department&page=,£4.00,£8.00/100ml,,,/groceries/en-GB/products/299625195,https://digitalcontent.api.tesco.com/v2/media/ghs/8e54f1b2-e23a-429f-af95-a52dce6d401e/e855e86a-16ff-4f67-8f27-ed03b7245606_1463543284.jpeg?h=225&w=225
291480262,Neutrogena Norwegian Formula Deep Moisture Sensitive Body Lotion 400Ml,https://www.tesco.com/groceries/en-GB/shop/health-and-beauty/all?department=Body%20Skincare&viewAll=department&page=,£5.00,£1.25/100ml,,,/groceries/en-GB/products/291480262,https://digitalcontent.api.tesco.com/v2/media/ghs/7d6fc4a0-be38-4ffa-a809-ff1a8ea7d1c4/47748dac-e78b-4082-959f-fff3f6ae7576_169693511.jpeg?h=225&w=225
257469627,Neutrogena Norwegian Formula Hand Cream Unscented 50Ml,https://www.tesco.com/groceries/en-GB/shop/health-and-beauty/all?department=Body%20Skincare&viewAll=department&page=,£3.75,£7.50/100ml,,,/groceries/en-GB/products/257469627,https://digitalcontent.api.tesco.com/v2/media/ghs/8e2bc9bc-34e7-4662-8581-43ab54ec7f48/7df847e1-d747-435f-b23f-756905bc0ba4_1991930848.jpeg?h=225&w=225
302339224,Nivea Soft Refreshing Cream 500Ml,https://www.tesco.com/groceries/en-GB/shop/health-and-beauty/all?department=Body%20Skincare&viewAll=department&page=,£5.10,£1.02/100ml,,,/groceries/en-GB/products/302339224,https://digitalcontent.api.tesco.com/v2/media/ghs/01549561-5bb3-4ab3-a12e-09db953f25ad/64f655da-fdd5-44ce-9bdd-9e7b26ccd177_1534148601.jpeg?h=225&w=225
280611281,Neutrogena Norwegian Formula Deep Moisture Body Lotion 400Ml,https://www.tesco.com/groceries/en-GB/shop/health-and-beauty/all?department=Body%20Skincare&viewAll=department&page=,£5.00,£1.25/100ml,,,/groceries/en-GB/products/280611281,https://digitalcontent.api.tesco.com/v2/media/ghs/da2de1e6-ea4f-4bb1-9215-94a9a8ef9ebd/348b446f-3095-4d6a-9719-5606b8812bbc_1083032891.jpeg?h=225&w=225
305252199,Nivea Hand Cream Q10 3-In-1 Anti Age 100Ml,https://www.tesco.com/groceries/en-GB/shop/health-and-beauty/all?department=Body%20Skincare&viewAll=department&page=,£4.30,£4.30/100ml,£3.25 Clubcard Price,,/groceries/en-GB/products/305252199,https://digitalcontent.api.tesco.com/v2/media/ghs/04d53203-71e7-42d6-82a5-50f76ca15646/45b9e950-dc92-4164-898e-0fc5100a68c3_1822429952.jpeg?h=225&w=225
265684586,Aveeno Skin Relief Moistng. Lotion 200Ml,https://www.tesco.com/groceries/en-GB/shop/health-and-beauty/all?department=Body%20Skincare&viewAll=department&page=,£6.25,£3.13/100ml,£4.15 Clubcard Price,,/groceries/en-GB/products/265684586,https://digitalcontent.api.tesco.com/v2/media/ghs/523c1bf4-af66-40e2-9c48-59651904edc7/59c46299-c4cf-4c41-a0c6-69aa03ac543a_2082426262.jpeg?h=225&w=225
258837254,Palmers Cocoa Butter Formula 250Ml,https://www.tesco.com/groceries/en-GB/shop/health-and-beauty/all?department=Body%20Skincare&viewAll=department&page=,£4.30,£1.72/100ml,,,/groceries/en-GB/products/258837254,https://digitalcontent.api.tesco.com/v2/media/ghs/3a11bd08-1b99-44bb-8a99-8d26a0bac1c2/a202589a-af00-4881-aa5f-d0601a16d3d8_777156266.jpeg?h=225&w=225
303286445,Aveeno Skin Relief Hand Cream 75Ml,https://www.tesco.com/groceries/en-GB/shop/health-and-beauty/all?department=Body%20Skincare&viewAll=department&page=,£6.00,£8.00/100ml,£4.00 Clubcard Price,,/groceries/en-GB/products/303286445,https://digitalcontent.api.tesco.com/v2/media/ghs/3f742124-ee4f-4c00-b567-ee0b7c7f7125/fbd7153f-4e54-4188-a100-d34de6b99ae7_1209404727.jpeg?h=225&w=225
255337499,Nivea Creme 200Ml,https://www.tesco.com/groceries/en-GB/shop/health-and-beauty/all?department=Body%20Skincare&viewAll=department&page=,£4.25,£2.13/100ml,,,/groceries/en-GB/products/255337499,https://digitalcontent.api.tesco.com/v2/media/ghs/a9908866-ed7d-4dc9-90a2-d6f631d44a40/76374022-ab49-4f90-ac97-286ea56ba1f9_967284994.jpeg?h=225&w=225
258003918,Dove Intensive Nourishment Body Lotion 400Ml,https://www.tesco.com/groceries/en-GB/shop/health-and-beauty/all?department=Body%20Skincare&viewAll=department&page=,£3.50,£0.88/100ml,,,/groceries/en-GB/products/258003918,https://digitalcontent.api.tesco.com/v2/media/ghs/8a18f59c-245f-40d3-8d8c-b2d908d8c1ff/snapshotimagehandler_18426165.jpeg?h=225&w=225
251405500,E45 Moisturising Lotion 500Ml,https://www.tesco.com/groceries/en-GB/shop/health-and-beauty/all?department=Body%20Skincare&viewAll=department&page=,£8.00,£1.60/100ml,£5.30 Clubcard Price,,/groceries/en-GB/products/251405500,https://digitalcontent.api.tesco.com/v2/media/ghs/31835c47-2a10-4442-af8e-3478ef8fbc63/7ee28279-ea3e-4004-a2bb-1fdc9e8fa102_587429839.jpeg?h=225&w=225
260625295,Aveeno Daily Moisturising Hand Cream 75Ml,https://www.tesco.com/groceries/en-GB/shop/health-and-beauty/all?department=Body%20Skincare&viewAll=department&page=,£5.00,£6.67/100ml,£3.30 Clubcard Price,,/groceries/en-GB/products/260625295,https://digitalcontent.api.tesco.com/v2/media/ghs/fb6dfa14-4f67-45ad-a676-4f3c7e988251/5408db88-0c9e-4c74-ad30-fd43800d1c5a_113192012.jpeg?h=225&w=225
257275188,Nivea Intensive Soft Moisturising Cream 200Ml,https://www.tesco.com/groceries/en-GB/shop/health-and-beauty/all?department=Body%20Skincare&viewAll=department&page=,£3.90,£1.95/100ml,,,/groceries/en-GB/products/257275188,https://digitalcontent.api.tesco.com/v2/media/ghs/db8039ca-b3d9-4cb1-8a95-4ce0c81c283c/fc1ece5a-6d76-479a-94b8-8dcf1ecfbecf_1428442985.jpeg?h=225&w=225
260592666,Vaseline Intensive Care Essential Lotion 400Ml,https://www.tesco.com/groceries/en-GB/shop/health-and-beauty/all?department=Body%20Skincare&viewAll=department&page=,£3.00,£0.75/100ml,,,/groceries/en-GB/products/260592666,https://digitalcontent.api.tesco.com/v2/media/ghs/4543ec74-95d8-45fa-b3c8-554a30690b82/7994403c-fa82-4ed8-af3f-7987941ee3f2_154604392.jpeg?h=225&w=225
297748012,Vaseline Intensive Care Body Lotion Mature Skin 400Ml,https://www.tesco.com/groceries/en-GB/shop/health-and-beauty/all?department=Body%20Skincare&viewAll=department&page=,£3.00,£0.75/100ml,,,/groceries/en-GB/products/297748012,https://digitalcontent.api.tesco.com/v2/media/ghs/8263b8e4-2451-4803-a8bb-2f79e0556fee/e80f8f40-7a2d-4819-9861-81dffae637e6_1782893902.jpeg?h=225&w=225
302339247,Nivea Creme 400Ml,https://www.tesco.com/groceries/en-GB/shop/health-and-beauty/all?department=Body%20Skincare&viewAll=department&page=,£4.00,£1.00/100ml,,,/groceries/en-GB/products/302339247,https://digitalcontent.api.tesco.com/v2/media/ghs/a334ac31-095c-45ee-a82c-931432ae5232/2d1a4cb2-dbfd-4b97-af14-f58eeee23a4f_1244276122.jpeg?h=225&w=225
261109496,Neutrogena Norwegian Formula Hand Cream Fast Absorbing 75Ml,https://www.tesco.com/groceries/en-GB/shop/health-and-beauty/all?department=Body%20Skincare&viewAll=department&page=,£3.95,£5.27/100ml,£2.95 Clubcard Price,,/groceries/en-GB/products/261109496,https://digitalcontent.api.tesco.com/v2/media/ghs/3b21966d-bbd6-4252-a400-bd3b8857cf42/c1815364-d5c3-40a1-bdaa-4db22f87d513_1686751268.jpeg?h=225&w=225
271267269,Vaseline Intensive Care Cocoa Lotion 400Ml,https://www.tesco.com/groceries/en-GB/shop/health-and-beauty/all?department=Body%20Skincare&viewAll=department&page=,£3.00,£0.75/100ml,,,/groceries/en-GB/products/271267269,https://digitalcontent.api.tesco.com/v2/media/ghs/b13c71cb-ebc3-4d3b-93db-7f7dc5473a1a/68761e12-a324-4d5c-98e4-6a10a1b0c1c5_1564879238.jpeg?h=225&w=225
262360235,Vaseline Intensive Care Advanced Repair Lotion 400Ml,https://www.tesco.com/groceries/en-GB/shop/health-and-beauty/all?department=Body%20Skincare&viewAll=department&page=,£3.00,£0.75/100ml,,,/groceries/en-GB/products/262360235,https://digitalcontent.api.tesco.com/v2/media/ghs/8c8d7e8d-4e19-4d17-846d-25095daffb26/91f6a4ff-3fca-4cc3-ab29-380114dc4a05_1276694708.jpeg?h=225&w=225
260592695,Vaseline Intensive Care Aloe Lotion 400Ml,https://www.tesco.com/groceries/en-GB/shop/health-and-beauty/all?department=Body%20Skincare&viewAll=department&page=,£3.00,£0.75/100ml,,,/groceries/en-GB/products/260592695,https://digitalcontent.api.tesco.com/v2/media/ghs/0ed09415-5199-4e11-be70-20de6627acd9/5b4460e8-19b5-4335-ac53-b16477b63b66_1244869001.jpeg?h=225&w=225
268064300,Garnier Body Intensive Shea Ultra Replenishing Lotion 400Ml,https://www.tesco.com/groceries/en-GB/shop/health-and-beauty/all?department=Body%20Skincare&viewAll=department&page=,£3.85,£0.96/100ml,,,/groceries/en-GB/products/268064300,https://digitalcontent.api.tesco.com/v2/media/ghs/94b96b9f-c0fc-40c3-9ee4-3229539c8ce6/7fa276ed-fecb-4f41-a663-11800fa40187_1296825881.jpeg?h=225&w=225
252734270,Nivea Soft Intensive Moisturiser Creme 75Ml,https://www.tesco.com/groceries/en-GB/shop/health-and-beauty/all?department=Body%20Skincare&viewAll=department&page=,£2.00,£2.67/100ml,£1.60 Clubcard Price,,/groceries/en-GB/products/252734270,https://digitalcontent.api.tesco.com/v2/media/ghs/76c5ae6c-30e0-4748-85d9-05c53cc35105/538dbdf0-fccc-4fe4-8f44-45e1dfd3a12a_886068023.jpeg?h=225&w=225
263276116,Garnier Skin Naturals Hand Repair Restoring Cream 100Ml,https://www.tesco.com/groceries/en-GB/shop/health-and-beauty/all?department=Body%20Skincare&viewAll=department&page=,£3.35,£3.35/100ml,,,/groceries/en-GB/products/263276116,https://digitalcontent.api.tesco.com/v2/media/ghs/70dfd262-3469-4088-8669-bd0200bab5b1/0841c032-3b8f-439b-bc69-3c5fb3e438d9_942933906.jpeg?h=225&w=225
268064375,Garnier Body Intensive 7 Day Aloe Vera Hydrating Lotion 400Ml,https://www.tesco.com/groceries/en-GB/shop/health-and-beauty/all?department=Body%20Skincare&viewAll=department&page=,£3.85,£0.96/100ml,,,/groceries/en-GB/products/268064375,https://digitalcontent.api.tesco.com/v2/media/ghs/ff443d84-58d0-4e07-b8e0-8c70865451bd/3afc149d-4d76-4f42-ae93-aeba6b982ca0_886461675.jpeg?h=225&w=225
266797606,Palmers Cocoa Butter Formula Cream Tube 60G,https://www.tesco.com/groceries/en-GB/shop/health-and-beauty/all?department=Body%20Skincare&viewAll=department&page=,£2.00,£3.34/100g,,,/groceries/en-GB/products/266797606,https://digitalcontent.api.tesco.com/v2/media/ghs/c3db197e-78fe-46a0-9950-8f703930cca9/5a7d164f-443b-49ad-b258-f133bd61029a_458808387.jpeg?h=225&w=225
258833483,Nivea Lotion Normal Skin 250Ml,https://www.tesco.com/groceries/en-GB/shop/health-and-beauty/all?department=Body%20Skincare&viewAll=department&page=,£2.55,£1.02/100ml,,,/groceries/en-GB/products/258833483,https://digitalcontent.api.tesco.com/v2/media/ghs/43b46695-d415-4ee4-a930-4d314bca73b8/1856ab8d-d48a-4fa9-a411-0fd2e170637b_74973783.jpeg?h=225&w=225
258833523,Nivea Lotion Dry Skin 250Ml,https://www.tesco.com/groceries/en-GB/shop/health-and-beauty/all?department=Body%20Skincare&viewAll=department&page=,£2.55,£1.02/100ml,,,/groceries/en-GB/products/258833523,https://digitalcontent.api.tesco.com/v2/media/ghs/91500aa3-9bf6-4730-955f-078ca2135d2b/6dd557ea-1b57-4dfc-9d76-eb781b941ea2_544363723.jpeg?h=225&w=225
260591650,Vaseline Intensive Care Hand Plus Nail Cream 75Ml,https://www.tesco.com/groceries/en-GB/shop/health-and-beauty/all?department=Body%20Skincare&viewAll=department&page=,£2.00,£2.67/100ml,,,/groceries/en-GB/products/260591650,https://digitalcontent.api.tesco.com/v2/media/ghs/a08a9941-0997-41ab-ab72-afadaf1040a6/snapshotimagehandler_2118025537.jpeg?h=225&w=225
301392178,Tesco Beauty Hand And Nail Cream 75Ml,https://www.tesco.com/groceries/en-GB/shop/health-and-beauty/all?department=Body%20Skincare&viewAll=department&page=,£1.00,£1.34/100ml,,,/groceries/en-GB/products/301392178,https://digitalcontent.api.tesco.com/v2/media/ghs/488b5e87-a549-4e47-be8b-a61e0d9d8d21/fb4ed2f7-6527-4baa-be05-00095ea62c14_567923663.jpeg?h=225&w=225
272473795,Garnier Body 7Days Shea Hand Milk 100Ml,https://www.tesco.com/groceries/en-GB/shop/health-and-beauty/all?department=Body%20Skincare&viewAll=department&page=,£2.25,£2.25/100ml,,,/groceries/en-GB/products/272473795,https://digitalcontent.api.tesco.com/v2/media/ghs/c474c7fd-e3bf-47c1-a612-752173db7965/71934d7b-092d-4e2e-8c76-ce3eaf3f757b_407346534.jpeg?h=225&w=225
311201304,Nivea Soothing Hand Cream Aloe Vera 75Ml,https://www.tesco.com/groceries/en-GB/shop/health-and-beauty/all?department=Body%20Skincare&viewAll=department&page=,£1.00,£1.34/100ml,,New,/groceries/en-GB/products/311201304,https://digitalcontent.api.tesco.com/v2/media/ghs/42c601e3-d55c-42dc-a642-9d1bc2241a62/8d2d4efa-ec0b-4aeb-aa05-a4cd91877926_1713736198.jpeg?h=225&w=225
305984791,Nivea Hand Cream Protective Care Beeswax 75Ml,https://www.tesco.com/groceries/en-GB/shop/health-and-beauty/all?department=Body%20Skincare&viewAll=department&page=,£1.00,£1.34/100ml,,,/groceries/en-GB/products/305984791,https://digitalcontent.api.tesco.com/v2/media/ghs/3685a057-1afc-4a69-b5d4-2f29b6f754c6/cd0f91d4-29b4-4250-a422-901ca93d37fa_591602440.jpeg?h=225&w=225
301392155,Tesco Extracts Cocoa Butter Body Lotion 400Ml,https://www.tesco.com/groceries/en-GB/shop/health-and-beauty/all?department=Body%20Skincare&viewAll=department&page=,£1.10,£0.28/100ml,,,/groceries/en-GB/products/301392155,https://digitalcontent.api.tesco.com/v2/media/ghs/f3de02d0-5104-4c02-ab9f-15bcd6a0cda6/a008cd11-a850-4d9c-abb6-5b786a781f02_367752766.jpeg?h=225&w=225
301392132,Tesco Extracts Aloe Vera Body Lotion 400Ml,https://www.tesco.com/groceries/en-GB/shop/health-and-beauty/all?department=Body%20Skincare&viewAll=department&page=,£1.10,£0.28/100ml,,,/groceries/en-GB/products/301392132,https://digitalcontent.api.tesco.com/v2/media/ghs/545e27d2-e927-4684-8c1d-3702ed966d65/cb3c5b41-f62f-4e4c-9329-c67b40c3460d_670420409.jpeg?h=225&w=225
299556944,St.Tropez Self Tan Purity Mousse 200Ml,https://www.tesco.com/groceries/en-GB/shop/health-and-beauty/all?department=Body%20Skincare&viewAll=department&page=,£31.00,£15.50/100ml,,,/groceries/en-GB/products/299556944,https://digitalcontent.api.tesco.com/v2/media/ghs/63af8f87-e5e7-46e2-b098-c974a94c35bb/d6e654cd-c458-4b3e-82c5-7693cbc2000c_401397634.jpeg?h=225&w=225
303015479,St.Tropez Self Tan Purity Face Mist 80Ml,https://www.tesco.com/groceries/en-GB/shop/health-and-beauty/all?department=Body%20Skincare&viewAll=department&page=,£24.00,£30.00/100ml,,,/groceries/en-GB/products/303015479,https://digitalcontent.api.tesco.com/v2/media/ghs/8d764cb3-c3e4-4a12-a195-503d3d42a9c2/8ad366c1-ea76-4298-ad95-eeb28a2f3465_1159910650.jpeg?h=225&w=225
300863118,Bondi Sands 1 Hour Express Foam 225Ml,https://www.tesco.com/groceries/en-GB/shop/health-and-beauty/all?department=Body%20Skincare&viewAll=department&page=,£19.00,£8.45/100ml,,,/groceries/en-GB/products/300863118,https://digitalcontent.api.tesco.com/v2/media/ghs/f652d200-1d97-4044-98e4-b0f19b91a8f1/35191670-2566-489e-be2d-2a1ff3982c14_1957108911.jpeg?h=225&w=225
304391854,E45 Daily Fast Absorbing Cream 400Ml,https://www.tesco.com/groceries/en-GB/shop/health-and-beauty/all?department=Body%20Skincare&viewAll=department&page=,£7.00,£1.75/100ml,,,/groceries/en-GB/products/304391854,https://digitalcontent.api.tesco.com/v2/media/ghs/6d7a50c7-c4e6-4921-a96c-a5c1a7fe34a6/1aed5f79-90bd-41d0-8ebe-7c3a78659042_989685126.jpeg?h=225&w=225
306938632,Weleda Skin Food Light Moisturiser 75Ml,https://www.tesco.com/groceries/en-GB/shop/health-and-beauty/all?department=Body%20Skincare&viewAll=department&page=,£13.00,£17.34/100ml,,,/groceries/en-GB/products/306938632,https://digitalcontent.api.tesco.com/v2/media/ghs/448c2d7e-7017-44ac-a45f-2e2f3bd98915/3e112521-d5cd-4d50-a037-f6e461c4e1ad_1732195400.jpeg?h=225&w=225
311261290,O'keeffe's Working Hands Overnight Hand Cream 80Ml,https://www.tesco.com/groceries/en-GB/shop/health-and-beauty/all?department=Body%20Skincare&viewAll=department&page=,£10.50,£13.13/100ml,£7.00 Clubcard Price,,/groceries/en-GB/products/311261290,https://digitalcontent.api.tesco.com/v2/media/ghs-mktg/b0b04216-fa73-466d-a9d7-c9fcfa1ce9b3/no-image.jpeg
291480240,Aveeno Moisturising Creamy Oil 300Ml,https://www.tesco.com/groceries/en-GB/shop/health-and-beauty/all?department=Body%20Skincare&viewAll=department&page=,£8.50,£2.84/100ml,,,/groceries/en-GB/products/291480240,https://digitalcontent.api.tesco.com/v2/media/ghs/48c8ce26-5555-49b4-b9bf-672d62924c9c/8b15831b-96db-4d71-ba63-d9eae9a49e81_1118234414.jpeg?h=225&w=225
293609260,Aveeno After Shower Spray 200Ml,https://www.tesco.com/groceries/en-GB/shop/health-and-beauty/all?department=Body%20Skincare&viewAll=department&page=,£7.75,£3.88/100ml,,,/groceries/en-GB/products/293609260,https://digitalcontent.api.tesco.com/v2/media/ghs/de86b830-c7b3-48dd-823f-9aab45bb08f3/5406b7e6-2c39-4f8a-b438-282e249c6c0c_1807429775.jpeg?h=225&w=225
297519589,E45 Lotion 500Ml,https://www.tesco.com/groceries/en-GB/shop/health-and-beauty/all?department=Body%20Skincare&viewAll=department&page=,£8.50,£1.70/100ml,,,/groceries/en-GB/products/297519589,https://digitalcontent.api.tesco.com/v2/media/ghs/2b60b8c7-9348-4b5b-8e48-c54b96056e5a/c73b2486-006c-417e-8a5b-627dc633f257_1421573275.jpeg?h=225&w=225
308472234,Nivea Q10+ Argan Oil Firming Body Lotion 400Ml,https://www.tesco.com/groceries/en-GB/shop/health-and-beauty/all?department=Body%20Skincare&viewAll=department&page=,£9.00,£2.25/100ml,,,/groceries/en-GB/products/308472234,https://digitalcontent.api.tesco.com/v2/media/ghs/14806d37-0bb3-4048-920a-d2bfaffcf7fa/c78194ff-20c2-4dce-b89e-80ce1443d428_303839776.jpeg?h=225&w=225
308854369,Feather & Down Sweet Dreams Sleep Body Butter 300Ml,https://www.tesco.com/groceries/en-GB/shop/health-and-beauty/all?department=Body%20Skincare&viewAll=department&page=,£8.00,£2.67/100ml,,,/groceries/en-GB/products/308854369,https://digitalcontent.api.tesco.com/v2/media/ghs/0ce35266-5088-4783-8fea-680583fe1cd6/8ee3ef67-1de2-42f8-a3bf-5710690723e3_461907378.jpeg?h=225&w=225
291661238,Aveeno Moisturising Cream 100Ml,https://www.tesco.com/groceries/en-GB/shop/health-and-beauty/all?department=Body%20Skincare&viewAll=department&page=,£7.50,£7.50/100ml,,,/groceries/en-GB/products/291661238,https://digitalcontent.api.tesco.com/v2/media/ghs/03f40351-a808-4185-a847-b8ae99de2426/2cd29140-8c41-421a-9386-ef57e6a59c56_1674701564.jpeg?h=225&w=225
302218379,Nivea Body Essential Smooth Milk 400Ml,https://www.tesco.com/groceries/en-GB/shop/health-and-beauty/all?department=Body%20Skincare&viewAll=department&page=,£4.80,£1.20/100ml,,,/groceries/en-GB/products/302218379,https://digitalcontent.api.tesco.com/v2/media/ghs/4ec858d8-21ac-42bd-bb6f-3bd3af2f1847/ba54797c-fdff-430f-b204-5a20a56b2a27_736764886.jpeg?h=225&w=225
296982680,O'keeffe's Working Hands Cream 85G,https://www.tesco.com/groceries/en-GB/shop/health-and-beauty/all?department=Body%20Skincare&viewAll=department&page=,£8.50,£10.00/100g,£5.65 Clubcard Price,,/groceries/en-GB/products/296982680,https://digitalcontent.api.tesco.com/v2/media/ghs/ea5d75d3-c121-47ee-918d-27e71f2c14fc/d00ecc3e-c430-46a5-b9bb-26369a4959dc_397559885.jpeg?h=225&w=225
311691517,Garnier Body Superfood Aloevera Body Cream 380Ml,https://www.tesco.com/groceries/en-GB/shop/health-and-beauty/all?department=Body%20Skincare&viewAll=department&page=,£6.75,£1.78/100ml,£4.50 Clubcard Price,,/groceries/en-GB/products/311691517,https://digitalcontent.api.tesco.com/v2/media/ghs/34b6211d-2a2c-48d5-b577-4e3ea301d96f/7ad147d3-faba-4e95-8c99-227d12190aae_1403376584.jpeg?h=225&w=225
287593900,Nivea Men Moisturiser 150Ml,https://www.tesco.com/groceries/en-GB/shop/health-and-beauty/all?department=Body%20Skincare&viewAll=department&page=,£5.75,£3.84/100ml,,,/groceries/en-GB/products/287593900,https://digitalcontent.api.tesco.com/v2/media/ghs/a57d4995-accc-42a9-abb7-b253bc2ddc28/80e0015c-c428-4a6f-a9e4-f16866c0fa00_390748146.jpeg?h=225&w=225
309450627,Cantu Cocoa Butter Raw Blend 156G,https://www.tesco.com/groceries/en-GB/shop/health-and-beauty/all?department=Body%20Skincare&viewAll=department&page=,£5.60,£3.59/100g,,,/groceries/en-GB/products/309450627,https://digitalcontent.api.tesco.com/v2/media/ghs/5e6a004e-1e5b-44f4-9742-a8c0d9ed491f/00376e20-7445-43c1-ad93-27d6c3eb034d_487788162.jpeg?h=225&w=225
303415236,Dove Pro Age Nourishing Body Care Body Lotion 400Ml,https://www.tesco.com/groceries/en-GB/shop/health-and-beauty/all?department=Body%20Skincare&viewAll=department&page=,£4.50,£1.13/100ml,,,/groceries/en-GB/products/303415236,https://digitalcontent.api.tesco.com/v2/media/ghs/5310990a-6246-4d75-81c6-6ea320291737/931b58bc-4b22-432a-aff6-9c85fecbe29c_380361475.jpeg?h=225&w=225
303415271,Dove Pro Age Nourishing Body Care Body Butter 250Ml,https://www.tesco.com/groceries/en-GB/shop/health-and-beauty/all?department=Body%20Skincare&viewAll=department&page=,£4.50,£1.80/100ml,,,/groceries/en-GB/products/303415271,https://digitalcontent.api.tesco.com/v2/media/ghs/0d4b6180-dfc1-44a3-8001-88a18013d771/1a0b5b2e-cc4d-469d-b148-e57287813dff_456923915.jpeg?h=225&w=225
258120819,E45 Moisturising Lotion 200Ml,https://www.tesco.com/groceries/en-GB/shop/health-and-beauty/all?department=Body%20Skincare&viewAll=department&page=,£4.50,£2.25/100ml,,,/groceries/en-GB/products/258120819,https://digitalcontent.api.tesco.com/v2/media/ghs/10eaa0fb-6f87-42d5-9503-501c46688612/562e9069-de12-4092-834e-95c82b7f6830_1910174362.jpeg?h=225&w=225
255338694,Neutrogena Norwegian Formula Hand Cream Scented 50Ml,https://www.tesco.com/groceries/en-GB/shop/health-and-beauty/all?department=Body%20Skincare&viewAll=department&page=,£3.75,£7.50/100ml,,,/groceries/en-GB/products/255338694,https://digitalcontent.api.tesco.com/v2/media/ghs/b0d181d2-85e0-44ce-bea2-85bb79b2db5d/7bf03cca-c7f1-4863-b27a-b61b4ca939e7_485669795.jpeg?h=225&w=225
256353078,Astral Moistng. Cream 200Ml Special Offer Pm,https://www.tesco.com/groceries/en-GB/shop/health-and-beauty/all?department=Body%20Skincare&viewAll=department&page=,£4.30,£2.15/100ml,,,/groceries/en-GB/products/256353078,https://digitalcontent.api.tesco.com/v2/media/ghs-mktg/b0b04216-fa73-466d-a9d7-c9fcfa1ce9b3/no-image.jpeg
261497484,Palmers Fragrance Free Cocoa Butter Formula 250Ml,https://www.tesco.com/groceries/en-GB/shop/health-and-beauty/all?department=Body%20Skincare&viewAll=department&page=,£4.30,£1.72/100ml,,,/groceries/en-GB/products/261497484,https://digitalcontent.api.tesco.com/v2/media/ghs/9fcc686d-6190-4604-afc9-c558ea34ed13/2dd0f4ad-f0f7-4b43-ab65-4e61ab11b769_577549451.jpeg?h=225&w=225
299918799,Nivea Hand Cream Intensive Almond Oil 100Ml,https://www.tesco.com/groceries/en-GB/shop/health-and-beauty/all?department=Body%20Skincare&viewAll=department&page=,£3.00,£3.00/100ml,,,/groceries/en-GB/products/299918799,https://digitalcontent.api.tesco.com/v2/media/ghs/a1ee31d5-95f1-42e2-b8f7-ca4811f3e4eb/3cc9b3e0-a5c1-44fb-add3-e4f19b4bd689_376340014.jpeg?h=225&w=225
293332504,Vaseline Spray & Care Cocoa Spray Moisturiser 190Ml,https://www.tesco.com/groceries/en-GB/shop/health-and-beauty/all?department=Body%20Skincare&viewAll=department&page=,£5.00,£2.64/100ml,,,/groceries/en-GB/products/293332504,https://digitalcontent.api.tesco.com/v2/media/ghs/e659a25e-5994-474b-9c70-2022e5d0040d/b3c5a370-c95d-4f08-a9fa-991a0b1b4629_1408799424.jpeg?h=225&w=225
293820572,Palmers Coconut Formula Lotion 250Ml,https://www.tesco.com/groceries/en-GB/shop/health-and-beauty/all?department=Body%20Skincare&viewAll=department&page=,£4.00,£1.60/100ml,,,/groceries/en-GB/products/293820572,https://digitalcontent.api.tesco.com/v2/media/ghs/e61c2f25-f4b0-458b-9e45-65ef32f7e1d9/3a021336-03d0-4b20-8dcb-e1258ff78998_1418940061.jpeg?h=225&w=225
293862268,Palmers Cocoa Butter Solid Formula 100G,https://www.tesco.com/groceries/en-GB/shop/health-and-beauty/all?department=Body%20Skincare&viewAll=department&page=,£3.65,£3.65/100g,,,/groceries/en-GB/products/293862268,https://digitalcontent.api.tesco.com/v2/media/ghs/7efa923e-7a48-485a-a934-051fe44657dd/a399ffc9-0f00-409e-aad5-72faa708b5ad_1150378163.jpeg?h=225&w=225
250612141,Dove Silky Body Cream Pot 300Ml,https://www.tesco.com/groceries/en-GB/shop/health-and-beauty/all?department=Body%20Skincare&viewAll=department&page=,£3.60,£1.20/100ml,,,/groceries/en-GB/products/250612141,https://digitalcontent.api.tesco.com/v2/media/ghs/fe205266-638e-4417-aa93-2b9c85002626/47dcc0f3-f908-4b0f-ab1f-29bd40708cff_856155265.jpeg?h=225&w=225
299425980,Dove Visibleglow Gradual Self Tan Medium To Dark 400Ml,https://www.tesco.com/groceries/en-GB/shop/health-and-beauty/all?department=Body%20Skincare&viewAll=department&page=,£4.25,£1.07/100ml,,,/groceries/en-GB/products/299425980,https://digitalcontent.api.tesco.com/v2/media/ghs/cdbe717b-9015-4c70-8db9-2ccfc49579c2/993f99b0-7c62-45e4-af07-3d8366abbef5_1513964413.jpeg?h=225&w=225
311265101,Garnier Nourishing Body Superfood Avocado Body Cream 380Ml,https://www.tesco.com/groceries/en-GB/shop/health-and-beauty/all?department=Body%20Skincare&viewAll=department&page=,£6.75,£1.78/100ml,£4.50 Clubcard Price,,/groceries/en-GB/products/311265101,https://digitalcontent.api.tesco.com/v2/media/ghs/cafeeb3d-941e-4b7c-8b24-8dea7873d48b/8a7a346b-76d1-4314-9b28-9e2dc6143d22_961194385.jpeg?h=225&w=225
311792677,Garnier Body Superfood Cocoa Body Cream 380Ml,https://www.tesco.com/groceries/en-GB/shop/health-and-beauty/all?department=Body%20Skincare&viewAll=department&page=,£6.75,£1.78/100ml,£4.50 Clubcard Price,,/groceries/en-GB/products/311792677,https://digitalcontent.api.tesco.com/v2/media/ghs/1a01cfba-af0e-4418-b269-e14a7209ff46/9f2ac392-f6ef-4a01-8399-12a971339074_1276271361.jpeg?h=225&w=225
268659645,Dove Essential Nourishing Lotion 400Ml,https://www.tesco.com/groceries/en-GB/shop/health-and-beauty/all?department=Body%20Skincare&viewAll=department&page=,£3.50,£0.88/100ml,,,/groceries/en-GB/products/268659645,https://digitalcontent.api.tesco.com/v2/media/ghs/8e5dfdd6-89ad-4c6b-a8f5-26a575b4c844/7b9de8f8-8833-4ec6-a9be-bbfdc0674fad_1772505223.jpeg?h=225&w=225
274965573,Calcot Manor Dry Body Oil The Lazy Evening 200Ml,https://www.tesco.com/groceries/en-GB/shop/health-and-beauty/all?department=Body%20Skincare&viewAll=department&page=,£3.00,£1.50/100ml,,,/groceries/en-GB/products/274965573,https://digitalcontent.api.tesco.com/v2/media/ghs/91e79b9d-6c7b-4761-904e-88115960ebc8/3a41c824-e254-4ca7-a9ec-7d13b394e6fc_1186845595.jpeg?h=225&w=225
274964862,Calcot Manor Papaya & Lemon Scrub 200Ml,https://www.tesco.com/groceries/en-GB/shop/health-and-beauty/all?department=Body%20Skincare&viewAll=department&page=,£2.60,£1.30/100ml,,,/groceries/en-GB/products/274964862,https://digitalcontent.api.tesco.com/v2/media/ghs/8bdfe7b0-4b5b-44b7-8aca-913c92bd9e52/d525e9f7-6ac2-4f4b-9501-1daf38db2780_1160153352.jpeg?h=225&w=225
252465378,Garnier Body Repair Anti-Dry Lotion 400Ml,https://www.tesco.com/groceries/en-GB/shop/health-and-beauty/all?department=Body%20Skincare&viewAll=department&page=,£4.50,£1.13/100ml,,,/groceries/en-GB/products/252465378,https://digitalcontent.api.tesco.com/v2/media/ghs/69015ca1-a551-4dc8-a9d6-d5e964117812/af9a12c2-fa44-401f-97f6-2357efbda240_1945698801.jpeg?h=225&w=225
261457181,Garnier Body Deep Gradual Tan Moisturiser 400Ml,https://www.tesco.com/groceries/en-GB/shop/health-and-beauty/all?department=Body%20Skincare&viewAll=department&page=,£6.15,£1.54/100ml,,,/groceries/en-GB/products/261457181,https://digitalcontent.api.tesco.com/v2/media/ghs/505347cd-ae67-43c9-a640-7f79873307da/e79c2977-c0cc-47fe-b73b-fe7d7bfb0a6d_290820664.jpeg?h=225&w=225
295458807,Treaclemoon Marshmallow Hearts Hand Cream 75Ml,https://www.tesco.com/groceries/en-GB/shop/health-and-beauty/all?department=Body%20Skincare&viewAll=department&page=,£1.75,£2.34/100ml,,,/groceries/en-GB/products/295458807,https://digitalcontent.api.tesco.com/v2/media/ghs/e8990a7d-71a1-4067-94f1-4dc2ea89d91a/4b52bd9f-349c-4f10-8661-bd18e493bc7b_1910440329.jpeg?h=225&w=225
311686109,Derma Intensive Q10 Plus Retinol Nourishing Hand Cream 75Ml,https://www.tesco.com/groceries/en-GB/shop/health-and-beauty/all?department=Body%20Skincare&viewAll=department&page=,£1.50,£2.00/100ml,,,/groceries/en-GB/products/311686109,https://digitalcontent.api.tesco.com/v2/media/ghs/28129b06-c161-4bc5-972c-089767abe521/b4153493-1250-4e62-a2dd-e1fa7956a96d_1571847237.jpeg?h=225&w=225
304404294,Nivea Smooth Hand Cream 30Ml,https://www.tesco.com/groceries/en-GB/shop/health-and-beauty/all?department=Body%20Skincare&viewAll=department&page=,£1.50,£5.00/100ml,Any 3 for 2 Clubcard Price - Cheapest Product Free - Selected Travel Accessories,,/groceries/en-GB/products/304404294,https://digitalcontent.api.tesco.com/v2/media/ghs/1f343575-351d-4d04-b154-cf11c00d6b0a/53719b8d-762c-4548-8c2e-17ed2eef6628_984515306.jpeg?h=225&w=225
255337597,Nivea Creme 50Ml,https://www.tesco.com/groceries/en-GB/shop/health-and-beauty/all?department=Body%20Skincare&viewAll=department&page=,£1.50,£3.00/100ml,Any 3 for 2 Clubcard Price - Cheapest Product Free - Selected Travel Accessories,,/groceries/en-GB/products/255337597,https://digitalcontent.api.tesco.com/v2/media/ghs/93976f14-6b80-4ac3-a65b-6fd6725f6dae/0ffee185-aec7-415f-9acf-330513b49da6_2085787293.jpeg?h=225&w=225
305831159,Moisting Shea Butter Hand Cream Rose Floral 50Ml,https://www.tesco.com/groceries/en-GB/shop/health-and-beauty/all?department=Body%20Skincare&viewAll=department&page=,£1.50,£3.00/100ml,,,/groceries/en-GB/products/305831159,https://digitalcontent.api.tesco.com/v2/media/ghs/23447011-ba75-43cc-8299-422f903187e4/snapshotimagehandler_1533013476.jpeg?h=225&w=225
308484836,Nivea Body Lotion Rich Nourishing Deep Moisture Serum 75Ml,https://www.tesco.com/groceries/en-GB/shop/health-and-beauty/all?department=Body%20Skincare&viewAll=department&page=,£1.50,£2.00/100ml,Any 3 for 2 Clubcard Price - Cheapest Product Free - Selected Travel Accessories,,/groceries/en-GB/products/308484836,https://digitalcontent.api.tesco.com/v2/media/ghs/7c17e32e-7d89-445e-912c-5ef51a1a13e4/b0b26623-6fcc-4532-8e79-688ac749f2bc_961473933.jpeg?h=225&w=225
309769239,Grab It Anti-Bacterial Hand Cream With Shea Butter 30Ml,https://www.tesco.com/groceries/en-GB/shop/health-and-beauty/all?department=Body%20Skincare&viewAll=department&page=,£1.00,£3.34/100ml,Any 3 for 2 Clubcard Price - Cheapest Product Free - Selected Travel Accessories,,/groceries/en-GB/products/309769239,https://digitalcontent.api.tesco.com/v2/media/ghs-mktg/b0b04216-fa73-466d-a9d7-c9fcfa1ce9b3/no-image.jpeg
277491863,St Tropez Self Tan Bronzing Mousse 120Ml,https://www.tesco.com/groceries/en-GB/shop/health-and-beauty/all?department=Body%20Skincare&viewAll=department&page=,£22.00,£18.34/100ml,£15.00 Clubcard Price,,/groceries/en-GB/products/277491863,https://digitalcontent.api.tesco.com/v2/media/ghs/020492d0-6ec4-4855-ade8-f8f907130787/dc9bbe8e-4c00-4528-b0f1-afa37f6c12ff_1048109217.jpeg?h=225&w=225
278730349,Bio-Oil Specialist Skincare 200Ml,https://www.tesco.com/groceries/en-GB/shop/health-and-beauty/all?department=Body%20Skincare&viewAll=department&page=,£23.00,£11.50/100ml,,,/groceries/en-GB/products/278730349,https://digitalcontent.api.tesco.com/v2/media/ghs/3917f6c7-7cbb-4e85-bb8f-dd247b5815b8/b0113abe-a3e2-43e3-8ed5-ab8460755ae3_1033196753.jpeg?h=225&w=225
298107977,Bondi Sands Self Tan Ultra Dark Foam 200Ml,https://www.tesco.com/groceries/en-GB/shop/health-and-beauty/all?department=Body%20Skincare&viewAll=department&page=,£19.00,£9.50/100ml,,,/groceries/en-GB/products/298107977,https://digitalcontent.api.tesco.com/v2/media/ghs/ae1b8ff4-8c48-4032-9562-e4e9b02eea1e/403e1cfa-8991-462e-a167-ad3196ce1ddf_511357081.jpeg?h=225&w=225
305045618,Bondi Sands Self Tanning Foam 200Ml,https://www.tesco.com/groceries/en-GB/shop/health-and-beauty/all?department=Body%20Skincare&viewAll=department&page=,£16.00,£8.00/100ml,,,/groceries/en-GB/products/305045618,https://digitalcontent.api.tesco.com/v2/media/ghs/706e6ada-9b5a-435d-9969-415efe8e4207/aef8cd2d-dbd8-43e5-ab07-d9f5400543f5_1246736284.jpeg?h=225&w=225
300863090,Bondi Sands Self Tan Eraser 200Ml,https://www.tesco.com/groceries/en-GB/shop/health-and-beauty/all?department=Body%20Skincare&viewAll=department&page=,£15.00,£7.50/100ml,,,/groceries/en-GB/products/300863090,https://digitalcontent.api.tesco.com/v2/media/ghs/2b3f61b7-1429-46a7-8a8c-126eb8a4544d/de656ccd-8726-4570-a8e3-f4cb7a0d3b55_2056924029.jpeg?h=225&w=225
305047720,Doublebase Flare Relief Emollient 500G,https://www.tesco.com/groceries/en-GB/shop/health-and-beauty/all?department=Body%20Skincare&viewAll=department&page=,£16.00,£3.20/100g,,,/groceries/en-GB/products/305047720,https://digitalcontent.api.tesco.com/v2/media/ghs/45d11075-ef44-4588-ad26-3dcdca4b163a/0932cce0-1fec-45a4-aefa-24454441c80a_1848318651.jpeg?h=225&w=225
255765888,Bio-Oil Specialist Skincare 60Ml,https://www.tesco.com/groceries/en-GB/shop/health-and-beauty/all?department=Body%20Skincare&viewAll=department&page=,£10.00,£16.67/100ml,,,/groceries/en-GB/products/255765888,https://digitalcontent.api.tesco.com/v2/media/ghs/34ef30f7-0804-4df3-8b12-85e68f0493a4/5c5a8281-54ff-43e9-b86a-2972b55831e7_1917075032.jpeg?h=225&w=225
303273276,Nivea Coconut & Monoi Oil In Lotion 400Ml,https://www.tesco.com/groceries/en-GB/shop/health-and-beauty/all?department=Body%20Skincare&viewAll=department&page=,£5.55,£1.39/100ml,,,/groceries/en-GB/products/303273276,https://digitalcontent.api.tesco.com/v2/media/ghs/30cff4f8-e234-41ef-9c68-9fbcdb2d03af/173f2a19-2499-48fe-b1ea-d850bbfa467d_209735101.jpeg?h=225&w=225
297235976,O'keeffe's Working Hands Cream 96G,https://www.tesco.com/groceries/en-GB/shop/health-and-beauty/all?department=Body%20Skincare&viewAll=department&page=,£9.00,£9.38/100g,,,/groceries/en-GB/products/297235976,https://digitalcontent.api.tesco.com/v2/media/ghs/a71cd9db-5857-4271-b7ea-50b3b54a2071/8fad849f-0bad-4f47-82d9-8b9ba139a7ba_926311277.jpeg?h=225&w=225
261855971,Garnier Ambre Solaire No Streaks Bronzer Self-Tanning Face Mist 75Ml,https://www.tesco.com/groceries/en-GB/shop/health-and-beauty/all?department=Body%20Skincare&viewAll=department&page=,£8.50,£11.34/100ml,£5.65 Clubcard Price,,/groceries/en-GB/products/261855971,https://digitalcontent.api.tesco.com/v2/media/ghs/550f7504-3e8b-49d7-b226-66e55c0400ed/272ce3f6-68f5-4068-aed3-ddc322d52546_1806554177.jpeg?h=225&w=225
309459537,Cantu Coconut Oil Hydrating Body Lotion 473Ml,https://www.tesco.com/groceries/en-GB/shop/health-and-beauty/all?department=Body%20Skincare&viewAll=department&page=,£9.00,£1.91/100ml,,,/groceries/en-GB/products/309459537,https://digitalcontent.api.tesco.com/v2/media/ghs/e997e640-2a9d-43cc-b556-fb4d19f4a7e4/ec711a75-3b14-4c69-9f21-f5824d556dba_1198548847.jpeg?h=225&w=225
305044084,O'keeffe's Healthy Feet Foot Cream 85G,https://www.tesco.com/groceries/en-GB/shop/health-and-beauty/all?department=Body%20Skincare&viewAll=department&page=,£9.00,£10.59/100g,£6.00 Clubcard Price,,/groceries/en-GB/products/305044084,https://digitalcontent.api.tesco.com/v2/media/ghs/5246d584-8e55-4448-b9e3-3c83d22f9642/d8e5a8f9-c1a6-4673-9d23-ccb2c59b85ed_314153390.jpeg?h=225&w=225
311674924,Aveeno Skin Relief Body Oil Spray 200Ml,https://www.tesco.com/groceries/en-GB/shop/health-and-beauty/all?department=Body%20Skincare&viewAll=department&page=,£9.50,£4.75/100ml,,,/groceries/en-GB/products/311674924,https://digitalcontent.api.tesco.com/v2/media/ghs/09766af4-b533-484e-a2d0-041ab9ad60ae/dac3aa3c-e1aa-4714-833e-f982488dfb10_974900514.jpeg?h=225&w=225
311693728,Aveeno Daily Moisturising Body Lotion 500Ml,https://www.tesco.com/groceries/en-GB/shop/health-and-beauty/all?department=Body%20Skincare&viewAll=department&page=,£9.00,£1.80/100ml,,,/groceries/en-GB/products/311693728,https://digitalcontent.api.tesco.com/v2/media/ghs/23e2ee0c-1892-413c-a773-6b64f5f852cd/snapshotimagehandler_2053646736.jpeg?h=225&w=225
301794780,E45 Rich Lotion 400Ml,https://www.tesco.com/groceries/en-GB/shop/health-and-beauty/all?department=Body%20Skincare&viewAll=department&page=,£7.50,£1.88/100ml,,,/groceries/en-GB/products/301794780,https://digitalcontent.api.tesco.com/v2/media/ghs/9686f24a-4446-4a09-94ab-72245d890131/04fa6a4d-5491-4927-b5bf-2d31900bf3bb_1419668926.jpeg?h=225&w=225
303273299,Aveeno Yogurt Body Lotion Apricot & Honey 300Ml,https://www.tesco.com/groceries/en-GB/shop/health-and-beauty/all?department=Body%20Skincare&viewAll=department&page=,£8.50,£2.84/100ml,,,/groceries/en-GB/products/303273299,https://digitalcontent.api.tesco.com/v2/media/ghs/891576d0-4600-4f4a-a0d7-eca849118461/90bfb086-f09b-4cc2-968d-b7f7f3848131_2019662126.jpeg?h=225&w=225
305053787,Doublebase Diomed Dry Skin Emollient 250G,https://www.tesco.com/groceries/en-GB/shop/health-and-beauty/all?department=Body%20Skincare&viewAll=department&page=,£9.95,£3.98/100g,£7.45 Clubcard Price,,/groceries/en-GB/products/305053787,https://digitalcontent.api.tesco.com/v2/media/ghs/aaf500d2-447c-4356-9952-840d506d1176/ab6f48e9-2114-4481-aab0-0c60cd2b1034_369045368.jpeg?h=225&w=225
291774721,St Moriz Professional Mousse Medium 200Ml,https://www.tesco.com/groceries/en-GB/shop/health-and-beauty/all?department=Body%20Skincare&viewAll=department&page=,£6.00,£3.00/100ml,,,/groceries/en-GB/products/291774721,https://digitalcontent.api.tesco.com/v2/media/ghs/2c8c3241-da2d-4994-9708-487cebdd30af/3c2a7a08-7ecd-46f5-9555-83f97954f0e8_552071596.jpeg?h=225&w=225
291800991,St Moriz Pro 1 Hour Tan Mousse 200Ml,https://www.tesco.com/groceries/en-GB/shop/health-and-beauty/all?department=Body%20Skincare&viewAll=department&page=,£7.00,£3.50/100ml,£6.00 Clubcard Price,,/groceries/en-GB/products/291800991,https://digitalcontent.api.tesco.com/v2/media/ghs/199ca690-a144-4c28-8463-f68d408789e5/2cc21fc1-c533-40e1-844f-b6bd74c831a5_1854984320.jpeg?h=225&w=225
309454479,Cantu Shea Butter Nourishing Body Cream 240G,https://www.tesco.com/groceries/en-GB/shop/health-and-beauty/all?department=Body%20Skincare&viewAll=department&page=,£7.20,£3.00/100g,,,/groceries/en-GB/products/309454479,https://digitalcontent.api.tesco.com/v2/media/ghs/83f2487e-d64f-4085-a3b6-2665c1c302ee/f2549124-0cdc-4b15-8fe1-466dd6a5d0d7_1579361946.jpeg?h=225&w=225
305734009,Dove Dermaspa Gradual Body Mousse Medium To Dark 150Ml,https://www.tesco.com/groceries/en-GB/shop/health-and-beauty/all?department=Body%20Skincare&viewAll=department&page=,£8.00,£5.34/100ml,,,/groceries/en-GB/products/305734009,https://digitalcontent.api.tesco.com/v2/media/ghs/3693f673-9563-4780-887c-d75ea7c22e67/5ff924d3-f106-4d3b-ad28-5bf2124224ee_1705891326.jpeg?h=225&w=225
311805650,Garnier Body Superfood Watermelon Body Cream 380Ml,https://www.tesco.com/groceries/en-GB/shop/health-and-beauty/all?department=Body%20Skincare&viewAll=department&page=,£6.75,£1.78/100ml,£4.50 Clubcard Price,,/groceries/en-GB/products/311805650,https://digitalcontent.api.tesco.com/v2/media/ghs/9a0097c9-0f81-4d86-914e-9934e6721ae3/6abafa12-9e5b-43ee-8ef5-790a088a40fe_2139812309.jpeg?h=225&w=225
303415259,Dove Pro Age Nourishing Body Care Hand Cream 75Ml,https://www.tesco.com/groceries/en-GB/shop/health-and-beauty/all?department=Body%20Skincare&viewAll=department&page=,£4.00,£5.34/100ml,,,/groceries/en-GB/products/303415259,https://digitalcontent.api.tesco.com/v2/media/ghs/b0d3b6e1-e11b-4854-a2ec-98bc0418aff3/67eb902a-971b-41bd-8fcd-3b4235136818_1507988034.jpeg?h=225&w=225
307750742,Bepanthen Tattoo Intense Care Ointment 50G,https://www.tesco.com/groceries/en-GB/shop/health-and-beauty/all?department=Body%20Skincare&viewAll=department&page=,£6.50,£130.00/kg,,,/groceries/en-GB/products/307750742,https://digitalcontent.api.tesco.com/v2/media/ghs/439ea752-2613-47ff-b4a3-3ae8519b179f/12b5d8aa-67d3-42e7-8437-1a876c2f1c02_853125392.jpeg?h=225&w=225
309173477,Palmers Coconut Oil Formula Body Oil 150Ml,https://www.tesco.com/groceries/en-GB/shop/health-and-beauty/all?department=Body%20Skincare&viewAll=department&page=,£6.00,£4.00/100ml,,,/groceries/en-GB/products/309173477,https://digitalcontent.api.tesco.com/v2/media/ghs/2a5bb8d6-4d74-4a32-97c8-bc1e5c09e905/17127eba-9707-414c-9d76-57e3dfe29bd8_1319830398.jpeg?h=225&w=225
305251103,Cbd Alchemist Body Butter Coconut Moisturiser 200Ml,https://www.tesco.com/groceries/en-GB/shop/health-and-beauty/all?department=Body%20Skincare&viewAll=department&page=,£5.00,£2.50/100ml,,,/groceries/en-GB/products/305251103,https://digitalcontent.api.tesco.com/v2/media/ghs/0eaa15c9-67ff-436a-a46a-f20b80c0bc4c/c9bb2a4d-f176-4854-8b43-01aecf75261f_471444669.jpeg?h=225&w=225
263371366,Vaseline Intensive Care Cocoa Body Gel 200Ml,https://www.tesco.com/groceries/en-GB/shop/health-and-beauty/all?department=Body%20Skincare&viewAll=department&page=,£5.50,£2.75/100ml,,,/groceries/en-GB/products/263371366,https://digitalcontent.api.tesco.com/v2/media/ghs/ece91ea7-e160-4414-bb2f-9c7b27a9fb2e/76c51628-b662-4105-b829-95760a6864c0_712850964.jpeg?h=225&w=225
309171652,Dove Care Plus Radiant Glow Body Lotion 400Ml,https://www.tesco.com/groceries/en-GB/shop/health-and-beauty/all?department=Body%20Skincare&viewAll=department&page=,£5.35,£1.34/100ml,,,/groceries/en-GB/products/309171652,https://digitalcontent.api.tesco.com/v2/media/ghs/981f389a-996a-4a71-948f-ab0b6fc0a0ef/fbb163cc-e19a-43fd-9b79-e91421e19111_1254065117.jpeg?h=225&w=225
295315424,Nivea Body Cherry & Jojo Oil 400Ml,https://www.tesco.com/groceries/en-GB/shop/health-and-beauty/all?department=Body%20Skincare&viewAll=department&page=,£5.55,£1.39/100ml,,,/groceries/en-GB/products/295315424,https://digitalcontent.api.tesco.com/v2/media/ghs/72926c3f-4036-4890-ace9-dd1c2db198a6/bb19beba-0626-4b1e-a8ec-1f5a60d92599_916353701.jpeg?h=225&w=225
285024305,Palmer's Moisturising Body Oil 250Ml,https://www.tesco.com/groceries/en-GB/shop/health-and-beauty/all?department=Body%20Skincare&viewAll=department&page=,£5.00,£2.00/100ml,,,/groceries/en-GB/products/285024305,https://digitalcontent.api.tesco.com/v2/media/ghs/46438a60-b175-43f7-90ff-c7d9c7d37370/a4a21be8-c8ff-4e00-beb7-9b12d3ccb2f6_611269361.jpeg?h=225&w=225
293318332,Vaseline Spray & Care Aloe Spray Moisturiser 190Ml,https://www.tesco.com/groceries/en-GB/shop/health-and-beauty/all?department=Body%20Skincare&viewAll=department&page=,£5.00,£2.64/100ml,,,/groceries/en-GB/products/293318332,https://digitalcontent.api.tesco.com/v2/media/ghs/df9e345f-bd62-4d04-8815-7dd62f019f19/dde8f137-a846-4f6c-8dc1-d4466edfdcee_706584596.jpeg?h=225&w=225
310095015,Ink Revive Multi Purpose Balm Tattoo Care 50G,https://www.tesco.com/groceries/en-GB/shop/health-and-beauty/all?department=Body%20Skincare&viewAll=department&page=,£5.00,£10.00/100g,£4.00 Clubcard Price,,/groceries/en-GB/products/310095015,https://digitalcontent.api.tesco.com/v2/media/ghs/ded90610-c5ee-4937-af67-61941982cc87/18d432bc-253e-46d6-9b01-5900ff2ef41d_441795380.jpeg?h=225&w=225
305256910,Palm Bay Self Tanning Water 150Ml,https://www.tesco.com/groceries/en-GB/shop/health-and-beauty/all?department=Body%20Skincare&viewAll=department&page=,£4.50,£3.00/100ml,,,/groceries/en-GB/products/305256910,https://digitalcontent.api.tesco.com/v2/media/ghs/6fa4b96d-2572-475d-be9f-72d117aa7c3e/0240d208-af97-4c49-b971-65036a97f36b_798514227.jpeg?h=225&w=225
289812645,Dove Derma Spa Summer Revived F/Med Limited 200Ml,https://www.tesco.com/groceries/en-GB/shop/health-and-beauty/all?department=Body%20Skincare&viewAll=department&page=,£5.20,£2.60/100ml,£4.25 Clubcard Price,,/groceries/en-GB/products/289812645,https://digitalcontent.api.tesco.com/v2/media/ghs/1c9a39cc-9bfd-4e61-83cf-a3ced061c667/76e978fd-d892-431c-b2cc-cf3fe59cb945_958827800.jpeg?h=225&w=225
305039004,Palm Bay Self-Tanning Foam Light / Medium 150Ml,https://www.tesco.com/groceries/en-GB/shop/health-and-beauty/all?department=Body%20Skincare&viewAll=department&page=,£4.00,£2.67/100ml,,,/groceries/en-GB/products/305039004,https://digitalcontent.api.tesco.com/v2/media/ghs/11383b75-59cf-4184-a5ad-d0bf9787b8a7/77ce55fb-1653-41be-bd0e-910d8714ea4a_1134427298.jpeg?h=225&w=225
305051213,Palm Bay Self Tanning Foam Dark 150Ml,https://www.tesco.com/groceries/en-GB/shop/health-and-beauty/all?department=Body%20Skincare&viewAll=department&page=,£4.00,£2.67/100ml,,,/groceries/en-GB/products/305051213,https://digitalcontent.api.tesco.com/v2/media/ghs/15baf996-ab31-417b-a9ea-0dc2b540c451/a9223f4b-a38f-4773-8d5b-1846db2ceedd_515944578.jpeg?h=225&w=225
270952064,St Moriz Self Tanning Applicator Mitt,https://www.tesco.com/groceries/en-GB/shop/health-and-beauty/all?department=Body%20Skincare&viewAll=department&page=,£3.00,£3.00/each,,,/groceries/en-GB/products/270952064,https://digitalcontent.api.tesco.com/v2/media/ghs/da477444-3a14-4009-ac58-a0fff612f78a/5f3cfb0d-b222-41d9-a7f2-817ebad2905e_591147807.jpeg?h=225&w=225
299426004,Dove Visibleglow Gradual Self Tan Fair Medium 400Ml,https://www.tesco.com/groceries/en-GB/shop/health-and-beauty/all?department=Body%20Skincare&viewAll=department&page=,£4.25,£1.07/100ml,,,/groceries/en-GB/products/299426004,https://digitalcontent.api.tesco.com/v2/media/ghs/5b04ee0b-1d53-4107-a8a8-2cdb04104705/a26b56dc-8ef9-4249-84c4-2c0242fb5401_1650402016.jpeg?h=225&w=225
311677564,Palmer's Intensive Relief Hand Cream 60G,https://www.tesco.com/groceries/en-GB/shop/health-and-beauty/all?department=Body%20Skincare&viewAll=department&page=,£3.00,£5.00/100g,,,/groceries/en-GB/products/311677564,https://digitalcontent.api.tesco.com/v2/media/ghs/705911fc-8a73-4e37-b7a0-fb0b40f2822f/bae977ca-05d9-4d65-b317-91ee2b159d4e_1917446850.jpeg?h=225&w=225
311783098,Derma V10 Rescue Oil 75Ml,https://www.tesco.com/groceries/en-GB/shop/health-and-beauty/all?department=Body%20Skincare&viewAll=department&page=,£3.00,£4.00/100ml,,,/groceries/en-GB/products/311783098,https://digitalcontent.api.tesco.com/v2/media/ghs/14015f55-2a80-4bfb-9297-4951c20f5d67/9a2cc74a-0418-4465-b840-54290c10e078_1174242232.jpeg?h=225&w=225
305949753,Palm Bay Luxury Self Tanning Mitt,https://www.tesco.com/groceries/en-GB/shop/health-and-beauty/all?department=Body%20Skincare&viewAll=department&page=,£2.50,£2.50/each,,,/groceries/en-GB/products/305949753,https://digitalcontent.api.tesco.com/v2/media/ghs/bb70615b-9369-488e-9c05-0ff69cb67cfb/5251a271-6604-4ba5-a68f-7fcb3ea204d3_1194734584.jpeg?h=225&w=225
259086345,Velvotan Self Tan Mitt,https://www.tesco.com/groceries/en-GB/shop/health-and-beauty/all?department=Body%20Skincare&viewAll=department&page=,£2.40,£2.40/each,,,/groceries/en-GB/products/259086345,https://digitalcontent.api.tesco.com/v2/media/ghs/fc975c18-fe9f-449b-8b66-f5a362d713e1/d4e62355-6cf5-403e-b36f-9bff7aed4734_717831766.jpeg?h=225&w=225
293820629,Palmers Coconut Formula Cream 60G,https://www.tesco.com/groceries/en-GB/shop/health-and-beauty/all?department=Body%20Skincare&viewAll=department&page=,£2.50,£4.17/100g,,,/groceries/en-GB/products/293820629,https://digitalcontent.api.tesco.com/v2/media/ghs/a2af90d2-8739-4420-9d5a-c2d70a895e14/00147953-38f5-41fa-8525-a892abad9522_1582492187.jpeg?h=225&w=225
274808893,Nivea Soft Mini 25Ml,https://www.tesco.com/groceries/en-GB/shop/health-and-beauty/all?department=Body%20Skincare&viewAll=department&page=,£1.75,£7.00/100ml,Any 3 for 2 Clubcard Price - Cheapest Product Free - Selected Travel Accessories,,/groceries/en-GB/products/274808893,https://digitalcontent.api.tesco.com/v2/media/ghs/e6fc7bc3-68d8-4b49-86f5-b9d5ae505d24/5b8b927b-75ed-4ff3-94d9-a31de66d0bf8_275584920.jpeg?h=225&w=225
287910359,St Tropez Self Tan Express Brnz Mousse 200Ml,https://www.tesco.com/groceries/en-GB/shop/health-and-beauty/all?department=Body%20Skincare&viewAll=department&page=,£35.00,£17.50/100ml,£25.00 Clubcard Price,,/groceries/en-GB/products/287910359,https://digitalcontent.api.tesco.com/v2/media/ghs/d22b5db1-f9f9-41d8-8d2f-f63acb71a277/1211aa58-e695-46d4-918b-7275b7f7703c_1833756879.jpeg?h=225&w=225
305251472,Skinny Tan Moisture Mousse Express 150Ml,https://www.tesco.com/groceries/en-GB/shop/health-and-beauty/all?department=Body%20Skincare&viewAll=department&page=,£25.00,£16.67/100ml,,,/groceries/en-GB/products/305251472,https://digitalcontent.api.tesco.com/v2/media/ghs/00e231d3-8669-4ec5-8153-92c2e8dc794f/e9f8db9c-0936-4d00-a1da-8efec92a8779_405993082.jpeg?h=225&w=225
306948659,Weleda Skin Food Body Butter 150Ml,https://www.tesco.com/groceries/en-GB/shop/health-and-beauty/all?department=Body%20Skincare&viewAll=department&page=,£19.00,£12.67/100ml,,,/groceries/en-GB/products/306948659,https://digitalcontent.api.tesco.com/v2/media/ghs/a181f7dd-e19b-421b-834c-1901fcf2f341/2b868af5-acd8-4035-98a7-65d1ff1dc9b1_91872083.jpeg?h=225&w=225
295234237,E45 Cream 500G,https://www.tesco.com/groceries/en-GB/shop/health-and-beauty/all?department=Body%20Skincare&viewAll=department&page=,£14.00,£2.80/100g,,,/groceries/en-GB/products/295234237,https://digitalcontent.api.tesco.com/v2/media/ghs/7a7c2b8f-c837-4b7c-b934-77cd015e2ed4/ac0ea169-b25f-4601-8f01-31c67090e79e_1463048475.jpeg?h=225&w=225
298107833,Bondi Sands Self Tan Foam Dark 200Ml,https://www.tesco.com/groceries/en-GB/shop/health-and-beauty/all?department=Body%20Skincare&viewAll=department&page=,£16.00,£8.00/100ml,,,/groceries/en-GB/products/298107833,https://digitalcontent.api.tesco.com/v2/media/ghs/11f5d91e-893e-4837-90c5-390ecd00e3d5/44d7375d-c4f7-44d8-8743-709d67a8e0aa_1832809791.jpeg?h=225&w=225
311440084,Cetaphil Moisturising Cream 450G,https://www.tesco.com/groceries/en-GB/shop/health-and-beauty/all?department=Body%20Skincare&viewAll=department&page=,£15.85,£3.53/100g,£11.88 Clubcard Price,,/groceries/en-GB/products/311440084,https://digitalcontent.api.tesco.com/v2/media/ghs/7ddd71ee-c48c-4044-a830-4a4e29dcae01/126ffcfc-c85d-4d39-95d8-d1e28df04f91_1037388971.jpeg?h=225&w=225
298107891,Bondi Sands Self Tan Foam Light/Med 200Ml,https://www.tesco.com/groceries/en-GB/shop/health-and-beauty/all?department=Body%20Skincare&viewAll=department&page=,£16.00,£8.00/100ml,,,/groceries/en-GB/products/298107891,https://digitalcontent.api.tesco.com/v2/media/ghs/47f2a0f7-c573-4e56-bd54-0b8f32bca1db/59102ca9-05bf-4915-8c1a-56473715b80b_154669323.jpeg?h=225&w=225
301323837,Aveeno Dermexa Emollient Cream 200Ml,https://www.tesco.com/groceries/en-GB/shop/health-and-beauty/all?department=Body%20Skincare&viewAll=department&page=,£10.50,£5.25/100ml,,,/groceries/en-GB/products/301323837,https://digitalcontent.api.tesco.com/v2/media/ghs/2acffb09-e31f-4177-b209-53ea1ad866f2/89bc4be3-bb64-40f0-8314-d0be4d2733d5_2017545523.jpeg?h=225&w=225
298107990,Bondi Sands Gradual Tanning Milk 375Ml,https://www.tesco.com/groceries/en-GB/shop/health-and-beauty/all?department=Body%20Skincare&viewAll=department&page=,£13.00,£3.47/100ml,,,/groceries/en-GB/products/298107990,https://digitalcontent.api.tesco.com/v2/media/ghs/121b337f-93b1-479d-88c5-3cde2232d2e7/e017a066-5d6c-4d13-a427-14b7faf954c8_1811162944.jpeg?h=225&w=225
304380504,E45 Rich 24 Hour Cream Dry Skin 400Ml,https://www.tesco.com/groceries/en-GB/shop/health-and-beauty/all?department=Body%20Skincare&viewAll=department&page=,£9.00,£2.25/100ml,,,/groceries/en-GB/products/304380504,https://digitalcontent.api.tesco.com/v2/media/ghs/7b7051c1-6221-4f04-b578-bfbd833dbd11/852218f5-fad8-4d5d-8aad-8c6d4881e46f_2029810068.jpeg?h=225&w=225
305528445,Bondi Sands Body Moisturiser 500Ml,https://www.tesco.com/groceries/en-GB/shop/health-and-beauty/all?department=Body%20Skincare&viewAll=department&page=,£10.00,£2.00/100ml,,,/groceries/en-GB/products/305528445,https://digitalcontent.api.tesco.com/v2/media/ghs/3cf00dd9-0695-494d-83af-ad3e9aaa74ef/94067610-f9df-43f5-a545-a4d79ee100ce_900974254.jpeg?h=225&w=225
311803675,Astral Original Intensive Face & Body Moisturiser 500Ml,https://www.tesco.com/groceries/en-GB/shop/health-and-beauty/all?department=Body%20Skincare&viewAll=department&page=,£9.50,£1.90/100ml,,,/groceries/en-GB/products/311803675,https://digitalcontent.api.tesco.com/v2/media/ghs/a9f6a989-424c-46ee-b17b-978e7af75818/snapshotimagehandler_1821879413.jpeg?h=225&w=225
308462183,Bio-Oil Dry Skin Gel 100Ml,https://www.tesco.com/groceries/en-GB/shop/health-and-beauty/all?department=Body%20Skincare&viewAll=department&page=,£9.00,£9.00/100ml,,,/groceries/en-GB/products/308462183,https://digitalcontent.api.tesco.com/v2/media/ghs/b40377e2-29b4-4ffa-8462-a61907119fea/3266103d-b57f-4f32-acab-dd00bb02b95a_958505934.jpeg?h=225&w=225
293970353,Cetaphil Moisturising Lotion 236Ml,https://www.tesco.com/groceries/en-GB/shop/health-and-beauty/all?department=Body%20Skincare&viewAll=department&page=,£10.00,£4.24/100ml,,,/groceries/en-GB/products/293970353,https://digitalcontent.api.tesco.com/v2/media/ghs/f0f66ac1-242f-41cd-9187-ccafdb235f2a/31698286-5dc7-449e-bb83-2c24ac6bd0e2_1008654323.jpeg?h=225&w=225
306952764,Weleda Skin Food Moisturiser 30Ml,https://www.tesco.com/groceries/en-GB/shop/health-and-beauty/all?department=Body%20Skincare&viewAll=department&page=,£8.00,£26.67/100ml,,,/groceries/en-GB/products/306952764,https://digitalcontent.api.tesco.com/v2/media/ghs/cf078d30-f572-4e5c-88e3-36c68e2b1f6d/0d5c0e6d-30c0-497d-97fe-634cb071d586_308466962.jpeg?h=225&w=225
306942177,Weleda Skin Food Moisturiser 30Ml,https://www.tesco.com/groceries/en-GB/shop/health-and-beauty/all?department=Body%20Skincare&viewAll=department&page=,£8.00,£26.67/100ml,,,/groceries/en-GB/products/306942177,https://digitalcontent.api.tesco.com/v2/media/ghs/a22f6237-2fd2-42e0-bb80-d0bf181922f3/3fb2b02d-35a2-4205-b749-24cfd907ab93_413837872.jpeg?h=225&w=225
303008465,St Moriz Medium Dark Clear Mousse 200Ml,https://www.tesco.com/groceries/en-GB/shop/health-and-beauty/all?department=Body%20Skincare&viewAll=department&page=,£7.00,£3.50/100ml,£6.00 Clubcard Price,,/groceries/en-GB/products/303008465,https://digitalcontent.api.tesco.com/v2/media/ghs/0961afba-d4ea-4d3d-a676-8b750472736d/3e66a218-212c-4d67-95e8-ff708683ae69_703438948.jpeg?h=225&w=225
291774767,St Moriz Professional Mousse Dark 200Ml,https://www.tesco.com/groceries/en-GB/shop/health-and-beauty/all?department=Body%20Skincare&viewAll=department&page=,£6.00,£3.00/100ml,,,/groceries/en-GB/products/291774767,https://digitalcontent.api.tesco.com/v2/media/ghs/32c32335-38d0-4a08-aa47-2678b4779608/0b6767e9-5546-4c8d-85a7-e7c60b9a48ab_1675197750.jpeg?h=225&w=225
309485239,Cantu Cocoa Butter Hydrating Body Cream 240G,https://www.tesco.com/groceries/en-GB/shop/health-and-beauty/all?department=Body%20Skincare&viewAll=department&page=,£7.20,£3.00/100g,,,/groceries/en-GB/products/309485239,https://digitalcontent.api.tesco.com/v2/media/ghs/03e39256-52d1-4ae0-ac7d-8fa316b116d5/6de8ca00-ef47-417c-92e5-f4d37fa51a51_1524564272.jpeg?h=225&w=225
288058992,Neutrogena Norwegian Formula Visibly Renew Body Lotion 400Ml,https://www.tesco.com/groceries/en-GB/shop/health-and-beauty/all?department=Body%20Skincare&viewAll=department&page=,£6.00,£1.50/100ml,,,/groceries/en-GB/products/288058992,https://digitalcontent.api.tesco.com/v2/media/ghs/b6e36128-33a3-45d0-b43d-2b91fe692e2c/b7b01b91-72b2-4bb3-9b5d-f3ed79e256ad_1250826848.jpeg?h=225&w=225
305255560,Nivea Q10 Gradual Tan Moisturiser 400Ml,https://www.tesco.com/groceries/en-GB/shop/health-and-beauty/all?department=Body%20Skincare&viewAll=department&page=,£7.50,£1.88/100ml,£5.00 Clubcard Price,,/groceries/en-GB/products/305255560,https://digitalcontent.api.tesco.com/v2/media/ghs/9f31f8e7-5a43-443a-896a-f7c1cb135c56/e105b44f-25aa-4f36-9220-49e4210ccdb3_553261071.jpeg?h=225&w=225
306951771,Skinny Tan Pink Velvet Dual Tanning Mitt,https://www.tesco.com/groceries/en-GB/shop/health-and-beauty/all?department=Body%20Skincare&viewAll=department&page=,£5.00,£5.00/each,,,/groceries/en-GB/products/306951771,https://digitalcontent.api.tesco.com/v2/media/ghs/a358b6ea-602d-4a20-8d2b-7053a6496144/55f828a1-d163-4ed5-8a73-53f35ab58124_150484396.jpeg?h=225&w=225
305524478,Bondi Sands Reusable Self Tan Application Mitt,https://www.tesco.com/groceries/en-GB/shop/health-and-beauty/all?department=Body%20Skincare&viewAll=department&page=,£5.00,£5.00/each,,,/groceries/en-GB/products/305524478,https://digitalcontent.api.tesco.com/v2/media/ghs/c4727a0e-1020-480a-9e81-79aef304c9f1/bac6429d-f33f-46fe-9f8c-87086f9aecb0_1453386803.jpeg?h=225&w=225
308831229,St Moriz Professional Self Tan Remover 100Ml,https://www.tesco.com/groceries/en-GB/shop/health-and-beauty/all?department=Body%20Skincare&viewAll=department&page=,£5.00,£5.00/100ml,,,/groceries/en-GB/products/308831229,https://digitalcontent.api.tesco.com/v2/media/ghs/619892ec-ffbb-45a6-859a-792da07e3671/73d2eb80-36ac-4df4-b654-a883f18eb750_2023512066.jpeg?h=225&w=225
304786369,Cbd Alchemist Body Lotion Coconut 200Ml,https://www.tesco.com/groceries/en-GB/shop/health-and-beauty/all?department=Body%20Skincare&viewAll=department&page=,£5.00,£2.50/100ml,,,/groceries/en-GB/products/304786369,https://digitalcontent.api.tesco.com/v2/media/ghs/b3685894-dc1f-44ad-b265-36162ba72682/74abca1d-a405-4a47-b461-c2f77ddc013b_1095137831.jpeg?h=225&w=225
285024806,Palmer's Gradual Tanner 250Ml,https://www.tesco.com/groceries/en-GB/shop/health-and-beauty/all?department=Body%20Skincare&viewAll=department&page=,£5.10,£2.04/100ml,,,/groceries/en-GB/products/285024806,https://digitalcontent.api.tesco.com/v2/media/ghs/0dee5497-895e-45fb-812e-cfebfbc34a7f/fae2945d-4f30-4e79-9ec2-188d3107a661_326473828.jpeg?h=225&w=225
309188621,Palmers Coconut Oil Balm 100G,https://www.tesco.com/groceries/en-GB/shop/health-and-beauty/all?department=Body%20Skincare&viewAll=department&page=,£4.20,£4.20/100g,,,/groceries/en-GB/products/309188621,https://digitalcontent.api.tesco.com/v2/media/ghs/0b78870d-4a01-4d15-a065-9ff40dc04196/a3fc58ca-1861-4b5d-8e68-03ea478bf068_1144101785.jpeg?h=225&w=225
305941335,Ink Revive Protect & Revive Tattoo Moisturiser 200Ml,https://www.tesco.com/groceries/en-GB/shop/health-and-beauty/all?department=Body%20Skincare&viewAll=department&page=,£4.00,£2.00/100ml,£3.20 Clubcard Price,,/groceries/en-GB/products/305941335,https://digitalcontent.api.tesco.com/v2/media/ghs/fb0ca5e7-1173-4255-80eb-b694fa5432f6/55078c8b-1605-4e12-935c-b875c9e86736_752490889.jpeg?h=225&w=225
305963833,Palm Bay Exfoliating Self Tanning Mitt,https://www.tesco.com/groceries/en-GB/shop/health-and-beauty/all?department=Body%20Skincare&viewAll=department&page=,£2.50,£2.50/each,,,/groceries/en-GB/products/305963833,https://digitalcontent.api.tesco.com/v2/media/ghs/6bb263fe-db7a-4900-9a04-72c077394426/f8d1fbe3-9f44-4508-a076-87705aeca76f_271867330.jpeg?h=225&w=225
259070127,Garnier Body Light Gradual Tan Moisturiser 400Ml,https://www.tesco.com/groceries/en-GB/shop/health-and-beauty/all?department=Body%20Skincare&viewAll=department&page=,£6.15,£1.54/100ml,,,/groceries/en-GB/products/259070127,https://digitalcontent.api.tesco.com/v2/media/ghs/347f6551-05c7-4744-beb3-855d3c69e5c6/4a710983-d38e-4b27-b8e1-70dbcc326d9a_2068792153.jpeg?h=225&w=225
272255644,Vaseline Anti Bacterial Lotion 75Ml,https://www.tesco.com/groceries/en-GB/shop/health-and-beauty/all?department=Body%20Skincare&viewAll=department&page=,£2.29,£3.06/100ml,,,/groceries/en-GB/products/272255644,https://digitalcontent.api.tesco.com/v2/media/ghs/94293fd2-71e7-44a2-b9ec-f7750774ad41/eaee1a95-2a64-4005-9db6-61416d04f941_1925873630.jpeg?h=225&w=225
305257039,Skinny Tan Self Mousse 150Ml,https://www.tesco.com/groceries/en-GB/shop/health-and-beauty/all?department=Body%20Skincare&viewAll=department&page=,£22.00,£14.67/100ml,,,/groceries/en-GB/products/305257039,https://digitalcontent.api.tesco.com/v2/media/ghs/11b75360-feee-45a3-993c-2474ed37575f/21144c84-1d13-4446-9d0e-97f97ed32d87_1625319747.jpeg?h=225&w=225
305046001,Bondi Sands Everyday Gradual Tanning Foam 270Ml,https://www.tesco.com/groceries/en-GB/shop/health-and-beauty/all?department=Body%20Skincare&viewAll=department&page=,£13.00,£4.82/100ml,,,/groceries/en-GB/products/305046001,https://digitalcontent.api.tesco.com/v2/media/ghs/d7a8f427-3dc4-467e-b14d-3911fe87b246/5ad85a7b-a5c9-4615-8331-c51338444b5c_1673859407.jpeg?h=225&w=225
298107954,Bondi Sands Self Tan Mist Dark 250Ml,https://www.tesco.com/groceries/en-GB/shop/health-and-beauty/all?department=Body%20Skincare&viewAll=department&page=,£15.00,£6.00/100ml,,,/groceries/en-GB/products/298107954,https://digitalcontent.api.tesco.com/v2/media/ghs/ba4a942a-5cad-48ee-a036-850a36511735/eaa56e6c-edff-43cb-827d-c49d93462341_1174203508.jpeg?h=225&w=225
298107919,Bondi Sands Self Tan Lotion Dark 200Ml,https://www.tesco.com/groceries/en-GB/shop/health-and-beauty/all?department=Body%20Skincare&viewAll=department&page=,£15.00,£7.50/100ml,,,/groceries/en-GB/products/298107919,https://digitalcontent.api.tesco.com/v2/media/ghs/addb8a21-a160-4b30-9151-81332d640d4b/5e59c48b-4c30-4acf-9fd9-d00e35a35779_984675002.jpeg?h=225&w=225
308871044,Yes To Avocado Fragrance Free Daily Mineral Lot 50Ml,https://www.tesco.com/groceries/en-GB/shop/health-and-beauty/all?department=Body%20Skincare&viewAll=department&page=,£11.00,£22.00/100ml,,,/groceries/en-GB/products/308871044,https://digitalcontent.api.tesco.com/v2/media/ghs/7e3352a0-e2cc-4884-9ec0-5a63609169c5/34cb9437-d28c-423c-8172-1e0461f4a54c_930300828.jpeg?h=225&w=225
306807701,St Moriz Advanced Pro Formula Spray Self Tan 150Ml,https://www.tesco.com/groceries/en-GB/shop/health-and-beauty/all?department=Body%20Skincare&viewAll=department&page=,£13.00,£8.67/100ml,£10.00 Clubcard Price,,/groceries/en-GB/products/306807701,https://digitalcontent.api.tesco.com/v2/media/ghs/31f8915e-51c1-4b76-87d6-81e45ac9b1c1/c143909b-6548-49fc-afeb-6ce6e41f7458_1502163928.jpeg?h=225&w=225
305943097,Skin Academy Zero Hand & Nail Cream 50Ml,https://www.tesco.com/groceries/en-GB/shop/health-and-beauty/all?department=Body%20Skincare&viewAll=department&page=,£10.00,£20.00/100ml,,,/groceries/en-GB/products/305943097,https://digitalcontent.api.tesco.com/v2/media/ghs/60b6fe1d-dcd3-4faf-97ed-0eca6a0d228c/b93d19c5-e6d8-4943-b9a1-dc407faadd09_953679203.jpeg?h=225&w=225
308834262,St Moriz Advanced Colour Correct Self-Tanning Medium 200Ml,https://www.tesco.com/groceries/en-GB/shop/health-and-beauty/all?department=Body%20Skincare&viewAll=department&page=,£10.00,£5.00/100ml,,,/groceries/en-GB/products/308834262,https://digitalcontent.api.tesco.com/v2/media/ghs/8d15a9ed-94e6-4a51-8275-8ca42809153c/33a2acd3-9669-41f5-ad0c-acac8aaf16f0_960320533.jpeg?h=225&w=225
308845427,St Moriz Advanced Colour Correct Self-Tanning Dark 200Ml,https://www.tesco.com/groceries/en-GB/shop/health-and-beauty/all?department=Body%20Skincare&viewAll=department&page=,£10.00,£5.00/100ml,,,/groceries/en-GB/products/308845427,https://digitalcontent.api.tesco.com/v2/media/ghs/cc519a81-6239-400a-8451-570503d04363/5a0a08ad-70fb-4f8b-a3e2-02bc3a1898ba_830978490.jpeg?h=225&w=225
308470196,Yes To Grapefruit Nourishing Moisturiser 50Ml,https://www.tesco.com/groceries/en-GB/shop/health-and-beauty/all?department=Body%20Skincare&viewAll=department&page=,£10.00,£20.00/100ml,,,/groceries/en-GB/products/308470196,https://digitalcontent.api.tesco.com/v2/media/ghs/8740912c-1509-4c7e-8977-de765e63b812/a44058ca-3a4e-440d-b73d-a9cb8f6b0f97_1772225486.jpeg?h=225&w=225
309195543,Bondi Sands Pure Gradual Tanning Lotion 200Ml,https://www.tesco.com/groceries/en-GB/shop/health-and-beauty/all?department=Body%20Skincare&viewAll=department&page=,£13.00,£6.50/100ml,,,/groceries/en-GB/products/309195543,https://digitalcontent.api.tesco.com/v2/media/ghs/69d1aa11-5997-450b-9f40-3444f5b03949/b100e832-87da-4521-9e28-b954d1bca517_1335771045.jpeg?h=225&w=225
309750877,St Moriz Everyday Glow,https://www.tesco.com/groceries/en-GB/shop/health-and-beauty/all?department=Body%20Skincare&viewAll=department&page=,£12.00,£12.00/each,,,/groceries/en-GB/products/309750877,https://digitalcontent.api.tesco.com/v2/media/ghs/5b000180-b260-4435-bfc6-568eb7f6dca7/893cae8d-837c-481c-9913-61e484242379_1293433894.jpeg?h=225&w=225
306808815,St Moriz Advanced Pro Formula Radiant Glow Mist 150Ml,https://www.tesco.com/groceries/en-GB/shop/health-and-beauty/all?department=Body%20Skincare&viewAll=department&page=,£10.00,£6.67/100ml,£8.00 Clubcard Price,,/groceries/en-GB/products/306808815,https://digitalcontent.api.tesco.com/v2/media/ghs/5a4690ab-7850-49a6-8015-5a986810de9e/f0c40afa-8044-4cb8-b6e5-3c13ffd92a6b_636511878.jpeg?h=225&w=225
309176727,Yardley Flowerazzi Magnolia & Pink Orchid Body Butter 200Ml,https://www.tesco.com/groceries/en-GB/shop/health-and-beauty/all?department=Body%20Skincare&viewAll=department&page=,£8.40,£4.20/100ml,,,/groceries/en-GB/products/309176727,https://digitalcontent.api.tesco.com/v2/media/ghs/e70da50c-e2ec-4cc0-bf82-02ba1d3d2722/c71db370-e86b-4664-a6ff-388c5c2d85cd_1850863248.jpeg?h=225&w=225
309165389,Yardley Flowerazzi Magnolia & Pink Orchid Body Lotion 250Ml,https://www.tesco.com/groceries/en-GB/shop/health-and-beauty/all?department=Body%20Skincare&viewAll=department&page=,£7.35,£2.94/100ml,,,/groceries/en-GB/products/309165389,https://digitalcontent.api.tesco.com/v2/media/ghs/638b280d-d4b2-4fc6-9366-4869fbadb5ed/a3634cc8-7523-4110-9a53-ec4f399ac613_219390946.jpeg?h=225&w=225
309176140,Feather & Down All Purpose Sleep Balm 16G,https://www.tesco.com/groceries/en-GB/shop/health-and-beauty/all?department=Body%20Skincare&viewAll=department&page=,£7.00,£4.38/10g,,,/groceries/en-GB/products/309176140,https://digitalcontent.api.tesco.com/v2/media/ghs/5eb60052-7b33-4c4a-98d9-017735a84b31/ef31343f-d2ee-4832-93a5-eab43a92833b_1121699299.jpeg?h=225&w=225
297905322,St Tropez Tan Remover Mitt,https://www.tesco.com/groceries/en-GB/shop/health-and-beauty/all?department=Body%20Skincare&viewAll=department&page=,£6.00,£6.00/each,,,/groceries/en-GB/products/297905322,https://digitalcontent.api.tesco.com/v2/media/ghs/b2585ed1-4922-4c16-9656-071530e4ef6f/c202d481-a7d2-47e7-82df-7bb2e6d7c9e3_2127359198.jpeg?h=225&w=225
298263007,Bondi Sands Self Tanning Exfoliating Mitt,https://www.tesco.com/groceries/en-GB/shop/health-and-beauty/all?department=Body%20Skincare&viewAll=department&page=,£6.00,£6.00/each,,,/groceries/en-GB/products/298263007,https://digitalcontent.api.tesco.com/v2/media/ghs/f51b026c-7177-405c-b64d-63059f64f43c/1b4878ad-7abb-443e-903c-7a2ff4bdb996_1641085654.jpeg?h=225&w=225
309196156,Yardley Floweraz Magnolia & Pink Orchid 125Ml,https://www.tesco.com/groceries/en-GB/shop/health-and-beauty/all?department=Body%20Skincare&viewAll=department&page=,£6.50,£5.20/100ml,,,/groceries/en-GB/products/309196156,https://digitalcontent.api.tesco.com/v2/media/ghs/2a2ee06d-5d01-4f8d-95e7-7d8ff9074fb3/e6aa6678-d380-4320-9ecb-19f5608a66c0_922592339.jpeg?h=225&w=225
309164459,Yardley Flowerazzi Magnolia & Pink Orchid Hand Cream 75Ml,https://www.tesco.com/groceries/en-GB/shop/health-and-beauty/all?department=Body%20Skincare&viewAll=department&page=,£5.50,£7.34/100ml,,,/groceries/en-GB/products/309164459,https://digitalcontent.api.tesco.com/v2/media/ghs/973b3ea2-9981-4d93-b120-788bfef2b119/0f7f6433-ae31-4b3e-96a3-da99d412540e_1887775720.jpeg?h=225&w=225
298263020,Bondi Sands Self Tanning Back Applicator,https://www.tesco.com/groceries/en-GB/shop/health-and-beauty/all?department=Body%20Skincare&viewAll=department&page=,£7.00,£7.00/each,,,/groceries/en-GB/products/298263020,https://digitalcontent.api.tesco.com/v2/media/ghs/e5b2ec20-db47-493e-a276-8e7c6399f3d7/d61a2f33-7a7a-4bc4-8219-a6d3b0812593_603993888.jpeg?h=225&w=225
292892781,St Moriz Advanced Pro Formula Exfoliating Skinprimer 200Ml,https://www.tesco.com/groceries/en-GB/shop/health-and-beauty/all?department=Body%20Skincare&viewAll=department&page=,£5.00,£2.50/100ml,,,/groceries/en-GB/products/292892781,https://digitalcontent.api.tesco.com/v2/media/ghs/f4e7c52c-8f9c-4385-a42a-03534d25a0a3/a3119727-f35d-4d18-aac4-c6997b1d5777_96979272.jpeg?h=225&w=225
305253464,Palm Bay Gradual Self-Tanning Medium Lotion 200Ml,https://www.tesco.com/groceries/en-GB/shop/health-and-beauty/all?department=Body%20Skincare&viewAll=department&page=,£4.00,£2.00/100ml,,,/groceries/en-GB/products/305253464,https://digitalcontent.api.tesco.com/v2/media/ghs/2d5ec118-56d9-4afa-9f8d-7f3082e4b532/a8c1e198-b78a-4586-983c-a941e310cd7f_1556713878.jpeg?h=225&w=225
309496066,St Moriz Tanning Applicator & Buffing Brush,https://www.tesco.com/groceries/en-GB/shop/health-and-beauty/all?department=Body%20Skincare&viewAll=department&page=,£9.00,£9.00/each,,,/groceries/en-GB/products/309496066,https://digitalcontent.api.tesco.com/v2/media/ghs-mktg/b0b04216-fa73-466d-a9d7-c9fcfa1ce9b3/no-image.jpeg
312833009,Jml Nu You Pedi Roller,https://www.tesco.com/groceries/en-GB/shop/health-and-beauty/all?department=Make%20Up%20%26%20Beauty%20Accessories&viewAll=department&page=,£19.99,£19.99/each,,New,/groceries/en-GB/products/312833009,https://digitalcontent.api.tesco.com/v2/media/ghs/63f3aaa1-8ab2-4f80-acbe-e5d469f766f2/f402042d-2957-4d03-bae5-b1ef1688a3fb_743754189.jpeg?h=225&w=225
311225541,Real Techniques 123 Basics Make Up Brush Kit,https://www.tesco.com/groceries/en-GB/shop/health-and-beauty/all?department=Make%20Up%20%26%20Beauty%20Accessories&viewAll=department&page=,£15.00,£15.00/each,,,/groceries/en-GB/products/311225541,https://digitalcontent.api.tesco.com/v2/media/ghs/0b695cec-2fda-46cb-b0b7-d1c870cea078/3c326efd-a6e9-410d-979d-db23bdee6aa3_109724548.jpeg?h=225&w=225
308474140,Ecotools 5 Essential Brushes With Storage Tin,https://www.tesco.com/groceries/en-GB/shop/health-and-beauty/all?department=Make%20Up%20%26%20Beauty%20Accessories&viewAll=department&page=,£14.00,£14.00/each,,,/groceries/en-GB/products/308474140,https://digitalcontent.api.tesco.com/v2/media/ghs/98150dd2-cb7d-4761-8fb5-6049ac2899a8/aff17b69-6645-46c5-bea1-c158ce2421aa_44979350.jpeg?h=225&w=225
303541702,Eylure Eyelashes Definition - 126,https://www.tesco.com/groceries/en-GB/shop/health-and-beauty/all?department=Make%20Up%20%26%20Beauty%20Accessories&viewAll=department&page=,£5.50,£5.50/each,,,/groceries/en-GB/products/303541702,https://digitalcontent.api.tesco.com/v2/media/ghs/a75a6607-d2cd-462c-bb86-e6330e2e3b79/41108c05-8f91-4584-8fd5-4856c09e0622_109924078.jpeg?h=225&w=225
311229744,W7 Individual Lashes Knot Free Lashes Set,https://www.tesco.com/groceries/en-GB/shop/health-and-beauty/all?department=Make%20Up%20%26%20Beauty%20Accessories&viewAll=department&page=,£4.50,£4.50/each,Any 3 for 2 Clubcard Price - Cheapest Product Free - Selected Cosmetics,,/groceries/en-GB/products/311229744,https://digitalcontent.api.tesco.com/v2/media/ghs/8a9cc555-a3c3-4e6f-9280-f4e9ef265bbe/00248a57-e265-478a-a153-5aabfda60fff_1200598183.jpeg?h=225&w=225
311673657,W7 Glamorous Nails Carnival Queen Set,https://www.tesco.com/groceries/en-GB/shop/health-and-beauty/all?department=Make%20Up%20%26%20Beauty%20Accessories&viewAll=department&page=,£4.00,£4.00/each,Any 3 for 2 Clubcard Price - Cheapest Product Free - Selected Cosmetics,,/groceries/en-GB/products/311673657,https://digitalcontent.api.tesco.com/v2/media/ghs/16982c86-597e-4e1e-8b8d-d3101075dc0f/67a643bf-2854-481e-85c6-c0217eb1783b_1650195143.jpeg?h=225&w=225
311681178,W7 Glamorous Nails Candy Gloss Set,https://www.tesco.com/groceries/en-GB/shop/health-and-beauty/all?department=Make%20Up%20%26%20Beauty%20Accessories&viewAll=department&page=,£4.00,£4.00/each,Any 3 for 2 Clubcard Price - Cheapest Product Free - Selected Cosmetics,,/groceries/en-GB/products/311681178,https://digitalcontent.api.tesco.com/v2/media/ghs/69231455-9c3b-4125-8766-04e9d7967a2a/6d376b5b-4f79-48a9-bca1-9adc5859e92a_1962535400.jpeg?h=225&w=225
312705415,W7 Glamorous Nails Moon Shine Set,https://www.tesco.com/groceries/en-GB/shop/health-and-beauty/all?department=Make%20Up%20%26%20Beauty%20Accessories&viewAll=department&page=,£4.00,£4.00/each,,New,/groceries/en-GB/products/312705415,https://digitalcontent.api.tesco.com/v2/media/ghs/50e0a66c-eb9f-4b5d-9af0-667e4ed4fafb/b295a436-aed7-4825-a2a1-a7ab2e6e6593_1731045119.jpeg?h=225&w=225
312697204,W7 Glamorous Nails Diamonds Forever Set,https://www.tesco.com/groceries/en-GB/shop/health-and-beauty/all?department=Make%20Up%20%26%20Beauty%20Accessories&viewAll=department&page=,£4.00,£4.00/each,,New,/groceries/en-GB/products/312697204,https://digitalcontent.api.tesco.com/v2/media/ghs/f20ac24b-b0ac-46dc-acd1-00c887ec69ed/2f456cd9-5b4b-4aae-ac30-2af3f73491ea_917557452.jpeg?h=225&w=225
308829418,W7 Wispy Lashes Hypnotise,https://www.tesco.com/groceries/en-GB/shop/health-and-beauty/all?department=Make%20Up%20%26%20Beauty%20Accessories&viewAll=department&page=,£4.00,£4.00/each,Any 3 for 2 Clubcard Price - Cheapest Product Free - Selected Cosmetics,,/groceries/en-GB/products/308829418,https://digitalcontent.api.tesco.com/v2/media/ghs/e04d06b4-5ec7-417e-8e8a-d2dab84d7532/d2fc68be-d372-457c-8a71-370f35157cbc_1281778331.jpeg?h=225&w=225
266991426,Tesco Beauty 2 Professional Nail Files,https://www.tesco.com/groceries/en-GB/shop/health-and-beauty/all?department=Make%20Up%20%26%20Beauty%20Accessories&viewAll=department&page=,£2.25,£2.25/each,,,/groceries/en-GB/products/266991426,https://digitalcontent.api.tesco.com/v2/media/ghs/18ad327f-e319-4cfd-84b7-69df83ce10da/2466a374-5e7c-4bdd-9ec0-463c276c3a2e_284310627.jpeg?h=225&w=225
297177733,Cutex Nourishing Nail Polish Remover 200Ml,https://www.tesco.com/groceries/en-GB/shop/health-and-beauty/all?department=Make%20Up%20%26%20Beauty%20Accessories&viewAll=department&page=,£3.00,£1.50/100ml,,,/groceries/en-GB/products/297177733,https://digitalcontent.api.tesco.com/v2/media/ghs/0aaa4ac2-e433-4889-9e4e-83c3b3fe8be9/107f3381-8ea7-47fe-a880-c3011343fa2b_623758811.jpeg?h=225&w=225
284428906,Leo Bancroft Snagfree Hairbands Black 14 Pack,https://www.tesco.com/groceries/en-GB/shop/health-and-beauty/all?department=Make%20Up%20%26%20Beauty%20Accessories&viewAll=department&page=,£2.10,£0.15/each,,,/groceries/en-GB/products/284428906,https://digitalcontent.api.tesco.com/v2/media/ghs/6f5f7f54-13df-4f47-a461-be9e859a919a/112a4ade-d18e-4f2c-bb7c-cfc46d798283_1116057223.jpeg?h=225&w=225
284428964,Leo Bancroft Snagfree Hairbands Brown 14 Pack,https://www.tesco.com/groceries/en-GB/shop/health-and-beauty/all?department=Make%20Up%20%26%20Beauty%20Accessories&viewAll=department&page=,£2.10,£0.15/each,,,/groceries/en-GB/products/284428964,https://digitalcontent.api.tesco.com/v2/media/ghs/9ec431f0-5fbb-4e54-803c-dcbe8bf45026/f0763eb4-ee52-4ad3-8578-3eb02c2dff7f_411416150.jpeg?h=225&w=225
284429062,Leo Bancroft Snagfree Hairbands Blonde 14 Pack,https://www.tesco.com/groceries/en-GB/shop/health-and-beauty/all?department=Make%20Up%20%26%20Beauty%20Accessories&viewAll=department&page=,£2.10,£0.15/each,,,/groceries/en-GB/products/284429062,https://digitalcontent.api.tesco.com/v2/media/ghs/f9cd9562-2b93-46ef-89ec-b8e97394c84c/5b8e63a1-dc90-4344-bdce-ff5e1cf39ff6_1925568678.jpeg?h=225&w=225
311935075,Truyu Trio Nail Files Medium/Fine,https://www.tesco.com/groceries/en-GB/shop/health-and-beauty/all?department=Make%20Up%20%26%20Beauty%20Accessories&viewAll=department&page=,£2.50,£2.50/each,,,/groceries/en-GB/products/311935075,https://digitalcontent.api.tesco.com/v2/media/ghs/0c71ea8e-8d92-49de-bdf3-b9e4e6d12923/9f3bd6bf-8e93-41c5-9a0d-fe4a8960df5f_1179907251.jpeg?h=225&w=225
297177779,Cutex Ultra Poweful Nail` Polish Remover 200Ml,https://www.tesco.com/groceries/en-GB/shop/health-and-beauty/all?department=Make%20Up%20%26%20Beauty%20Accessories&viewAll=department&page=,£3.00,£1.50/100ml,,,/groceries/en-GB/products/297177779,https://digitalcontent.api.tesco.com/v2/media/ghs/741e5f05-5d79-4cc5-916e-7168de73a4f9/0126d34f-13e2-436b-81fb-6f8326aa6c47_1923061074.jpeg?h=225&w=225
291228424,Tesco Fun File 2 Pack,https://www.tesco.com/groceries/en-GB/shop/health-and-beauty/all?department=Make%20Up%20%26%20Beauty%20Accessories&viewAll=department&page=,£2.25,£1.13/each,,,/groceries/en-GB/products/291228424,https://digitalcontent.api.tesco.com/v2/media/ghs/c74ea049-3697-40e5-b8a3-0e571b9675c5/6b4cca4a-d2cb-4651-bc27-21a863ef847b_32013902.jpeg?h=225&w=225
291228194,Tesco Nail Clipper,https://www.tesco.com/groceries/en-GB/shop/health-and-beauty/all?department=Make%20Up%20%26%20Beauty%20Accessories&viewAll=department&page=,£2.25,£2.25/each,,,/groceries/en-GB/products/291228194,https://digitalcontent.api.tesco.com/v2/media/ghs/01f68b3a-7461-4372-8825-89aa23ed8e21/d5dbca04-8fb0-4cde-ac2e-987391a86939_56439784.jpeg?h=225&w=225
252948420,Tesco Essentails Nail Scissors,https://www.tesco.com/groceries/en-GB/shop/health-and-beauty/all?department=Make%20Up%20%26%20Beauty%20Accessories&viewAll=department&page=,£2.00,£2.00/each,,,/groceries/en-GB/products/252948420,https://digitalcontent.api.tesco.com/v2/media/ghs/9a9509f5-64d5-4a52-92ba-3ee318e7b572/954c4526-9f3c-4d82-b191-65b7a1e12faa_1033793961.jpeg?h=225&w=225
257797906,Tesco Slanted Tweezers,https://www.tesco.com/groceries/en-GB/shop/health-and-beauty/all?department=Make%20Up%20%26%20Beauty%20Accessories&viewAll=department&page=,£1.50,£1.50/each,,,/groceries/en-GB/products/257797906,https://digitalcontent.api.tesco.com/v2/media/ghs/df36b4dd-9ebe-4206-8f4a-01d488decf73/144dd8b4-8c7a-4dd3-a657-9f178bb4a670_716116171.jpeg?h=225&w=225
257797929,Tesco Essentials Straight Tweezer,https://www.tesco.com/groceries/en-GB/shop/health-and-beauty/all?department=Make%20Up%20%26%20Beauty%20Accessories&viewAll=department&page=,£1.50,£1.50/each,,,/groceries/en-GB/products/257797929,https://digitalcontent.api.tesco.com/v2/media/ghs/b2008e19-9b13-40ab-b8f6-29b1542936e2/4b377494-33bb-4e16-b85d-3657d24e0e1d_966533707.jpeg?h=225&w=225
311790498,Elegant Touch Get Em Off Nail Polish Remover 200Ml,https://www.tesco.com/groceries/en-GB/shop/health-and-beauty/all?department=Make%20Up%20%26%20Beauty%20Accessories&viewAll=department&page=,£2.50,£0.12/10ml,,,/groceries/en-GB/products/311790498,https://digitalcontent.api.tesco.com/v2/media/ghs/b8d3df04-df47-4c36-8324-dda77ee0daed/d03e0b91-0960-4fec-b097-dfb427a6e9fb_1131462955.jpeg?h=225&w=225
291227926,Tesco Sapphire Nail File,https://www.tesco.com/groceries/en-GB/shop/health-and-beauty/all?department=Make%20Up%20%26%20Beauty%20Accessories&viewAll=department&page=,£1.50,£1.50/each,,,/groceries/en-GB/products/291227926,https://digitalcontent.api.tesco.com/v2/media/ghs/af064b8b-5c1e-4a0f-8ae9-e463d1691cc9/2e310c82-481e-479d-8773-fb7dd027f91d_344892932.jpeg?h=225&w=225
291227990,Tesco Emery Boards 10 Pack,https://www.tesco.com/groceries/en-GB/shop/health-and-beauty/all?department=Make%20Up%20%26%20Beauty%20Accessories&viewAll=department&page=,£1.30,£0.13/each,,,/groceries/en-GB/products/291227990,https://digitalcontent.api.tesco.com/v2/media/ghs/9b7f30c5-86e2-4de8-a7d5-821b05498420/be3ead29-1052-4937-ae69-072f20a2bdc0_935211296.jpeg?h=225&w=225
312098913,W7 Total Wipeout Nail Polish Remover 150Ml,https://www.tesco.com/groceries/en-GB/shop/health-and-beauty/all?department=Make%20Up%20%26%20Beauty%20Accessories&viewAll=department&page=,£2.00,£0.13/10ml,Any 3 for 2 Clubcard Price - Cheapest Product Free - Selected Cosmetics,,/groceries/en-GB/products/312098913,https://digitalcontent.api.tesco.com/v2/media/ghs/1825713b-bae7-496a-a88a-9bb9b48e7e81/39f34ec0-8151-42ab-8b5b-7f0faaf004a2_477110089.jpeg?h=225&w=225
312090979,W7 Total Wipeout Nail Polish Remover 150Ml,https://www.tesco.com/groceries/en-GB/shop/health-and-beauty/all?department=Make%20Up%20%26%20Beauty%20Accessories&viewAll=department&page=,£2.00,£0.13/10ml,Any 3 for 2 Clubcard Price - Cheapest Product Free - Selected Cosmetics,,/groceries/en-GB/products/312090979,https://digitalcontent.api.tesco.com/v2/media/ghs/491f01da-b59d-4d02-9585-155eb9ddf4ff/4c5828b0-0ccc-4666-87e8-ba7e0064a536_1057371190.jpeg?h=225&w=225
312110289,Truyu Nail File Medium/Fine,https://www.tesco.com/groceries/en-GB/shop/health-and-beauty/all?department=Make%20Up%20%26%20Beauty%20Accessories&viewAll=department&page=,£1.50,£1.50/each,,,/groceries/en-GB/products/312110289,https://digitalcontent.api.tesco.com/v2/media/ghs/90de3944-a891-4ed7-8935-8a8d17be73a5/33536bf7-9766-4916-a83c-f8b0ce5ecf76_768112415.jpeg?h=225&w=225
266729981,Vaseline Original Petroleum Jelly 50Ml,https://www.tesco.com/groceries/en-GB/shop/health-and-beauty/all?department=Make%20Up%20%26%20Beauty%20Accessories&viewAll=department&page=,£1.50,£3.00/100ml,,,/groceries/en-GB/products/266729981,https://digitalcontent.api.tesco.com/v2/media/ghs/e914547e-1501-49b6-ae5f-8acfb5add616/a4062dac-939a-45c2-8119-e19ead0b4640_1396536193.jpeg?h=225&w=225
307146323,Nivea Caring Lip Balm Watermelon Shine 4.8G,https://www.tesco.com/groceries/en-GB/shop/health-and-beauty/all?department=Make%20Up%20%26%20Beauty%20Accessories&viewAll=department&page=,£1.50,£31.25/100g,,,/groceries/en-GB/products/307146323,https://digitalcontent.api.tesco.com/v2/media/ghs/ef0266eb-f329-4e2b-96cd-c0a19757f65c/ff4ec672-5595-400a-b463-b43b0fcaab90_869905619.jpeg?h=225&w=225
255550827,Tesco Nailpolish Remover 250Ml,https://www.tesco.com/groceries/en-GB/shop/health-and-beauty/all?department=Make%20Up%20%26%20Beauty%20Accessories&viewAll=department&page=,£1.25,£0.50/100ml,,,/groceries/en-GB/products/255550827,https://digitalcontent.api.tesco.com/v2/media/ghs/bd6e5449-ec16-4576-b009-20cd43d30c0d/0e7d5fdf-300f-4166-82f9-7e1562df34cb_127287398.jpeg?h=225&w=225
312700668,Keep It Handy Emery Boards Assorted 28Pk,https://www.tesco.com/groceries/en-GB/shop/health-and-beauty/all?department=Make%20Up%20%26%20Beauty%20Accessories&viewAll=department&page=,£1.00,£0.04/each,,New,/groceries/en-GB/products/312700668,https://digitalcontent.api.tesco.com/v2/media/ghs-mktg/b0b04216-fa73-466d-a9d7-c9fcfa1ce9b3/no-image.jpeg
297674290,Tesco Nailpolish Remover Acetone Free 250Ml,https://www.tesco.com/groceries/en-GB/shop/health-and-beauty/all?department=Make%20Up%20%26%20Beauty%20Accessories&viewAll=department&page=,£1.50,£0.60/100ml,,,/groceries/en-GB/products/297674290,https://digitalcontent.api.tesco.com/v2/media/ghs/6f89e911-5ce4-48f1-984e-c9954467a50f/1d8e8d97-4af6-415a-b159-336fa337762d_1673881215.jpeg?h=225&w=225
257092916,Vaseline Lip Therapy Aloe Vera 20G,https://www.tesco.com/groceries/en-GB/shop/health-and-beauty/all?department=Make%20Up%20%26%20Beauty%20Accessories&viewAll=department&page=,£1.00,£5.00/100g,,,/groceries/en-GB/products/257092916,https://digitalcontent.api.tesco.com/v2/media/ghs/509b652b-767b-4e74-8a92-cf5f2c511346/snapshotimagehandler_990716538.jpeg?h=225&w=225
252312971,Vaseline Lip Therapy Original 20G,https://www.tesco.com/groceries/en-GB/shop/health-and-beauty/all?department=Make%20Up%20%26%20Beauty%20Accessories&viewAll=department&page=,£1.00,£5.00/100g,,,/groceries/en-GB/products/252312971,https://digitalcontent.api.tesco.com/v2/media/ghs/53aad453-934e-4ceb-bc86-4c9c42b24a7a/48b6634f-effb-4414-9e8b-f4a7f572d840_1721735046.jpeg?h=225&w=225
257972138,Vaseline Lip Therapy Rosy Lips 20G,https://www.tesco.com/groceries/en-GB/shop/health-and-beauty/all?department=Make%20Up%20%26%20Beauty%20Accessories&viewAll=department&page=,£1.00,£5.00/100g,,,/groceries/en-GB/products/257972138,https://digitalcontent.api.tesco.com/v2/media/ghs/e14f7100-89b5-4595-9b73-c91f36ca3a5d/ddcf6bbe-1cde-4e9d-b2e1-eacbec930f96_1725484727.jpeg?h=225&w=225
291244145,Leo Bancroft Pocket Comb,https://www.tesco.com/groceries/en-GB/shop/health-and-beauty/all?department=Make%20Up%20%26%20Beauty%20Accessories&viewAll=department&page=,£0.50,£0.50/each,,,/groceries/en-GB/products/291244145,https://digitalcontent.api.tesco.com/v2/media/ghs/0e37467f-20dc-4794-9901-660625fd56f4/712531fc-5fcb-4328-bdab-f1a8ce5c8b8e_193839960.jpeg?h=225&w=225
311944749,Tweezerman Combo Clipper Set,https://www.tesco.com/groceries/en-GB/shop/health-and-beauty/all?department=Make%20Up%20%26%20Beauty%20Accessories&viewAll=department&page=,£14.00,£14.00/each,,,/groceries/en-GB/products/311944749,https://digitalcontent.api.tesco.com/v2/media/ghs/c74eacb2-acad-45e0-a74d-51db72fa35e5/b4b93e19-c644-444c-b267-d430efdf7a53_857309452.jpeg?h=225&w=225
312219622,Eylure Volume No. 112 Salon Extension Look,https://www.tesco.com/groceries/en-GB/shop/health-and-beauty/all?department=Make%20Up%20%26%20Beauty%20Accessories&viewAll=department&page=,£8.00,£8.00/each,,New,/groceries/en-GB/products/312219622,https://digitalcontent.api.tesco.com/v2/media/ghs/859617e1-ad99-4892-971a-6b068d14caa2/705404ef-1685-463e-b143-bb0596e5d916_1522503421.jpeg?h=225&w=225
311797001,Elegant Touch Nails Acrylic No.2,https://www.tesco.com/groceries/en-GB/shop/health-and-beauty/all?department=Make%20Up%20%26%20Beauty%20Accessories&viewAll=department&page=,£7.00,£7.00/each,,,/groceries/en-GB/products/311797001,https://digitalcontent.api.tesco.com/v2/media/ghs/02a65a20-2b65-446f-a2a4-bc097570a2df/d355a6bc-9ef4-4290-bdf9-986689ca7519_878180842.jpeg?h=225&w=225
308834763,W7 216 Full Cover Nails Oval Set,https://www.tesco.com/groceries/en-GB/shop/health-and-beauty/all?department=Make%20Up%20%26%20Beauty%20Accessories&viewAll=department&page=,£6.00,£20.00/10g,Any 3 for 2 Clubcard Price - Cheapest Product Free - Selected Cosmetics,,/groceries/en-GB/products/308834763,https://digitalcontent.api.tesco.com/v2/media/ghs/4e6ade2e-9370-4cc1-aa00-6d4310060397/8406d14f-c9c4-4075-bac6-8817c3228f21_424750822.jpeg?h=225&w=225
305044821,Elegant Touch False Nails Berry Blast,https://www.tesco.com/groceries/en-GB/shop/health-and-beauty/all?department=Make%20Up%20%26%20Beauty%20Accessories&viewAll=department&page=,£5.00,£5.00/each,,,/groceries/en-GB/products/305044821,https://digitalcontent.api.tesco.com/v2/media/ghs/d52959e3-dfc5-44b9-984e-c9e16f560669/62951bad-958d-48a7-a585-04c2c57579e0_673832308.jpeg?h=225&w=225
311258496,W7 Bam Glamorous 5 Bamboo Makeup Brush Set,https://www.tesco.com/groceries/en-GB/shop/health-and-beauty/all?department=Make%20Up%20%26%20Beauty%20Accessories&viewAll=department&page=,£10.00,£10.00/each,Any 3 for 2 Clubcard Price - Cheapest Product Free - Selected Cosmetics,,/groceries/en-GB/products/311258496,https://digitalcontent.api.tesco.com/v2/media/ghs/aa9351f5-939c-41e2-bbd0-f86ea486ba77/036d67c6-f896-4718-a295-6b11bf2fc913_621567160.jpeg?h=225&w=225
290854594,Real Techniques Miracle Complexion Sponge,https://www.tesco.com/groceries/en-GB/shop/health-and-beauty/all?department=Make%20Up%20%26%20Beauty%20Accessories&viewAll=department&page=,£7.00,£7.00/each,£5.00 Clubcard Price,,/groceries/en-GB/products/290854594,https://digitalcontent.api.tesco.com/v2/media/ghs/a61f8eb9-8af3-47ba-b0eb-8edbebf97610/f4797b20-6236-4b01-bf73-b5c40cfeb0a1_216019938.jpeg?h=225&w=225
305249699,Elegant Touch False Nails Rich Red,https://www.tesco.com/groceries/en-GB/shop/health-and-beauty/all?department=Make%20Up%20%26%20Beauty%20Accessories&viewAll=department&page=,£5.00,£5.00/each,,,/groceries/en-GB/products/305249699,https://digitalcontent.api.tesco.com/v2/media/ghs/c09a0b79-07c0-4e3a-afa7-146d9f50e8da/b309fa0a-bc3b-48d2-bd57-a32dae7c25ed_1809500416.jpeg?h=225&w=225
305834612,Eylure Naturals False Lashes 003,https://www.tesco.com/groceries/en-GB/shop/health-and-beauty/all?department=Make%20Up%20%26%20Beauty%20Accessories&viewAll=department&page=,£4.60,£4.60/each,,,/groceries/en-GB/products/305834612,https://digitalcontent.api.tesco.com/v2/media/ghs/ee750be3-053e-451d-963c-04354da2db9c/c2c133a7-3ffe-45d4-8224-6fcdceb30c02_1439721750.jpeg?h=225&w=225
311808036,Eylure 3/4 Length Eyelashes No. 013,https://www.tesco.com/groceries/en-GB/shop/health-and-beauty/all?department=Make%20Up%20%26%20Beauty%20Accessories&viewAll=department&page=,£4.60,£4.60/each,,,/groceries/en-GB/products/311808036,https://digitalcontent.api.tesco.com/v2/media/ghs/d1a464cb-8a37-4db2-a898-aa72d5d422fa/f97e9b53-9677-4e11-85b6-58c14016f721_656343290.jpeg?h=225&w=225
311671956,Eylure Fluttery Intense Eyelashes No.142,https://www.tesco.com/groceries/en-GB/shop/health-and-beauty/all?department=Make%20Up%20%26%20Beauty%20Accessories&viewAll=department&page=,£4.60,£4.60/each,,,/groceries/en-GB/products/311671956,https://digitalcontent.api.tesco.com/v2/media/ghs/2b4120c2-38dc-4220-826d-ca6b0dee2977/1994622c-9cd5-466b-81da-e4ad1106d382_7848879.jpeg?h=225&w=225
308845911,Eylure 3/4 Length Lashes,https://www.tesco.com/groceries/en-GB/shop/health-and-beauty/all?department=Make%20Up%20%26%20Beauty%20Accessories&viewAll=department&page=,£4.60,£4.60/each,,,/groceries/en-GB/products/308845911,https://digitalcontent.api.tesco.com/v2/media/ghs/e949a5b2-e47f-4d0e-baf1-122f3d945421/3f63a901-35ea-4fa2-859d-5831868cdef6_514547719.jpeg?h=225&w=225
308821980,Eylure Volume Lashes 103,https://www.tesco.com/groceries/en-GB/shop/health-and-beauty/all?department=Make%20Up%20%26%20Beauty%20Accessories&viewAll=department&page=,£4.60,£4.60/each,,,/groceries/en-GB/products/308821980,https://digitalcontent.api.tesco.com/v2/media/ghs/41c891e2-109d-4d2d-8b8a-54432a1b06c4/2540043d-c510-40ec-a376-d34a7abe0504_1385458010.jpeg?h=225&w=225
308855035,Eylure No 102 London Volume Eyelashes,https://www.tesco.com/groceries/en-GB/shop/health-and-beauty/all?department=Make%20Up%20%26%20Beauty%20Accessories&viewAll=department&page=,£4.60,£4.60/each,,,/groceries/en-GB/products/308855035,https://digitalcontent.api.tesco.com/v2/media/ghs/3bfb0472-57dc-4040-a405-0e3f9d514a38/1915f685-a7e7-4b3f-96bc-b41f20fa66c0_1493493015.jpeg?h=225&w=225
295209049,Leo Bancroft Essential Collection Vented Brush,https://www.tesco.com/groceries/en-GB/shop/health-and-beauty/all?department=Make%20Up%20%26%20Beauty%20Accessories&viewAll=department&page=,£3.50,£3.50/each,,,/groceries/en-GB/products/295209049,https://digitalcontent.api.tesco.com/v2/media/ghs/af2acce5-f1e4-448d-9780-bf37b3e86f36/e2b7774c-123e-408d-be05-76b0d1178a71_1998751412.jpeg?h=225&w=225
283274081,Qvs Essential Grooming Kit,https://www.tesco.com/groceries/en-GB/shop/health-and-beauty/all?department=Make%20Up%20%26%20Beauty%20Accessories&viewAll=department&page=,£7.70,£7.70/each,,,/groceries/en-GB/products/283274081,https://digitalcontent.api.tesco.com/v2/media/ghs/496845d1-d6ce-4c82-93a9-78e5e6be113b/d393145f-0d4f-4c91-af73-c3c8d9b5a9cc_709336100.jpeg?h=225&w=225
299335492,Dash Detangling Shower Comb,https://www.tesco.com/groceries/en-GB/shop/health-and-beauty/all?department=Make%20Up%20%26%20Beauty%20Accessories&viewAll=department&page=,£3.70,£3.70/each,,,/groceries/en-GB/products/299335492,https://digitalcontent.api.tesco.com/v2/media/ghs/006432a1-e4b1-4397-af18-44aa6decd6a5/7944e136-e0b2-49cf-98c9-3f199fef19ff_1275286979.jpeg?h=225&w=225
311439196,W7 Glamorous Nails High Tea Set,https://www.tesco.com/groceries/en-GB/shop/health-and-beauty/all?department=Make%20Up%20%26%20Beauty%20Accessories&viewAll=department&page=,£4.00,£4.00/each,Any 3 for 2 Clubcard Price - Cheapest Product Free - Selected Cosmetics,,/groceries/en-GB/products/311439196,https://digitalcontent.api.tesco.com/v2/media/ghs/f19dde9d-d810-4bd5-a2f9-172cf71b64c0/8635012c-85d6-4956-b1b7-1fcacc9cafa1_1626898328.jpeg?h=225&w=225
307754968,W7 3D Faux Mink Lashes Feeling Myself,https://www.tesco.com/groceries/en-GB/shop/health-and-beauty/all?department=Make%20Up%20%26%20Beauty%20Accessories&viewAll=department&page=,£4.00,£4.00/each,Any 3 for 2 Clubcard Price - Cheapest Product Free - Selected Cosmetics,,/groceries/en-GB/products/307754968,https://digitalcontent.api.tesco.com/v2/media/ghs/eb595ea7-71a7-4964-8fc9-6dcd5f0b43a5/24f18162-d545-432c-aab7-6114314ba679_1957980707.jpeg?h=225&w=225
308465099,W7 3D Faux Mink Lashes Back To Mine,https://www.tesco.com/groceries/en-GB/shop/health-and-beauty/all?department=Make%20Up%20%26%20Beauty%20Accessories&viewAll=department&page=,£4.00,£4.00/each,Any 3 for 2 Clubcard Price - Cheapest Product Free - Selected Cosmetics,,/groceries/en-GB/products/308465099,https://digitalcontent.api.tesco.com/v2/media/ghs/a8dc0e92-64b4-47c6-93b3-0c2e93dfb379/cc9d5310-e10c-48f3-8e6c-c172fd72552b_1340388529.jpeg?h=225&w=225
308846150,W7 Individual Lashes,https://www.tesco.com/groceries/en-GB/shop/health-and-beauty/all?department=Make%20Up%20%26%20Beauty%20Accessories&viewAll=department&page=,£4.50,£4.50/each,Any 3 for 2 Clubcard Price - Cheapest Product Free - Selected Cosmetics,,/groceries/en-GB/products/308846150,https://digitalcontent.api.tesco.com/v2/media/ghs/4ad7115c-f760-4e80-88fd-f1fac2b6313e/8bdeda3c-54db-4d06-9668-ac9e3f9f9739_875414547.jpeg?h=225&w=225
295208465,Leo Bancroft Black Assort Bands 35Pack,https://www.tesco.com/groceries/en-GB/shop/health-and-beauty/all?department=Make%20Up%20%26%20Beauty%20Accessories&viewAll=department&page=,£3.15,£3.15/each,,,/groceries/en-GB/products/295208465,https://digitalcontent.api.tesco.com/v2/media/ghs/8b94e8db-cbe6-4098-ac4d-ff164a4ec91d/c47c56d8-cc7e-426b-a7c3-bb6fd70752e3_1016420120.jpeg?h=225&w=225
299296243,Leo Bancroft Toothed Headband Tort.,https://www.tesco.com/groceries/en-GB/shop/health-and-beauty/all?department=Make%20Up%20%26%20Beauty%20Accessories&viewAll=department&page=,£3.15,£3.15/each,,,/groceries/en-GB/products/299296243,https://digitalcontent.api.tesco.com/v2/media/ghs/3ce53532-af2f-44c2-9ed8-20419715f9b4/f78a05fb-3472-4943-a289-4476b47dd793_2071061312.jpeg?h=225&w=225
291228228,Tesco Footfile,https://www.tesco.com/groceries/en-GB/shop/health-and-beauty/all?department=Make%20Up%20%26%20Beauty%20Accessories&viewAll=department&page=,£2.10,£2.10/each,,,/groceries/en-GB/products/291228228,https://digitalcontent.api.tesco.com/v2/media/ghs/0898862b-c7ff-4a5f-a79e-2c150269806a/49e22c4b-9082-4fc3-9b0f-d303cb7bcbee_1872608863.jpeg?h=225&w=225
299314004,Leo Bancroft Extra Large Soft Bands Black 6 Pack,https://www.tesco.com/groceries/en-GB/shop/health-and-beauty/all?department=Make%20Up%20%26%20Beauty%20Accessories&viewAll=department&page=,£2.50,£0.42/each,,,/groceries/en-GB/products/299314004,https://digitalcontent.api.tesco.com/v2/media/ghs/8d07f81e-9317-49c6-8563-0fc8d35c21ee/1a904791-1d18-4431-8eb3-cb1448b6b4cf.jpeg?h=225&w=225
291243964,Leobancroft Kids 24 Pack Mini Band Pastel,https://www.tesco.com/groceries/en-GB/shop/health-and-beauty/all?department=Make%20Up%20%26%20Beauty%20Accessories&viewAll=department&page=,£2.50,£0.10/each,,,/groceries/en-GB/products/291243964,https://digitalcontent.api.tesco.com/v2/media/ghs/09c2ad94-e1f2-4c6c-915a-5d5f11e3b51c/afee4f08-12b1-47d3-a65d-1217dc62efe6_1163555209.jpeg?h=225&w=225
291228050,Tesco Toenail Clipper,https://www.tesco.com/groceries/en-GB/shop/health-and-beauty/all?department=Make%20Up%20%26%20Beauty%20Accessories&viewAll=department&page=,£2.00,£2.00/each,,,/groceries/en-GB/products/291228050,https://digitalcontent.api.tesco.com/v2/media/ghs/b9bb84ac-c78c-41c6-b2e7-971bd085b344/7adf776d-8918-4452-a4fb-2e89dbb18f98_74469214.jpeg?h=225&w=225
307743267,W7 Brush-On Nail Glue 7G,https://www.tesco.com/groceries/en-GB/shop/health-and-beauty/all?department=Make%20Up%20%26%20Beauty%20Accessories&viewAll=department&page=,£2.50,£3.58/10g,Any 3 for 2 Clubcard Price - Cheapest Product Free - Selected Cosmetics,,/groceries/en-GB/products/307743267,https://digitalcontent.api.tesco.com/v2/media/ghs/2f91519e-a5a2-4e3c-a551-b78d223f1549/578926f0-d15a-421f-9130-147e5e0288bb_877828513.jpeg?h=225&w=225
284449207,Leo Bancroft Tail Comb Purple,https://www.tesco.com/groceries/en-GB/shop/health-and-beauty/all?department=Make%20Up%20%26%20Beauty%20Accessories&viewAll=department&page=,£2.10,£2.10/each,,,/groceries/en-GB/products/284449207,https://digitalcontent.api.tesco.com/v2/media/ghs/5d2ac668-b4d5-4e30-867c-2f94a7ef2bdd/27afe65d-7383-4346-a303-d40cf7361678_375103283.jpeg?h=225&w=225
284449432,Leo Bancroft Everyday Comb Purple,https://www.tesco.com/groceries/en-GB/shop/health-and-beauty/all?department=Make%20Up%20%26%20Beauty%20Accessories&viewAll=department&page=,£2.10,£2.10/each,,,/groceries/en-GB/products/284449432,https://digitalcontent.api.tesco.com/v2/media/ghs/a1defb80-4e9f-469e-8c78-d609020c91b7/bfd7da4d-104d-4cba-a783-2fb064ceaa28_1434418266.jpeg?h=225&w=225
299296122,Leo Bancroft Extra Large Scrunchie Black,https://www.tesco.com/groceries/en-GB/shop/health-and-beauty/all?department=Make%20Up%20%26%20Beauty%20Accessories&viewAll=department&page=,£2.00,£2.00/each,,,/groceries/en-GB/products/299296122,https://digitalcontent.api.tesco.com/v2/media/ghs/55850137-42ea-45e8-9a66-62b513915e52/18e949f9-36d8-4afb-b9b2-bc099a07fc55_1100366054.jpeg?h=225&w=225
258044103,Nivea Lip Care Sun Spf30 4.8G,https://www.tesco.com/groceries/en-GB/shop/health-and-beauty/all?department=Make%20Up%20%26%20Beauty%20Accessories&viewAll=department&page=,£2.75,£57.30/100g,,,/groceries/en-GB/products/258044103,https://digitalcontent.api.tesco.com/v2/media/ghs/5964ed4d-fa38-4a2b-8d63-d29193490362/183b277c-99a6-4944-9194-6d9dbe2b0542_801142847.jpeg?h=225&w=225
259086345,Velvotan Self Tan Mitt,https://www.tesco.com/groceries/en-GB/shop/health-and-beauty/all?department=Make%20Up%20%26%20Beauty%20Accessories&viewAll=department&page=,£2.40,£2.40/each,,,/groceries/en-GB/products/259086345,https://digitalcontent.api.tesco.com/v2/media/ghs/fc975c18-fe9f-449b-8b66-f5a362d713e1/d4e62355-6cf5-403e-b36f-9bff7aed4734_717831766.jpeg?h=225&w=225
299315297,Leo Bancroft Hair Grips Black 30 Pack,https://www.tesco.com/groceries/en-GB/shop/health-and-beauty/all?department=Make%20Up%20%26%20Beauty%20Accessories&viewAll=department&page=,£1.50,£0.05/each,,,/groceries/en-GB/products/299315297,https://digitalcontent.api.tesco.com/v2/media/ghs/94ebdc7c-f408-4396-a31c-d8bc0ade3e7a/f9d76465-16d2-44c4-a84c-5390010b2b39_1334767570.jpeg?h=225&w=225
299315337,Leo Bancroft Hair Grips Blonde 30 Pack,https://www.tesco.com/groceries/en-GB/shop/health-and-beauty/all?department=Make%20Up%20%26%20Beauty%20Accessories&viewAll=department&page=,£1.50,£0.05/each,,,/groceries/en-GB/products/299315337,https://digitalcontent.api.tesco.com/v2/media/ghs/39b4a2b4-02e8-4890-8339-531bd8bf85c5/1046df23-69c8-4af6-b519-4b9d92a63afb_754903569.jpeg?h=225&w=225
299315251,Leo Bancroft Snagfree Bands Brown 15 Pack,https://www.tesco.com/groceries/en-GB/shop/health-and-beauty/all?department=Make%20Up%20%26%20Beauty%20Accessories&viewAll=department&page=,£1.50,£0.10/each,,,/groceries/en-GB/products/299315251,https://digitalcontent.api.tesco.com/v2/media/ghs/69544f2f-44a2-4a95-9eec-4f634079287e/118645cd-bfe3-429c-975d-a9e1fc7259aa_1519210646.jpeg?h=225&w=225
299315274,Leo Bancroft Snagfree Bands Blonde 15 Pack,https://www.tesco.com/groceries/en-GB/shop/health-and-beauty/all?department=Make%20Up%20%26%20Beauty%20Accessories&viewAll=department&page=,£1.50,£0.10/each,,,/groceries/en-GB/products/299315274,https://digitalcontent.api.tesco.com/v2/media/ghs/70af9139-5abd-492d-b707-2c21e74b764d/a0016ed8-3abe-437d-8139-a702f4cb0cef_618498733.jpeg?h=225&w=225
299315239,Leo Bancroft Snagfree Bands Black 15 Pack,https://www.tesco.com/groceries/en-GB/shop/health-and-beauty/all?department=Make%20Up%20%26%20Beauty%20Accessories&viewAll=department&page=,£1.50,£0.10/each,,,/groceries/en-GB/products/299315239,https://digitalcontent.api.tesco.com/v2/media/ghs/ddbd3d28-bdae-4e54-82d4-622c36075bbe/a25f2765-211a-47c4-9eb1-424c746c6e22_849498334.jpeg?h=225&w=225
284457923,Leo Bancroft Non Slip Headwrap Black,https://www.tesco.com/groceries/en-GB/shop/health-and-beauty/all?department=Make%20Up%20%26%20Beauty%20Accessories&viewAll=department&page=,£2.10,£2.10/each,,,/groceries/en-GB/products/284457923,https://digitalcontent.api.tesco.com/v2/media/ghs/a392f596-d251-4de1-bd59-429a76791d46/eadbd4d8-975c-4c92-8884-dea143f44aed_1901743092.jpeg?h=225&w=225
260655852,Nivea Lip Care Value Pack Ess./ Pearl & Shine,https://www.tesco.com/groceries/en-GB/shop/health-and-beauty/all?department=Make%20Up%20%26%20Beauty%20Accessories&viewAll=department&page=,£2.30,£47.92/100g,,,/groceries/en-GB/products/260655852,https://digitalcontent.api.tesco.com/v2/media/ghs/9c84dc8d-1753-4c9f-b0a9-30df220f12d1/c911d663-13cb-4e17-88fa-5cb00944f872_1415383659.jpeg?h=225&w=225
311949076,Truyu Pro Nail Shaper Fine,https://www.tesco.com/groceries/en-GB/shop/health-and-beauty/all?department=Make%20Up%20%26%20Beauty%20Accessories&viewAll=department&page=,£1.50,£1.50/each,,,/groceries/en-GB/products/311949076,https://digitalcontent.api.tesco.com/v2/media/ghs/1cc4b8bf-d020-4473-93b5-6a7d6c7896ff/42ecf5b2-4815-4498-93b9-24427ee12cab_1307658483.jpeg?h=225&w=225
291228286,Tesco Cuticle Sticks 6 Pack,https://www.tesco.com/groceries/en-GB/shop/health-and-beauty/all?department=Make%20Up%20%26%20Beauty%20Accessories&viewAll=department&page=,£1.05,£0.18/each,,,/groceries/en-GB/products/291228286,https://digitalcontent.api.tesco.com/v2/media/ghs/f97c7575-2545-4a3a-8c63-49b69eefa8d2/860ebc4b-4c0e-4639-b136-2a13aabca6ea.jpeg?h=225&w=225
266991265,Tesco Essentials Cosmetic Wedges 4 Pack,https://www.tesco.com/groceries/en-GB/shop/health-and-beauty/all?department=Make%20Up%20%26%20Beauty%20Accessories&viewAll=department&page=,£1.60,£1.60/each,,,/groceries/en-GB/products/266991265,https://digitalcontent.api.tesco.com/v2/media/ghs/61c08f8a-df46-48a9-9286-b187e78eaf7c/cb8e3a0a-7de7-496f-a7d0-dfd2d1742c21_933568725.jpeg?h=225&w=225
300863090,Bondi Sands Self Tan Eraser 200Ml,https://www.tesco.com/groceries/en-GB/shop/health-and-beauty/all?department=Make%20Up%20%26%20Beauty%20Accessories&viewAll=department&page=,£15.00,£7.50/100ml,,,/groceries/en-GB/products/300863090,https://digitalcontent.api.tesco.com/v2/media/ghs/2b3f61b7-1429-46a7-8a8c-126eb8a4544d/de656ccd-8726-4570-a8e3-f4cb7a0d3b55_2056924029.jpeg?h=225&w=225
304406194,So Eco Oval Detangling Hair Brush,https://www.tesco.com/groceries/en-GB/shop/health-and-beauty/all?department=Make%20Up%20%26%20Beauty%20Accessories&viewAll=department&page=,£9.00,£9.00/each,£7.00 Clubcard Price,,/groceries/en-GB/products/304406194,https://digitalcontent.api.tesco.com/v2/media/ghs/8cfa56ab-7a60-4e7a-8340-476766555080/bd1cb81c-951e-472d-85fb-709e62baa294_940071677.jpeg?h=225&w=225
283274265,Qvs Three Tweezer Tips,https://www.tesco.com/groceries/en-GB/shop/health-and-beauty/all?department=Make%20Up%20%26%20Beauty%20Accessories&viewAll=department&page=,£8.30,£8.30/each,,,/groceries/en-GB/products/283274265,https://digitalcontent.api.tesco.com/v2/media/ghs/46075f13-b57c-4cbe-a670-a2091d3f665d/3d29a7d6-4837-4bd9-bc42-b5c356564bd3_1449384416.jpeg?h=225&w=225
305530453,Dash Detangler Character,https://www.tesco.com/groceries/en-GB/shop/health-and-beauty/all?department=Make%20Up%20%26%20Beauty%20Accessories&viewAll=department&page=,£6.50,£6.50/each,,,/groceries/en-GB/products/305530453,https://digitalcontent.api.tesco.com/v2/media/ghs/9a462b08-6a4d-4243-aa00-b49c40984d43/d99df83c-909f-467a-abab-a35d410ac1bb_1396078083.jpeg?h=225&w=225
311439484,Elegant Touch Nails - Iced Rose,https://www.tesco.com/groceries/en-GB/shop/health-and-beauty/all?department=Make%20Up%20%26%20Beauty%20Accessories&viewAll=department&page=,£6.00,£6.00/each,,New,/groceries/en-GB/products/311439484,https://digitalcontent.api.tesco.com/v2/media/ghs/b1bdcbe9-67ed-4c33-99e0-0ff98bf8fd63/9eb6225d-fe6d-4515-ae08-eeb13f09699d_124546909.jpeg?h=225&w=225
311797237,Elegant Touch Nails - Totally Tortilla,https://www.tesco.com/groceries/en-GB/shop/health-and-beauty/all?department=Make%20Up%20%26%20Beauty%20Accessories&viewAll=department&page=,£6.00,£0.25/each,,New,/groceries/en-GB/products/311797237,https://digitalcontent.api.tesco.com/v2/media/ghs/7a125943-33a4-4217-8128-a4a493719686/0e89e5eb-84a6-4af4-9166-400e8f6e9e21_188136078.jpeg?h=225&w=225
311806997,So Eco Contour & Highlight Set,https://www.tesco.com/groceries/en-GB/shop/health-and-beauty/all?department=Make%20Up%20%26%20Beauty%20Accessories&viewAll=department&page=,£12.00,£12.00/each,£9.00 Clubcard Price,,/groceries/en-GB/products/311806997,https://digitalcontent.api.tesco.com/v2/media/ghs/463b2da3-4844-4d18-afb8-c550e23d013e/5aecdd04-385c-4a5b-907c-ff0fa4fe13cb_1812537884.jpeg?h=225&w=225
309194688,So Eco Duo Tweezer Set 2 Pack,https://www.tesco.com/groceries/en-GB/shop/health-and-beauty/all?department=Make%20Up%20%26%20Beauty%20Accessories&viewAll=department&page=,£7.35,£3.68/each,£5.50 Clubcard Price,,/groceries/en-GB/products/309194688,https://digitalcontent.api.tesco.com/v2/media/ghs/eafdad14-4a46-4700-9612-bd6cfd906a70/837ea76d-528b-4f55-af10-f4fc5bed758a_419383298.jpeg?h=225&w=225
311220771,W7 Royal 6D Lashes Vegan Majestic,https://www.tesco.com/groceries/en-GB/shop/health-and-beauty/all?department=Make%20Up%20%26%20Beauty%20Accessories&viewAll=department&page=,£6.00,£6.00/each,Any 3 for 2 Clubcard Price - Cheapest Product Free - Selected Cosmetics,,/groceries/en-GB/products/311220771,https://digitalcontent.api.tesco.com/v2/media/ghs/4da2129e-a983-4792-b28a-ec51b1cf766a/bffb6b82-4065-4bee-bebb-11931e9602e6_1993812781.jpeg?h=225&w=225
311206443,W7 Royal 6D Lashes Luxurious Handmade Regal,https://www.tesco.com/groceries/en-GB/shop/health-and-beauty/all?department=Make%20Up%20%26%20Beauty%20Accessories&viewAll=department&page=,£6.00,£6.00/each,Any 3 for 2 Clubcard Price - Cheapest Product Free - Selected Cosmetics,,/groceries/en-GB/products/311206443,https://digitalcontent.api.tesco.com/v2/media/ghs/4d48ed2e-a7bd-4570-9e6b-fd05090bbb86/577239ef-f542-4cc2-b580-3426425d6e6e_1766153404.jpeg?h=225&w=225
283274403,Qvs Slant Tip Tweezers,https://www.tesco.com/groceries/en-GB/shop/health-and-beauty/all?department=Make%20Up%20%26%20Beauty%20Accessories&viewAll=department&page=,£5.25,£5.25/each,,,/groceries/en-GB/products/283274403,https://digitalcontent.api.tesco.com/v2/media/ghs/e6441d56-de57-466c-bdc6-06cc141bd171/edd309e1-8ac0-4fb0-bf1f-734e0fac70fd_93501409.jpeg?h=225&w=225
258697925,Eylure Individual Lashes Combo,https://www.tesco.com/groceries/en-GB/shop/health-and-beauty/all?department=Make%20Up%20%26%20Beauty%20Accessories&viewAll=department&page=,£5.15,£5.15/each,,,/groceries/en-GB/products/258697925,https://digitalcontent.api.tesco.com/v2/media/ghs/abcec8a5-1301-4262-896b-8afd7d10fb2a/9967b09a-6008-47a0-894a-050edeb32b81_1847983363.jpeg?h=225&w=225
307736161,Real Techniques Easy As 123 Foundation Brush,https://www.tesco.com/groceries/en-GB/shop/health-and-beauty/all?department=Make%20Up%20%26%20Beauty%20Accessories&viewAll=department&page=,£8.00,£8.00/each,£7.00 Clubcard Price,,/groceries/en-GB/products/307736161,https://digitalcontent.api.tesco.com/v2/media/ghs/433acc64-a4f2-4458-9ab9-f021e8f67278/f90cbb37-4b41-4d56-b55b-eab263ea2b00_1174710510.jpeg?h=225&w=225
295208880,Leo Bancroft Vented Brush Gold Label,https://www.tesco.com/groceries/en-GB/shop/health-and-beauty/all?department=Make%20Up%20%26%20Beauty%20Accessories&viewAll=department&page=,£5.00,£5.00/each,,,/groceries/en-GB/products/295208880,https://digitalcontent.api.tesco.com/v2/media/ghs/cef51e70-9585-4f70-a62b-ac2912ac4ed9/95828d4f-c9ba-4fe3-af1d-1eb89b745761_247880024.jpeg?h=225&w=225
295208966,Leo Bancroft Essentials Vent Hair Brush,https://www.tesco.com/groceries/en-GB/shop/health-and-beauty/all?department=Make%20Up%20%26%20Beauty%20Accessories&viewAll=department&page=,£4.50,£4.50/each,,,/groceries/en-GB/products/295208966,https://digitalcontent.api.tesco.com/v2/media/ghs/311f01f7-96a3-4fb6-bb75-49a9c919f3e0/cc51fd4a-86a9-4a21-bbf4-22bf30a50243_1345208005.jpeg?h=225&w=225
309464352,Elegant Touch Core Nails Midnight Black,https://www.tesco.com/groceries/en-GB/shop/health-and-beauty/all?department=Make%20Up%20%26%20Beauty%20Accessories&viewAll=department&page=,£5.00,£5.00/each,,,/groceries/en-GB/products/309464352,https://digitalcontent.api.tesco.com/v2/media/ghs/88abcca2-2f00-4f62-873e-d1b780c6ff55/d2a65da4-83ff-441b-9a61-46b96b01f1f0_1460696088.jpeg?h=225&w=225
283273957,Qvs Curved Nail Scissors,https://www.tesco.com/groceries/en-GB/shop/health-and-beauty/all?department=Make%20Up%20%26%20Beauty%20Accessories&viewAll=department&page=,£4.95,£4.95/each,,,/groceries/en-GB/products/283273957,https://digitalcontent.api.tesco.com/v2/media/ghs/a88cea11-5f69-491b-832b-705b397042dc/458c5c28-645d-47f8-8dc7-409baabaab06_1413809981.jpeg?h=225&w=225
308827858,Eylure Naturals Lashes 017,https://www.tesco.com/groceries/en-GB/shop/health-and-beauty/all?department=Make%20Up%20%26%20Beauty%20Accessories&viewAll=department&page=,£4.60,£4.60/each,,,/groceries/en-GB/products/308827858,https://digitalcontent.api.tesco.com/v2/media/ghs/c8ec3304-7acc-4ca0-92a3-086c58e56703/5d2a6930-b160-4c95-9725-a14a28822be3_1814886835.jpeg?h=225&w=225
295208943,Leo Bancroft Detangle Comb Gold Label,https://www.tesco.com/groceries/en-GB/shop/health-and-beauty/all?department=Make%20Up%20%26%20Beauty%20Accessories&viewAll=department&page=,£3.70,£3.70/each,,,/groceries/en-GB/products/295208943,https://digitalcontent.api.tesco.com/v2/media/ghs/fda6911d-65e8-437f-a899-108aada3e425/1ae4524c-56e3-49cf-8050-825a63f36ec7_480609197.jpeg?h=225&w=225
311671144,Real Techniques Miracle Airblend Sponge Matte,https://www.tesco.com/groceries/en-GB/shop/health-and-beauty/all?department=Make%20Up%20%26%20Beauty%20Accessories&viewAll=department&page=,£7.00,£7.00/each,£5.00 Clubcard Price,,/groceries/en-GB/products/311671144,https://digitalcontent.api.tesco.com/v2/media/ghs/cd1e3418-728e-4913-8933-caac40d9d07d/cfbb646e-4a73-469c-b830-849fe15648ed_1115812791.jpeg?h=225&w=225
284450090,Leo Bancroft Spiral Hairbands Assorted,https://www.tesco.com/groceries/en-GB/shop/health-and-beauty/all?department=Make%20Up%20%26%20Beauty%20Accessories&viewAll=department&page=,£3.40,£3.40/each,,,/groceries/en-GB/products/284450090,https://digitalcontent.api.tesco.com/v2/media/ghs/419f6b0c-ba14-4926-908c-268990b44b95/ae035889-c94c-4f3e-9903-2df9527a1f9c_501024673.jpeg?h=225&w=225
308863077,W7 Glamorous Nails French Timeless Set,https://www.tesco.com/groceries/en-GB/shop/health-and-beauty/all?department=Make%20Up%20%26%20Beauty%20Accessories&viewAll=department&page=,£4.00,£4.00/each,Any 3 for 2 Clubcard Price - Cheapest Product Free - Selected Cosmetics,,/groceries/en-GB/products/308863077,https://digitalcontent.api.tesco.com/v2/media/ghs/9fb6ccc7-c7ab-4bb2-8081-dfa2cb712298/7a469e90-4d05-4d2f-b3a0-c22f234fdd40_1925224063.jpeg?h=225&w=225
308851500,W7 Faux Silk Lashes Nemesis,https://www.tesco.com/groceries/en-GB/shop/health-and-beauty/all?department=Make%20Up%20%26%20Beauty%20Accessories&viewAll=department&page=,£4.00,£4.00/each,Any 3 for 2 Clubcard Price - Cheapest Product Free - Selected Cosmetics,,/groceries/en-GB/products/308851500,https://digitalcontent.api.tesco.com/v2/media/ghs/7d3f7b9a-8115-4839-a7da-fb1f8fc81c4c/ef48b767-b610-459a-98e2-3fb1cd47c873_556730766.jpeg?h=225&w=225
311793604,So Eco Brow Set,https://www.tesco.com/groceries/en-GB/shop/health-and-beauty/all?department=Make%20Up%20%26%20Beauty%20Accessories&viewAll=department&page=,£7.00,£7.00/each,£5.25 Clubcard Price,,/groceries/en-GB/products/311793604,https://digitalcontent.api.tesco.com/v2/media/ghs/1e020073-952a-4743-b105-d0151cc0c72e/9c15cab8-e294-4c68-b98a-9c83a24b3a7a_1534287898.jpeg?h=225&w=225
299344164,Qvs Toenail Clippers And Catcher,https://www.tesco.com/groceries/en-GB/shop/health-and-beauty/all?department=Make%20Up%20%26%20Beauty%20Accessories&viewAll=department&page=,£4.70,£4.70/each,,,/groceries/en-GB/products/299344164,https://digitalcontent.api.tesco.com/v2/media/ghs/923cef67-ba73-4f05-b800-f31e4473d7ed/4cd95ce1-7ba9-4f0c-aae7-a6e460f09b49_641343808.jpeg?h=225&w=225
252723369,Elegant Touch Brush On Nail Glue 6Ml,https://www.tesco.com/groceries/en-GB/shop/health-and-beauty/all?department=Make%20Up%20%26%20Beauty%20Accessories&viewAll=department&page=,£3.00,£5.00/10ml,,,/groceries/en-GB/products/252723369,https://digitalcontent.api.tesco.com/v2/media/ghs/3335468a-4189-49af-afc7-7fd38b747e14/465c1348-f1f2-49e0-8fdc-f35df654f86a_698520435.jpeg?h=225&w=225
299296100,Leo Bancroft Assorted Bands Blonde 35 Pack,https://www.tesco.com/groceries/en-GB/shop/health-and-beauty/all?department=Make%20Up%20%26%20Beauty%20Accessories&viewAll=department&page=,£3.15,£0.09/each,,,/groceries/en-GB/products/299296100,https://digitalcontent.api.tesco.com/v2/media/ghs/edd9cadc-ff3c-4e72-a281-f49a34dceb1e/1e80504d-c566-4f70-8074-441d6a63ae89_2040510730.jpeg?h=225&w=225
284450118,Leo Bancroft Xl Claw Tort.,https://www.tesco.com/groceries/en-GB/shop/health-and-beauty/all?department=Make%20Up%20%26%20Beauty%20Accessories&viewAll=department&page=,£2.75,£2.75/each,,,/groceries/en-GB/products/284450118,https://digitalcontent.api.tesco.com/v2/media/ghs/c1028901-2708-45d8-8789-103fabad9077/c0624788-2eb7-48a0-b72e-0767c0921a31_1176454238.jpeg?h=225&w=225
295208603,Leo Bancroft Active Soft Bands Black 10 Pack,https://www.tesco.com/groceries/en-GB/shop/health-and-beauty/all?department=Make%20Up%20%26%20Beauty%20Accessories&viewAll=department&page=,£2.90,£2.90/each,,,/groceries/en-GB/products/295208603,https://digitalcontent.api.tesco.com/v2/media/ghs/f0cd211c-ef64-420a-bb10-87b3c4e65456/418f5e11-0bcd-4959-854f-1dbcbf58c62d_432093440.jpeg?h=225&w=225
311676853,Girlz Only Nails Classic French Almond Kit,https://www.tesco.com/groceries/en-GB/shop/health-and-beauty/all?department=Make%20Up%20%26%20Beauty%20Accessories&viewAll=department&page=,£3.00,£3.00/each,,,/groceries/en-GB/products/311676853,https://digitalcontent.api.tesco.com/v2/media/ghs/3e70d368-363c-4476-8bc6-dfc4a9c517a8/3a6cef49-628f-4c37-9541-03157f148e7b_1696005782.jpeg?h=225&w=225
291685803,So Eco Complexion Sponge,https://www.tesco.com/groceries/en-GB/shop/health-and-beauty/all?department=Make%20Up%20%26%20Beauty%20Accessories&viewAll=department&page=,£6.00,£6.00/each,,,/groceries/en-GB/products/291685803,https://digitalcontent.api.tesco.com/v2/media/ghs/2c8a6cb6-b7b8-4898-8cdd-d2789cbfb85e/955b43d4-3465-4d6e-b68d-f3d93380c050_1345488121.jpeg?h=225&w=225
304796871,Leo Bancroft Invisible Hold Hair Bands 100 Pack,https://www.tesco.com/groceries/en-GB/shop/health-and-beauty/all?department=Make%20Up%20%26%20Beauty%20Accessories&viewAll=department&page=,£2.60,£0.03/each,,,/groceries/en-GB/products/304796871,https://digitalcontent.api.tesco.com/v2/media/ghs/43977f30-1dd3-4616-a994-5c61b5fed90d/3494a877-c5d2-4e48-b1e7-f90ad75f1871_2044139034.jpeg?h=225&w=225
310121089,W7 Silky Knots Large Silk Hair Scrunchies 3 Pack,https://www.tesco.com/groceries/en-GB/shop/health-and-beauty/all?department=Make%20Up%20%26%20Beauty%20Accessories&viewAll=department&page=,£4.50,£1.50/each,Any 3 for 2 Clubcard Price - Cheapest Product Free - Selected Cosmetics,,/groceries/en-GB/products/310121089,https://digitalcontent.api.tesco.com/v2/media/ghs/9ab15679-627d-45cc-b5ac-d5761e8f0e15/ebacda49-5723-4292-957f-47d1e4b12fbb_1029968210.jpeg?h=225&w=225
284450619,Leo Bancroft Large Hair Grips Black 28Pk,https://www.tesco.com/groceries/en-GB/shop/health-and-beauty/all?department=Make%20Up%20%26%20Beauty%20Accessories&viewAll=department&page=,£2.50,£0.09/each,,,/groceries/en-GB/products/284450619,https://digitalcontent.api.tesco.com/v2/media/ghs/09784048-cd74-45c2-95cb-3da325cb20c7/92d338c5-e612-4ce3-89e4-1dd6f7f9fbc2_248702546.jpeg?h=225&w=225
284429911,Leo Bancroft Assorted Purple Hairbands 12 Pack,https://www.tesco.com/groceries/en-GB/shop/health-and-beauty/all?department=Make%20Up%20%26%20Beauty%20Accessories&viewAll=department&page=,£2.10,£0.18/each,,,/groceries/en-GB/products/284429911,https://digitalcontent.api.tesco.com/v2/media/ghs/cedd77e6-de80-4e0c-a40d-e08e7d013bf2/64e17142-f00f-46f1-a5a8-5d91e7e885d4_793563348.jpeg?h=225&w=225
270952064,St Moriz Self Tanning Applicator Mitt,https://www.tesco.com/groceries/en-GB/shop/health-and-beauty/all?department=Make%20Up%20%26%20Beauty%20Accessories&viewAll=department&page=,£3.00,£3.00/each,,,/groceries/en-GB/products/270952064,https://digitalcontent.api.tesco.com/v2/media/ghs/da477444-3a14-4009-ac58-a0fff612f78a/5f3cfb0d-b222-41d9-a7f2-817ebad2905e_591147807.jpeg?h=225&w=225
311793817,Girlz Only Faux Lashes Full Flutter Set,https://www.tesco.com/groceries/en-GB/shop/health-and-beauty/all?department=Make%20Up%20%26%20Beauty%20Accessories&viewAll=department&page=,£2.50,£2.50/each,,,/groceries/en-GB/products/311793817,https://digitalcontent.api.tesco.com/v2/media/ghs/5192396b-a181-40c4-b868-92e43c1d39e1/69c5b10c-aff2-46d9-bcf7-d0ec0c7fb120_1950921652.jpeg?h=225&w=225
308858061,Girlz Only Faux Eyelashes Intense Volume,https://www.tesco.com/groceries/en-GB/shop/health-and-beauty/all?department=Make%20Up%20%26%20Beauty%20Accessories&viewAll=department&page=,£2.50,£2.50/each,,,/groceries/en-GB/products/308858061,https://digitalcontent.api.tesco.com/v2/media/ghs/865a60a2-04af-451c-ba33-d5164656cfc6/0bbb726d-c95e-4fdc-acc3-589e0d5cf83e_149697729.jpeg?h=225&w=225
305949753,Palm Bay Luxury Self Tanning Mitt,https://www.tesco.com/groceries/en-GB/shop/health-and-beauty/all?department=Make%20Up%20%26%20Beauty%20Accessories&viewAll=department&page=,£2.50,£2.50/each,,,/groceries/en-GB/products/305949753,https://digitalcontent.api.tesco.com/v2/media/ghs/bb70615b-9369-488e-9c05-0ff69cb67cfb/5251a271-6604-4ba5-a68f-7fcb3ea204d3_1194734584.jpeg?h=225&w=225
312095876,Truyu Gentle Nail Buffer,https://www.tesco.com/groceries/en-GB/shop/health-and-beauty/all?department=Make%20Up%20%26%20Beauty%20Accessories&viewAll=department&page=,£1.50,£1.50/each,,,/groceries/en-GB/products/312095876,https://digitalcontent.api.tesco.com/v2/media/ghs/4518022c-2a63-4692-802a-99b8e3dfab78/b02511d5-f264-4293-b9ca-ef732381820b_92990931.jpeg?h=225&w=225
261762700,Eylure Dybrow Brown,https://www.tesco.com/groceries/en-GB/shop/health-and-beauty/all?department=Make%20Up%20%26%20Beauty%20Accessories&viewAll=department&page=,£7.50,£7.50/each,,,/groceries/en-GB/products/261762700,https://digitalcontent.api.tesco.com/v2/media/ghs/1398a150-2c1d-41ab-861b-4e9d24be09d7/f73bd9b7-0405-4595-b4fa-7e32f196a5d0_422185255.jpeg?h=225&w=225
295208845,Leo Bancroft Paddle Brush Gold Label,https://www.tesco.com/groceries/en-GB/shop/health-and-beauty/all?department=Make%20Up%20%26%20Beauty%20Accessories&viewAll=department&page=,£7.00,£7.00/each,,,/groceries/en-GB/products/295208845,https://digitalcontent.api.tesco.com/v2/media/ghs/478af2e0-58e6-4062-9561-9687670524ba/abc99699-3643-4052-8cce-ecaf0867f0ce_6050818.jpeg?h=225&w=225
311669960,Real Techniques Ultimate Sponge Trio,https://www.tesco.com/groceries/en-GB/shop/health-and-beauty/all?department=Make%20Up%20%26%20Beauty%20Accessories&viewAll=department&page=,£13.00,£13.00/each,£11.00 Clubcard Price,,/groceries/en-GB/products/311669960,https://digitalcontent.api.tesco.com/v2/media/ghs/d53b8b31-f434-4e55-8701-90912a671054/4c686dd3-816d-45d0-a324-05f90c16a11a_44717191.jpeg?h=225&w=225
299980730,Sally Hansen Miracle Cure 13.3Ml,https://www.tesco.com/groceries/en-GB/shop/health-and-beauty/all?department=Make%20Up%20%26%20Beauty%20Accessories&viewAll=department&page=,£10.00,£75.19/100ml,,,/groceries/en-GB/products/299980730,https://digitalcontent.api.tesco.com/v2/media/ghs/0e30c97b-54ae-4d45-b44e-af304c2c06a6/f1cb0cb7-fae1-4605-af5c-66c20f4f96b6_1848161652.jpeg?h=225&w=225
283274904,Qvs Glass Nail File,https://www.tesco.com/groceries/en-GB/shop/health-and-beauty/all?department=Make%20Up%20%26%20Beauty%20Accessories&viewAll=department&page=,£7.35,£7.35/each,,,/groceries/en-GB/products/283274904,https://digitalcontent.api.tesco.com/v2/media/ghs/a5cee895-6124-4377-a318-a520b229597c/9c437763-474b-4554-9ab8-64695be6d5b6_1716347156.jpeg?h=225&w=225
305523208,Dash Detangler Metallic Finish,https://www.tesco.com/groceries/en-GB/shop/health-and-beauty/all?department=Make%20Up%20%26%20Beauty%20Accessories&viewAll=department&page=,£6.50,£6.50/each,,,/groceries/en-GB/products/305523208,https://digitalcontent.api.tesco.com/v2/media/ghs/99399e23-1f6e-4681-895c-b7348726cf2e/de7673fa-62d6-40c3-aabb-40144abd3467_591917690.jpeg?h=225&w=225
299980907,Sally Hansen Hard As Nails 13.3Ml,https://www.tesco.com/groceries/en-GB/shop/health-and-beauty/all?department=Make%20Up%20%26%20Beauty%20Accessories&viewAll=department&page=,£6.00,£45.12/100ml,,,/groceries/en-GB/products/299980907,https://digitalcontent.api.tesco.com/v2/media/ghs/4372f75c-8d6a-4921-98bd-b40524016547/b8ad4960-ef04-4eef-9cd4-6c9941c0c05c_1466270207.jpeg?h=225&w=225
305247915,So Eco Complexion Sponge Duo Set,https://www.tesco.com/groceries/en-GB/shop/health-and-beauty/all?department=Make%20Up%20%26%20Beauty%20Accessories&viewAll=department&page=,£8.50,£8.50/each,£6.50 Clubcard Price,,/groceries/en-GB/products/305247915,https://digitalcontent.api.tesco.com/v2/media/ghs/6f6bc6ed-76ea-4891-86a8-8747bf8e6322/9983801e-1911-4a11-95f1-4847103e5d01_910013435.jpeg?h=225&w=225
290796161,Real Techniques Powder Brush,https://www.tesco.com/groceries/en-GB/shop/health-and-beauty/all?department=Make%20Up%20%26%20Beauty%20Accessories&viewAll=department&page=,£10.00,£10.00/each,£9.00 Clubcard Price,,/groceries/en-GB/products/290796161,https://digitalcontent.api.tesco.com/v2/media/ghs/af9785c0-175a-440d-81d6-5e63472a5b5b/b46ef4b2-1771-441e-b73f-a76ed9dbeb46_1860109986.jpeg?h=225&w=225
290854104,Real Techniques Blush Brush,https://www.tesco.com/groceries/en-GB/shop/health-and-beauty/all?department=Make%20Up%20%26%20Beauty%20Accessories&viewAll=department&page=,£10.00,£10.00/each,£9.00 Clubcard Price,,/groceries/en-GB/products/290854104,https://digitalcontent.api.tesco.com/v2/media/ghs/7eb8f0f7-4d00-48d7-bc30-e71f63248f80/5983731d-c54f-411f-a0ab-fd2dfa619d0e_1759334246.jpeg?h=225&w=225
290737930,Stylfile Gel Polish Remover 140Ml,https://www.tesco.com/groceries/en-GB/shop/health-and-beauty/all?department=Make%20Up%20%26%20Beauty%20Accessories&viewAll=department&page=,£5.80,£4.15/100ml,,,/groceries/en-GB/products/290737930,https://digitalcontent.api.tesco.com/v2/media/ghs/ec72f0b6-7e8d-4681-8bdc-a206da95764d/ecd60dfb-df5e-4ff3-92a8-9cb37361ab31_1644547560.jpeg?h=225&w=225
308850259,W7 216 Full Cover Nails Square,https://www.tesco.com/groceries/en-GB/shop/health-and-beauty/all?department=Make%20Up%20%26%20Beauty%20Accessories&viewAll=department&page=,£6.00,£20.00/10g,Any 3 for 2 Clubcard Price - Cheapest Product Free - Selected Cosmetics,,/groceries/en-GB/products/308850259,https://digitalcontent.api.tesco.com/v2/media/ghs/1925ae74-26bc-46ff-973b-e963ce9ab642/01bc760e-bf2f-4af6-aa97-d651f34736d7_2010291124.jpeg?h=225&w=225
295209003,Leo Bancroft Essentials Radial Brush,https://www.tesco.com/groceries/en-GB/shop/health-and-beauty/all?department=Make%20Up%20%26%20Beauty%20Accessories&viewAll=department&page=,£4.50,£4.50/each,,,/groceries/en-GB/products/295209003,https://digitalcontent.api.tesco.com/v2/media/ghs/960ea9b8-9ddd-4133-8cde-7bb7ce04e61a/2f19e543-f310-421e-9f31-7ad1118a4377_1314020746.jpeg?h=225&w=225
311779553,So Eco Eye Crease Set,https://www.tesco.com/groceries/en-GB/shop/health-and-beauty/all?department=Make%20Up%20%26%20Beauty%20Accessories&viewAll=department&page=,£10.00,£3.34/each,£7.50 Clubcard Price,,/groceries/en-GB/products/311779553,https://digitalcontent.api.tesco.com/v2/media/ghs/83e5b5ea-2e86-4f4b-abfc-3a425db1e054/d3ff7eda-406d-4e8c-8843-b3d0114a9515_923226743.jpeg?h=225&w=225
305037149,Qvs Ceramic Stone Pedicure File,https://www.tesco.com/groceries/en-GB/shop/health-and-beauty/all?department=Make%20Up%20%26%20Beauty%20Accessories&viewAll=department&page=,£5.00,£5.00/each,,,/groceries/en-GB/products/305037149,https://digitalcontent.api.tesco.com/v2/media/ghs/558df397-b6ff-4b62-9d5d-c5dbf8ec56a5/04234f84-d963-4ddb-bcbc-864f107c264c_291344888.jpeg?h=225&w=225
305436719,Eylure 18 Hour Lash Glue- Clear,https://www.tesco.com/groceries/en-GB/shop/health-and-beauty/all?department=Make%20Up%20%26%20Beauty%20Accessories&viewAll=department&page=,£4.60,£4.60/each,,,/groceries/en-GB/products/305436719,https://digitalcontent.api.tesco.com/v2/media/ghs/2ac27c5c-ed9a-48be-a37a-0303459b223a/4f7d2203-4e8f-43f6-9157-e3ffb35685de_1510684624.jpeg?h=225&w=225
308842246,Eylure Naturals Lashes 016,https://www.tesco.com/groceries/en-GB/shop/health-and-beauty/all?department=Make%20Up%20%26%20Beauty%20Accessories&viewAll=department&page=,£4.60,£4.60/each,,,/groceries/en-GB/products/308842246,https://digitalcontent.api.tesco.com/v2/media/ghs/5567ec76-399f-49b0-acb1-e11b62d7a95f/f6efc68f-a04f-4d12-ab97-3e7aca6bb057_858203747.jpeg?h=225&w=225
311800989,Eylure Fluttery Light Eyelashes No 165,https://www.tesco.com/groceries/en-GB/shop/health-and-beauty/all?department=Make%20Up%20%26%20Beauty%20Accessories&viewAll=department&page=,£4.60,£4.60/each,,,/groceries/en-GB/products/311800989,https://digitalcontent.api.tesco.com/v2/media/ghs/f724d710-5d9f-46f6-9db7-0c198647ad3b/ceee4e40-0e22-4af1-81c1-f0de0a89b260_1039085512.jpeg?h=225&w=225
283273865,Qvs Straight Nail Scissors,https://www.tesco.com/groceries/en-GB/shop/health-and-beauty/all?department=Make%20Up%20%26%20Beauty%20Accessories&viewAll=department&page=,£4.95,£4.95/each,,,/groceries/en-GB/products/283273865,https://digitalcontent.api.tesco.com/v2/media/ghs/2b5b72dc-034a-4db7-94c5-aa39036b78b0/fa45e860-1088-4a0d-ba27-3e113dc4bb6a_945312064.jpeg?h=225&w=225
304794809,Leo Bancroft Mini Oval Brush,https://www.tesco.com/groceries/en-GB/shop/health-and-beauty/all?department=Make%20Up%20%26%20Beauty%20Accessories&viewAll=department&page=,£4.00,£4.00/each,,,/groceries/en-GB/products/304794809,https://digitalcontent.api.tesco.com/v2/media/ghs/69e76c09-735d-48d1-bdad-a9d4443f0da6/15b50da8-2d89-46e1-b12f-cfcc1ff628b9_2032983967.jpeg?h=225&w=225
284449933,Leo Bancroft Medium Claw Tort.,https://www.tesco.com/groceries/en-GB/shop/health-and-beauty/all?department=Make%20Up%20%26%20Beauty%20Accessories&viewAll=department&page=,£3.40,£3.40/each,,,/groceries/en-GB/products/284449933,https://digitalcontent.api.tesco.com/v2/media/ghs/5b29a465-dfea-4c1d-845b-bfaaf6262fb5/400aa971-9371-4d63-8a81-52b2cd821164_85145895.jpeg?h=225&w=225
311806925,W7 Glamorous Nails Check You Out! Set,https://www.tesco.com/groceries/en-GB/shop/health-and-beauty/all?department=Make%20Up%20%26%20Beauty%20Accessories&viewAll=department&page=,£4.00,£4.00/each,Any 3 for 2 Clubcard Price - Cheapest Product Free - Selected Cosmetics,,/groceries/en-GB/products/311806925,https://digitalcontent.api.tesco.com/v2/media/ghs/5782852b-7708-4983-bd9c-431e2cddb55f/8c717123-64e6-499f-ad7a-201af9a0c66a_269360418.jpeg?h=225&w=225
302271372,Beauty Crush The Big One Toiletry Bag,https://www.tesco.com/groceries/en-GB/shop/health-and-beauty/all?department=Make%20Up%20%26%20Beauty%20Accessories&viewAll=department&page=,£4.20,£4.20/each,,,/groceries/en-GB/products/302271372,https://digitalcontent.api.tesco.com/v2/media/ghs/a8ba4094-f346-4710-8184-c2e79f085622/82c27bdd-1e59-4558-ba31-90a75de077b4_100232093.jpeg?h=225&w=225
299296168,Leo Bancroft Spiral Hairbands Clear 4 Pack,https://www.tesco.com/groceries/en-GB/shop/health-and-beauty/all?department=Make%20Up%20%26%20Beauty%20Accessories&viewAll=department&page=,£3.40,£0.85/each,,,/groceries/en-GB/products/299296168,https://digitalcontent.api.tesco.com/v2/media/ghs/c4d50896-9792-43d7-9689-dfc09cdbe769/9659d90e-f274-4a9e-9fad-7e45b14108db_1507346400.jpeg?h=225&w=225
306951771,Skinny Tan Pink Velvet Dual Tanning Mitt,https://www.tesco.com/groceries/en-GB/shop/health-and-beauty/all?department=Make%20Up%20%26%20Beauty%20Accessories&viewAll=department&page=,£5.00,£5.00/each,,,/groceries/en-GB/products/306951771,https://digitalcontent.api.tesco.com/v2/media/ghs/a358b6ea-602d-4a20-8d2b-7053a6496144/55f828a1-d163-4ed5-8a73-53f35ab58124_150484396.jpeg?h=225&w=225
285097765,Leo Bancroft V-Clips Tort. 2 Pack,https://www.tesco.com/groceries/en-GB/shop/health-and-beauty/all?department=Make%20Up%20%26%20Beauty%20Accessories&viewAll=department&page=,£3.40,£1.70/each,,,/groceries/en-GB/products/285097765,https://digitalcontent.api.tesco.com/v2/media/ghs/0aeb4569-16de-4025-83ad-4f063eb786f2/bd1de4a5-f54e-45a9-8307-4033e71be82f_1198122693.jpeg?h=225&w=225
284449956,Leo Bancroft Scrunchies Fabric Black 2 Pack,https://www.tesco.com/groceries/en-GB/shop/health-and-beauty/all?department=Make%20Up%20%26%20Beauty%20Accessories&viewAll=department&page=,£3.40,£1.70/each,,,/groceries/en-GB/products/284449956,https://digitalcontent.api.tesco.com/v2/media/ghs/5e394023-fec7-4d58-a9dd-4dcf7af9c4f2/0229cb67-eb96-4a08-82d7-58bfd3504450_2055113114.jpeg?h=225&w=225
308834204,W7 Wispy Lashes Spellbound,https://www.tesco.com/groceries/en-GB/shop/health-and-beauty/all?department=Make%20Up%20%26%20Beauty%20Accessories&viewAll=department&page=,£4.00,£4.00/each,Any 3 for 2 Clubcard Price - Cheapest Product Free - Selected Cosmetics,,/groceries/en-GB/products/308834204,https://digitalcontent.api.tesco.com/v2/media/ghs/e3abd64f-26ca-4f9d-aa81-85dc73fb5cb4/8460c69c-0b82-422d-89e7-4e795a300bbe_796167166.jpeg?h=225&w=225
305037012,Ora Foundation Brush,https://www.tesco.com/groceries/en-GB/shop/health-and-beauty/all?department=Make%20Up%20%26%20Beauty%20Accessories&viewAll=department&page=,£7.00,£7.00/each,,,/groceries/en-GB/products/305037012,https://digitalcontent.api.tesco.com/v2/media/ghs/cbdb3cb2-0bc6-480d-976e-3978af245626/c304f262-be5f-4295-b0c1-1af3a52e1c44_596646285.jpeg?h=225&w=225
276370806,Tesco Beauty Eyelash Curler,https://www.tesco.com/groceries/en-GB/shop/health-and-beauty/all?department=Make%20Up%20%26%20Beauty%20Accessories&viewAll=department&page=,£3.00,£3.00/each,,,/groceries/en-GB/products/276370806,https://digitalcontent.api.tesco.com/v2/media/ghs/3f6eb967-bcd6-4a0d-aa07-eb21020aa30c/c6b0a718-2c55-4edd-a5a2-c8b600fbcd47_2071638684.jpeg?h=225&w=225
304789217,Leo Bancroft Headband,https://www.tesco.com/groceries/en-GB/shop/health-and-beauty/all?department=Make%20Up%20%26%20Beauty%20Accessories&viewAll=department&page=,£3.00,£3.00/each,,,/groceries/en-GB/products/304789217,https://digitalcontent.api.tesco.com/v2/media/ghs/5572845f-ba09-437a-8e24-642e529b492d/0dd58168-1990-4c32-acae-7fb046f84ed1_545846489.jpeg?h=225&w=225
299296082,Leo Bancroft Assorted Bands Brown 35 Pack,https://www.tesco.com/groceries/en-GB/shop/health-and-beauty/all?department=Make%20Up%20%26%20Beauty%20Accessories&viewAll=department&page=,£3.15,£0.09/each,,,/groceries/en-GB/products/299296082,https://digitalcontent.api.tesco.com/v2/media/ghs/5e5a37d7-07f0-4aa0-960e-09bea987acf2/ba1300aa-461d-4bbf-9c29-5584a2835dd4_1747106470.jpeg?h=225&w=225
308821869,W7 Faux Silk Lashes Electra,https://www.tesco.com/groceries/en-GB/shop/health-and-beauty/all?department=Make%20Up%20%26%20Beauty%20Accessories&viewAll=department&page=,£4.00,£4.00/each,Any 3 for 2 Clubcard Price - Cheapest Product Free - Selected Cosmetics,,/groceries/en-GB/products/308821869,https://digitalcontent.api.tesco.com/v2/media/ghs/5e3852bf-1df5-466b-a9fb-f416a3da62b5/fe87f636-4e44-4e35-8a6e-9a7494b7abcc_167872297.jpeg?h=225&w=225
291243676,Leo Bancroft Fashion Claw Spotted,https://www.tesco.com/groceries/en-GB/shop/health-and-beauty/all?department=Make%20Up%20%26%20Beauty%20Accessories&viewAll=department&page=,£2.75,£2.75/each,,,/groceries/en-GB/products/291243676,https://digitalcontent.api.tesco.com/v2/media/ghs/eb5ab918-3158-4d6c-9047-703f14c17331/04b2056d-0533-4c30-8d67-af644e40c4a7_748810561.jpeg?h=225&w=225
284450732,Leo Bancroft Large Hair Grips Brown 28Pk,https://www.tesco.com/groceries/en-GB/shop/health-and-beauty/all?department=Make%20Up%20%26%20Beauty%20Accessories&viewAll=department&page=,£2.50,£0.09/each,,,/groceries/en-GB/products/284450732,https://digitalcontent.api.tesco.com/v2/media/ghs/b458a967-56df-40cf-8fa1-9bb089f0dd07/c21cf9f6-83ea-4ad3-93fb-419c3c73fce2_485496540.jpeg?h=225&w=225
284450936,Leo Bancroft Large Hair Grips Blonde 28Pk,https://www.tesco.com/groceries/en-GB/shop/health-and-beauty/all?department=Make%20Up%20%26%20Beauty%20Accessories&viewAll=department&page=,£2.50,£0.09/each,,,/groceries/en-GB/products/284450936,https://digitalcontent.api.tesco.com/v2/media/ghs/a0bc90ad-a0d9-4d72-bea8-fe160fd3f8ed/96cf2593-0dd6-4b52-900e-3560497c5487_1091530612.jpeg?h=225&w=225
284448145,Leo Bancroft Large Barrette Tort.,https://www.tesco.com/groceries/en-GB/shop/health-and-beauty/all?department=Make%20Up%20%26%20Beauty%20Accessories&viewAll=department&page=,£2.50,£2.50/each,,,/groceries/en-GB/products/284448145,https://digitalcontent.api.tesco.com/v2/media/ghs/b6f7e9c9-3b69-4a4b-b0da-9e6ccf690cf0/18f83c8f-602a-4498-8f9f-69452c1d773f_187675327.jpeg?h=225&w=225
291242683,Leo Bancroft 3 Pack Loop Scrunchie,https://www.tesco.com/groceries/en-GB/shop/health-and-beauty/all?department=Make%20Up%20%26%20Beauty%20Accessories&viewAll=department&page=,£2.25,£0.75/each,,,/groceries/en-GB/products/291242683,https://digitalcontent.api.tesco.com/v2/media/ghs/75c3ea86-eb7f-4499-bd78-94dc2993975f/1b42c834-8387-4313-aeb6-54973cc0f8d3_902580873.jpeg?h=225&w=225
284429145,Leo Bancroft Curl Clips Tort. 4 Pack,https://www.tesco.com/groceries/en-GB/shop/health-and-beauty/all?department=Make%20Up%20%26%20Beauty%20Accessories&viewAll=department&page=,£2.10,£0.52/each,,,/groceries/en-GB/products/284429145,https://digitalcontent.api.tesco.com/v2/media/ghs/d79da6ba-7cca-4765-8912-82807aa81b0a/adf7daa3-b98b-492b-a3ab-49f9d4470902_331314337.jpeg?h=225&w=225
284429030,Leo Bancroft Curl Clips Black 4 Pack,https://www.tesco.com/groceries/en-GB/shop/health-and-beauty/all?department=Make%20Up%20%26%20Beauty%20Accessories&viewAll=department&page=,£2.10,£0.52/each,,,/groceries/en-GB/products/284429030,https://digitalcontent.api.tesco.com/v2/media/ghs/91a36d20-5a69-41e6-be22-c1985e49c57e/3cb757bc-0b40-4f0a-b613-f06c1a441d47_462271608.jpeg?h=225&w=225
305963833,Palm Bay Exfoliating Self Tanning Mitt,https://www.tesco.com/groceries/en-GB/shop/health-and-beauty/all?department=Make%20Up%20%26%20Beauty%20Accessories&viewAll=department&page=,£2.50,£2.50/each,,,/groceries/en-GB/products/305963833,https://digitalcontent.api.tesco.com/v2/media/ghs/6bb263fe-db7a-4900-9a04-72c077394426/f8d1fbe3-9f44-4508-a076-87705aeca76f_271867330.jpeg?h=225&w=225
250402418,Denman Classic Styling Brush,https://www.tesco.com/groceries/en-GB/shop/health-and-beauty/all?department=Make%20Up%20%26%20Beauty%20Accessories&viewAll=department&page=,£9.00,£9.00/each,,,/groceries/en-GB/products/250402418,https://digitalcontent.api.tesco.com/v2/media/ghs/c0e177dd-fb19-4acd-bb7f-f273214e9ca3/1bfd17f0-91cf-49b0-969c-cb991dbafaa5_2050523526.jpeg?h=225&w=225
276762366,Eye Candy Gel Wrap System,https://www.tesco.com/groceries/en-GB/shop/health-and-beauty/all?department=Make%20Up%20%26%20Beauty%20Accessories&viewAll=department&page=,£11.00,£5.50/each,£8.50 Clubcard Price,,/groceries/en-GB/products/276762366,https://digitalcontent.api.tesco.com/v2/media/ghs/d6527c04-1bf9-4746-9cc3-f90d6e9b95f8/55d46697-4966-4cbf-87b2-bd21ba980247_1431179872.jpeg?h=225&w=225
295432947,Leo Bancroft Thermo Brush Medium,https://www.tesco.com/groceries/en-GB/shop/health-and-beauty/all?department=Make%20Up%20%26%20Beauty%20Accessories&viewAll=department&page=,£7.35,£7.35/each,,,/groceries/en-GB/products/295432947,https://digitalcontent.api.tesco.com/v2/media/ghs/af7832cf-62a3-4d84-859b-da2c4a65597d/10dc0e9f-f545-42c9-a768-27022cda2c4e_1583533968.jpeg?h=225&w=225
304784804,Leo Bancroft Flexible Paddle Paddle Brush,https://www.tesco.com/groceries/en-GB/shop/health-and-beauty/all?department=Make%20Up%20%26%20Beauty%20Accessories&viewAll=department&page=,£7.00,£7.00/each,,,/groceries/en-GB/products/304784804,https://digitalcontent.api.tesco.com/v2/media/ghs/69c7a1c0-c7f2-475a-8f0d-4af67972bdf2/68bc1581-d6c0-495b-8b7f-b1166254d2bd_1019179727.jpeg?h=225&w=225
263812397,Denman Tangle Tamer Brush D90,https://www.tesco.com/groceries/en-GB/shop/health-and-beauty/all?department=Make%20Up%20%26%20Beauty%20Accessories&viewAll=department&page=,£8.00,£8.00/each,,,/groceries/en-GB/products/263812397,https://digitalcontent.api.tesco.com/v2/media/ghs/319c06fe-c108-4f26-89d2-645ba64cf476/45d81a2a-91f6-4c4b-9be0-a7310fc2359a_140020117.jpeg?h=225&w=225
302244762,Dash Detanging Unicorn Brush,https://www.tesco.com/groceries/en-GB/shop/health-and-beauty/all?department=Make%20Up%20%26%20Beauty%20Accessories&viewAll=department&page=,£6.50,£6.50/each,,,/groceries/en-GB/products/302244762,https://digitalcontent.api.tesco.com/v2/media/ghs/cbd560d2-f031-45d5-a027-a372625765d3/d4f4540e-f3e3-4165-9c44-2516d087642f_2069414522.jpeg?h=225&w=225
295208908,Leo Bancroft Cushion Brush Gold Label,https://www.tesco.com/groceries/en-GB/shop/health-and-beauty/all?department=Make%20Up%20%26%20Beauty%20Accessories&viewAll=department&page=,£6.00,£6.00/each,,,/groceries/en-GB/products/295208908,https://digitalcontent.api.tesco.com/v2/media/ghs/ec801834-c892-46b7-bb79-e97228f0d8ed/03ed54be-af18-40f5-a59b-e21eefa367bb_1356510043.jpeg?h=225&w=225
302134685,Cutex Brittle Nail 13.6Ml,https://www.tesco.com/groceries/en-GB/shop/health-and-beauty/all?department=Make%20Up%20%26%20Beauty%20Accessories&viewAll=department&page=,£9.00,£6.62/10ml,,,/groceries/en-GB/products/302134685,https://digitalcontent.api.tesco.com/v2/media/ghs/1f086596-0080-45ae-ac68-abe46d70970d/dd334b65-3d5a-428c-8359-423139f05862_1906947492.jpeg?h=225&w=225
299980510,Sally Hansen Double Duty Base Top 13.3Ml,https://www.tesco.com/groceries/en-GB/shop/health-and-beauty/all?department=Make%20Up%20%26%20Beauty%20Accessories&viewAll=department&page=,£6.00,£45.12/100ml,,,/groceries/en-GB/products/299980510,https://digitalcontent.api.tesco.com/v2/media/ghs/5a188d68-0759-4d40-9697-bc8660c44712/dafdb671-1ed8-42e0-89dd-c6d651befd8c_15880331.jpeg?h=225&w=225
302196674,Leo Bancroft Vented Paddle With Argan Oil,https://www.tesco.com/groceries/en-GB/shop/health-and-beauty/all?department=Make%20Up%20%26%20Beauty%20Accessories&viewAll=department&page=,£8.00,£8.00/each,,,/groceries/en-GB/products/302196674,https://digitalcontent.api.tesco.com/v2/media/ghs/1361183b-2906-4437-a4f3-0b561294e2bb/7ef1af75-12e3-4206-9494-d588185f626f_1384878294.jpeg?h=225&w=225
295208920,Leo Bancroft Radial Brush Gold Label,https://www.tesco.com/groceries/en-GB/shop/health-and-beauty/all?department=Make%20Up%20%26%20Beauty%20Accessories&viewAll=department&page=,£5.00,£5.00/each,,,/groceries/en-GB/products/295208920,https://digitalcontent.api.tesco.com/v2/media/ghs/788f4af8-af53-4e09-a54b-5d4c19de8384/39c1be75-ad7f-433c-ba75-ef3c85c40a51_1646179849.jpeg?h=225&w=225
310688472,Elegant Touch Nails Matcha Latte,https://www.tesco.com/groceries/en-GB/shop/health-and-beauty/all?department=Make%20Up%20%26%20Beauty%20Accessories&viewAll=department&page=,£5.00,£0.21/each,,,/groceries/en-GB/products/310688472,https://digitalcontent.api.tesco.com/v2/media/ghs/4aa0f9b5-579f-4437-ba22-0543ae73c993/5acd779d-0c11-457d-afe4-e1e64ae311a3_1218571944.jpeg?h=225&w=225
290737779,Stylfyle Gel Polish Remover Clips,https://www.tesco.com/groceries/en-GB/shop/health-and-beauty/all?department=Make%20Up%20%26%20Beauty%20Accessories&viewAll=department&page=,£5.25,£5.25/each,,,/groceries/en-GB/products/290737779,https://digitalcontent.api.tesco.com/v2/media/ghs/a8519ed1-0266-44ff-904d-5adfc7ded2f0/f4ae88cf-c075-48a7-a205-951e28f12276_1524310296.jpeg?h=225&w=225
311269477,Girlz Only Make Up Brush Set,https://www.tesco.com/groceries/en-GB/shop/health-and-beauty/all?department=Make%20Up%20%26%20Beauty%20Accessories&viewAll=department&page=,£10.00,£10.00/each,,,/groceries/en-GB/products/311269477,https://digitalcontent.api.tesco.com/v2/media/ghs/44798c28-6349-4168-8bf7-a4f3585e7e56/1c1133e1-e180-4ad4-9cbf-b1658264ba6a_495630008.jpeg?h=225&w=225
299316060,Eylure Lashes Texture 117,https://www.tesco.com/groceries/en-GB/shop/health-and-beauty/all?department=Make%20Up%20%26%20Beauty%20Accessories&viewAll=department&page=,£4.60,£4.60/each,,,/groceries/en-GB/products/299316060,https://digitalcontent.api.tesco.com/v2/media/ghs/4e093f4f-c3cd-4fcc-aab8-3ba18cfb28c5/63a8cf79-a79f-4f2b-8b81-e2919b91fe78_511567522.jpeg?h=225&w=225
283282290,Qvs Eyelash Curler,https://www.tesco.com/groceries/en-GB/shop/health-and-beauty/all?department=Make%20Up%20%26%20Beauty%20Accessories&viewAll=department&page=,£5.25,£5.25/each,,,/groceries/en-GB/products/283282290,https://digitalcontent.api.tesco.com/v2/media/ghs/6b1d5d4f-e329-450e-a0fc-b278dd133b8d/c72ea73b-f359-46e9-9c0a-5f02899a6934_749471384.jpeg?h=225&w=225
302134702,Cutex All In One Strengthener 13.6Ml,https://www.tesco.com/groceries/en-GB/shop/health-and-beauty/all?department=Make%20Up%20%26%20Beauty%20Accessories&viewAll=department&page=,£6.00,£4.42/10ml,,,/groceries/en-GB/products/302134702,https://digitalcontent.api.tesco.com/v2/media/ghs/ccb1321c-2412-497c-9d4d-c13608bd8a69/b021bd67-3f30-4ca6-bda6-eefcee795489_711200640.jpeg?h=225&w=225
302134604,Cutex Cuticle Oil 13.6Ml,https://www.tesco.com/groceries/en-GB/shop/health-and-beauty/all?department=Make%20Up%20%26%20Beauty%20Accessories&viewAll=department&page=,£6.00,£4.42/10ml,,,/groceries/en-GB/products/302134604,https://digitalcontent.api.tesco.com/v2/media/ghs/fdc77a06-648b-49a4-9457-c10f21121e88/8487afc4-07e1-4d6d-82ce-6ad98420fa72_2045851626.jpeg?h=225&w=225
299335837,Eylure Lashes Volume 109,https://www.tesco.com/groceries/en-GB/shop/health-and-beauty/all?department=Make%20Up%20%26%20Beauty%20Accessories&viewAll=department&page=,£4.60,£4.60/each,,,/groceries/en-GB/products/299335837,https://digitalcontent.api.tesco.com/v2/media/ghs/2501a1d1-dc68-497c-8882-2534f99d4a81/08766050-28f5-415a-a493-e7985f2f4231_1676266010.jpeg?h=225&w=225
295209061,Leo Bancroft Essential Collection Styling Brush,https://www.tesco.com/groceries/en-GB/shop/health-and-beauty/all?department=Make%20Up%20%26%20Beauty%20Accessories&viewAll=department&page=,£3.50,£3.50/each,,,/groceries/en-GB/products/295209061,https://digitalcontent.api.tesco.com/v2/media/ghs/f09a3ca5-ca3c-4cf6-ba6e-d14afe06ece5/0bd17f4b-f0b1-4004-9e45-c1791c184440_1523553996.jpeg?h=225&w=225
284449812,Leo Bancroft Medium Claw Black,https://www.tesco.com/groceries/en-GB/shop/health-and-beauty/all?department=Make%20Up%20%26%20Beauty%20Accessories&viewAll=department&page=,£3.40,£3.40/each,,,/groceries/en-GB/products/284449812,https://digitalcontent.api.tesco.com/v2/media/ghs/259dab68-042f-40e3-b5b3-38d7d5e0f7c6/3d93bd2d-26b9-49d2-9cad-229cd0c9976e_694831632.jpeg?h=225&w=225
305524478,Bondi Sands Reusable Self Tan Application Mitt,https://www.tesco.com/groceries/en-GB/shop/health-and-beauty/all?department=Make%20Up%20%26%20Beauty%20Accessories&viewAll=department&page=,£5.00,£5.00/each,,,/groceries/en-GB/products/305524478,https://digitalcontent.api.tesco.com/v2/media/ghs/c4727a0e-1020-480a-9e81-79aef304c9f1/bac6429d-f33f-46fe-9f8c-87086f9aecb0_1453386803.jpeg?h=225&w=225
284449328,Leo Bancroft Mini Traditional Claws Assorted 6 Pack,https://www.tesco.com/groceries/en-GB/shop/health-and-beauty/all?department=Make%20Up%20%26%20Beauty%20Accessories&viewAll=department&page=,£3.40,£0.57/each,,,/groceries/en-GB/products/284449328,https://digitalcontent.api.tesco.com/v2/media/ghs/8e0b190f-95fd-4d6f-bb2c-5403064d91fa/5d254799-50b0-4f6c-8bfc-be74e9502f55.jpeg?h=225&w=225
284448652,Leo Bancroft Small Barrette Black Tort. 2 Pack,https://www.tesco.com/groceries/en-GB/shop/health-and-beauty/all?department=Make%20Up%20%26%20Beauty%20Accessories&viewAll=department&page=,£3.40,£1.70/each,,,/groceries/en-GB/products/284448652,https://digitalcontent.api.tesco.com/v2/media/ghs/db834059-f301-4c69-a4f7-5c93f88fd6ab/4bacab3a-631e-409b-b2eb-7e72be322838_1362470246.jpeg?h=225&w=225
284450631,Leo Bancroft Plastic Toothed Headband Tortilla,https://www.tesco.com/groceries/en-GB/shop/health-and-beauty/all?department=Make%20Up%20%26%20Beauty%20Accessories&viewAll=department&page=,£3.40,£3.40/each,,,/groceries/en-GB/products/284450631,https://digitalcontent.api.tesco.com/v2/media/ghs/44e7f7e1-faca-4a4c-81a8-a83b7f75d25b/a4a87b15-5840-4202-90f6-b8390d9fb050_981184239.jpeg?h=225&w=225
295209084,Leo Bancroft Essential Collection Radial Brush,https://www.tesco.com/groceries/en-GB/shop/health-and-beauty/all?department=Make%20Up%20%26%20Beauty%20Accessories&viewAll=department&page=,£3.50,£3.50/each,,,/groceries/en-GB/products/295209084,https://digitalcontent.api.tesco.com/v2/media/ghs/25231509-7f7f-4baa-ad01-4d58f2cf551a/c58b01a4-0eee-4a95-9137-75f6b2e1fd6d_129961727.jpeg?h=225&w=225
299296180,Leo Bancroft Curl Clips Dark Hair 10 Pack,https://www.tesco.com/groceries/en-GB/shop/health-and-beauty/all?department=Make%20Up%20%26%20Beauty%20Accessories&viewAll=department&page=,£3.00,£0.30/each,,,/groceries/en-GB/products/299296180,https://digitalcontent.api.tesco.com/v2/media/ghs/541dea34-b350-4b80-b8d4-06d54d859410/4b12e8ce-324a-4181-8f11-417f95bdf1ab_1626911614.jpeg?h=225&w=225
310164435,So Eco Professional Nail Files X4,https://www.tesco.com/groceries/en-GB/shop/health-and-beauty/all?department=Make%20Up%20%26%20Beauty%20Accessories&viewAll=department&page=,£5.25,£1.32/each,£4.00 Clubcard Price,,/groceries/en-GB/products/310164435,https://digitalcontent.api.tesco.com/v2/media/ghs/b56e825e-a345-46c1-bc38-d5d2fafd48c3/e36a149e-8918-4659-9751-09bb0f9cac5d_1344072684.jpeg?h=225&w=225
276089126,Denman Setting Comb D18,https://www.tesco.com/groceries/en-GB/shop/health-and-beauty/all?department=Make%20Up%20%26%20Beauty%20Accessories&viewAll=department&page=,£4.20,£4.20/each,,,/groceries/en-GB/products/276089126,https://digitalcontent.api.tesco.com/v2/media/ghs/ce7fa289-7a58-48d1-8da1-51f4b712a3a3/b6f653e8-535c-472c-8ec4-301f7d803d79_751164829.jpeg?h=225&w=225
291243929,Leo Bancroft 2 Pack Flower Headband,https://www.tesco.com/groceries/en-GB/shop/health-and-beauty/all?department=Make%20Up%20%26%20Beauty%20Accessories&viewAll=department&page=,£2.50,£1.25/each,,,/groceries/en-GB/products/291243929,https://digitalcontent.api.tesco.com/v2/media/ghs/0dd816e3-93d0-425f-a84b-285285c2f2df/f5fc45d8-34ac-4826-ac2f-f582eb584467_732353470.jpeg?h=225&w=225
309199660,Nail Hq Essentials Strengthener 8Ml,https://www.tesco.com/groceries/en-GB/shop/health-and-beauty/all?department=Make%20Up%20%26%20Beauty%20Accessories&viewAll=department&page=,£5.00,£62.50/100ml,£4.00 Clubcard Price,,/groceries/en-GB/products/309199660,https://digitalcontent.api.tesco.com/v2/media/ghs/2467d2f3-5c62-44f7-9d27-3e668b48ea7a/a4c7d333-842d-4eef-bd34-6c6ccee6552d_1835627235.jpeg?h=225&w=225
284429306,Leo Bancroft Curl Clips Assorted 6 Pack,https://www.tesco.com/groceries/en-GB/shop/health-and-beauty/all?department=Make%20Up%20%26%20Beauty%20Accessories&viewAll=department&page=,£1.50,£0.25/each,,,/groceries/en-GB/products/284429306,https://digitalcontent.api.tesco.com/v2/media/ghs/d07a97ae-d863-4d66-9583-1953efb0b305/b994c23b-3ae0-47be-b57e-0fd3d3a44b7c.jpeg?h=225&w=225
312093757,Tweezerman Mini Slant Tweezers,https://www.tesco.com/groceries/en-GB/shop/health-and-beauty/all?department=Make%20Up%20%26%20Beauty%20Accessories&viewAll=department&page=,£14.00,£14.00/each,,,/groceries/en-GB/products/312093757,https://digitalcontent.api.tesco.com/v2/media/ghs/bf2e8493-b07c-41ae-be77-8d77f23ac7e3/5766d30b-6d64-4c09-b092-88d7e201ba80_1140944281.jpeg?h=225&w=225
290737612,Stylfile Gel Polish Remover Kit,https://www.tesco.com/groceries/en-GB/shop/health-and-beauty/all?department=Make%20Up%20%26%20Beauty%20Accessories&viewAll=department&page=,£21.00,£21.00/each,,,/groceries/en-GB/products/290737612,https://digitalcontent.api.tesco.com/v2/media/ghs/2c2baf9b-7779-4848-ac0d-73f0af87f213/041b517c-1363-4d4c-883b-b423c611a04e_888692566.jpeg?h=225&w=225
291589399,Denman D90l Tangle Tamer Hairbrush,https://www.tesco.com/groceries/en-GB/shop/health-and-beauty/all?department=Make%20Up%20%26%20Beauty%20Accessories&viewAll=department&page=,£12.50,£12.50/each,,,/groceries/en-GB/products/291589399,https://digitalcontent.api.tesco.com/v2/media/ghs/8ea22cde-751f-428a-b2c0-e77652f8abe5/436592d7-b30a-4f95-88fa-af29404b5bb0_768228564.jpeg?h=225&w=225
302196714,Leo Bancroft Thermo Brush With Argan Oil,https://www.tesco.com/groceries/en-GB/shop/health-and-beauty/all?department=Make%20Up%20%26%20Beauty%20Accessories&viewAll=department&page=,£9.00,£9.00/each,,,/groceries/en-GB/products/302196714,https://digitalcontent.api.tesco.com/v2/media/ghs/f9de386f-bfbd-4fd9-a9be-5c5525da55e7/04a4b7d6-26f9-4ca1-bedc-f20264e56dfb_216506067.jpeg?h=225&w=225
250037658,Eylure Dybrow Black,https://www.tesco.com/groceries/en-GB/shop/health-and-beauty/all?department=Make%20Up%20%26%20Beauty%20Accessories&viewAll=department&page=,£7.50,£7.50/each,,,/groceries/en-GB/products/250037658,https://digitalcontent.api.tesco.com/v2/media/ghs/963fdc45-a402-432a-ac25-7fbf1428b485/f5e60c02-3c5c-472f-9daa-49fb8fcfb654_2090267182.jpeg?h=225&w=225
299296502,Dash Detangling Handleless Hairbrush Pink,https://www.tesco.com/groceries/en-GB/shop/health-and-beauty/all?department=Make%20Up%20%26%20Beauty%20Accessories&viewAll=department&page=,£6.50,£6.50/each,,,/groceries/en-GB/products/299296502,https://digitalcontent.api.tesco.com/v2/media/ghs/621494ab-5d47-480d-9736-fbf78c0505d9/768e3f80-27b6-4697-94b6-7bcd8f000cc9_1263359331.jpeg?h=225&w=225
299296554,Dash Detangling Panda Animal Hairbrush,https://www.tesco.com/groceries/en-GB/shop/health-and-beauty/all?department=Make%20Up%20%26%20Beauty%20Accessories&viewAll=department&page=,£6.50,£6.50/each,,,/groceries/en-GB/products/299296554,https://digitalcontent.api.tesco.com/v2/media/ghs/23f0458a-5b59-43bc-a40e-f913ca2e4097/9258b99b-65b8-4e42-9778-31e4254a8e9d_1979874671.jpeg?h=225&w=225
256037599,Elegant Touch Natural French Nails 103 Medium Pink,https://www.tesco.com/groceries/en-GB/shop/health-and-beauty/all?department=Make%20Up%20%26%20Beauty%20Accessories&viewAll=department&page=,£6.00,£6.00/each,,,/groceries/en-GB/products/256037599,https://digitalcontent.api.tesco.com/v2/media/ghs/24233a5e-c6d6-4dde-a826-9ed884fd2246/c3be9597-7931-45b2-bd82-2e0480a1e3b3_2119524097.jpeg?h=225&w=225
299980602,Sally Hansen Max Growth 13.3Ml,https://www.tesco.com/groceries/en-GB/shop/health-and-beauty/all?department=Make%20Up%20%26%20Beauty%20Accessories&viewAll=department&page=,£5.95,£44.74/100ml,,,/groceries/en-GB/products/299980602,https://digitalcontent.api.tesco.com/v2/media/ghs/8c88801a-683f-4269-b34e-57f44998258f/f4ff0e9a-67bf-4f35-95b9-0312e7bc0c88_208129794.jpeg?h=225&w=225
308846363,Ecotools Daily Defined Eye Kit 5 Essential Brushes,https://www.tesco.com/groceries/en-GB/shop/health-and-beauty/all?department=Make%20Up%20%26%20Beauty%20Accessories&viewAll=department&page=,£9.45,£9.45/each,,,/groceries/en-GB/products/308846363,https://digitalcontent.api.tesco.com/v2/media/ghs/406c237c-0aa5-4f5e-a20d-8e653c25ee68/8aa0e7d8-617e-4ede-b360-44b0c35d1fb6_2105496930.jpeg?h=225&w=225
312231946,Eylure Dybrow Mid Brown,https://www.tesco.com/groceries/en-GB/shop/health-and-beauty/all?department=Make%20Up%20%26%20Beauty%20Accessories&viewAll=department&page=,£7.50,£7.50/each,,New,/groceries/en-GB/products/312231946,https://digitalcontent.api.tesco.com/v2/media/ghs/d9b60118-fba4-447a-8bca-6ac21acee2bd/7d386f09-dd7d-4e3a-9353-af2939152683_644590057.jpeg?h=225&w=225
263804332,Denman Be-Bop Shampoo Massager D6,https://www.tesco.com/groceries/en-GB/shop/health-and-beauty/all?department=Make%20Up%20%26%20Beauty%20Accessories&viewAll=department&page=,£5.00,£5.00/each,,,/groceries/en-GB/products/263804332,https://digitalcontent.api.tesco.com/v2/media/ghs/2caf4a21-8972-44ea-bd9e-df26ddaf05f9/f64ffc21-88d9-4b9d-b922-f5ffd5d200c6_1010037267.jpeg?h=225&w=225
310150820,W7 Silky Knots Hair Scrunchies Marine 6 Pack,https://www.tesco.com/groceries/en-GB/shop/health-and-beauty/all?department=Make%20Up%20%26%20Beauty%20Accessories&viewAll=department&page=,£4.70,£0.78/each,Any 3 for 2 Clubcard Price - Cheapest Product Free - Selected Cosmetics,,/groceries/en-GB/products/310150820,https://digitalcontent.api.tesco.com/v2/media/ghs/b095128f-786f-4103-bb89-c36bcbb24825/f9ffe91f-c3c4-42b3-8304-ac45b5ab28e4_1787899453.jpeg?h=225&w=225
283281930,Qvs Magnification Mirror 10,https://www.tesco.com/groceries/en-GB/shop/health-and-beauty/all?department=Make%20Up%20%26%20Beauty%20Accessories&viewAll=department&page=,£5.25,£5.25/each,,,/groceries/en-GB/products/283281930,https://digitalcontent.api.tesco.com/v2/media/ghs/773cd118-62b0-4904-af1c-9df325439003/8b88421f-ac2e-4479-b442-71fb4ad083db_1131108061.jpeg?h=225&w=225
290854352,Real Techniques Expert Face Brush,https://www.tesco.com/groceries/en-GB/shop/health-and-beauty/all?department=Make%20Up%20%26%20Beauty%20Accessories&viewAll=department&page=,£9.00,£9.00/each,£8.00 Clubcard Price,,/groceries/en-GB/products/290854352,https://digitalcontent.api.tesco.com/v2/media/ghs/e1990cdd-bf65-47a5-b1f7-28fb8a7734a2/d4da9196-819a-4ac3-bd4d-c7e095a82f6f_54641666.jpeg?h=225&w=225
303434829,Qvs Complexion Care Set 16 Pack,https://www.tesco.com/groceries/en-GB/shop/health-and-beauty/all?department=Make%20Up%20%26%20Beauty%20Accessories&viewAll=department&page=,£6.00,£6.00/each,,,/groceries/en-GB/products/303434829,https://digitalcontent.api.tesco.com/v2/media/ghs/b7bb7c25-6afb-4d0c-981e-91749df8f939/aa1b3263-3100-4945-af46-548f5f180100_168823837.jpeg?h=225&w=225
305438442,Eylure Fluttery False Lashes Intense - 179,https://www.tesco.com/groceries/en-GB/shop/health-and-beauty/all?department=Make%20Up%20%26%20Beauty%20Accessories&viewAll=department&page=,£4.60,£4.60/each,,,/groceries/en-GB/products/305438442,https://digitalcontent.api.tesco.com/v2/media/ghs/a1828f44-a25e-4a6e-8d8c-dc9139af38f0/1c02db14-f354-4e4d-beba-e847fa36cad3_110846245.jpeg?h=225&w=225
302134627,Cutex Quick Dry Coat 13.6Ml,https://www.tesco.com/groceries/en-GB/shop/health-and-beauty/all?department=Make%20Up%20%26%20Beauty%20Accessories&viewAll=department&page=,£6.00,£4.42/10ml,,,/groceries/en-GB/products/302134627,https://digitalcontent.api.tesco.com/v2/media/ghs/13605a8b-5cfb-450b-b507-29363f71d1f1/0f4d06bb-0932-4d9f-baeb-dd161c704edf_217650777.jpeg?h=225&w=225
310103439,So Eco Nail Clipper Trio Set,https://www.tesco.com/groceries/en-GB/shop/health-and-beauty/all?department=Make%20Up%20%26%20Beauty%20Accessories&viewAll=department&page=,£10.00,£10.00/each,£8.00 Clubcard Price,,/groceries/en-GB/products/310103439,https://digitalcontent.api.tesco.com/v2/media/ghs/35d518fd-7d85-493d-b402-ee1ac1e31227/e28b8554-af5e-4785-b84a-46e58dae2e83_1638370898.jpeg?h=225&w=225
284449138,Leo Bancroft Mini Claws Assorted 12 Pack,https://www.tesco.com/groceries/en-GB/shop/health-and-beauty/all?department=Make%20Up%20%26%20Beauty%20Accessories&viewAll=department&page=,£3.40,£0.28/each,,,/groceries/en-GB/products/284449138,https://digitalcontent.api.tesco.com/v2/media/ghs/9e8080de-56ee-4fbb-8104-d73e01a4c15b/d9e34726-6c3d-4c1c-9962-da6b0eb73591_788890646.jpeg?h=225&w=225
302217714,Qvs Ergo Clipper,https://www.tesco.com/groceries/en-GB/shop/health-and-beauty/all?department=Make%20Up%20%26%20Beauty%20Accessories&viewAll=department&page=,£3.50,£3.50/each,,,/groceries/en-GB/products/302217714,https://digitalcontent.api.tesco.com/v2/media/ghs/f2ccb38b-ce56-48dd-9177-4e6104cd62d4/3f6f33cd-7c43-4859-b90a-890842c5548b_633763849.jpeg?h=225&w=225
311252911,Girlz Only Nails Black French Almond 24 Pack,https://www.tesco.com/groceries/en-GB/shop/health-and-beauty/all?department=Make%20Up%20%26%20Beauty%20Accessories&viewAll=department&page=,£3.00,£0.12/each,,,/groceries/en-GB/products/311252911,https://digitalcontent.api.tesco.com/v2/media/ghs/2a748b49-dbe7-4051-8fc4-91e68285a119/6b613b0f-e06c-47c1-a29e-a47d9bed8cb5_332627371.jpeg?h=225&w=225
291244681,Leo Bancroft Everyday Rollers Medium 6 Pack,https://www.tesco.com/groceries/en-GB/shop/health-and-beauty/all?department=Make%20Up%20%26%20Beauty%20Accessories&viewAll=department&page=,£2.60,£0.43/each,,,/groceries/en-GB/products/291244681,https://digitalcontent.api.tesco.com/v2/media/ghs/38de2d75-6cad-4c61-a9a7-f6b15c065024/e6ca24f8-bbb1-47b8-9f00-2bb67c8161e6.jpeg?h=225&w=225
291244214,Leo Bancroft Folding Brush,https://www.tesco.com/groceries/en-GB/shop/health-and-beauty/all?department=Make%20Up%20%26%20Beauty%20Accessories&viewAll=department&page=,£2.50,£2.50/each,,,/groceries/en-GB/products/291244214,https://digitalcontent.api.tesco.com/v2/media/ghs/04636dc9-5c5e-48ad-be7a-e98350c27c58/32b91021-165f-47c4-a747-31c3d57790fd_1764386702.jpeg?h=225&w=225
305947346,Girlz Only False Lashes Nicely Natural,https://www.tesco.com/groceries/en-GB/shop/health-and-beauty/all?department=Make%20Up%20%26%20Beauty%20Accessories&viewAll=department&page=,£2.50,£2.50/each,,,/groceries/en-GB/products/305947346,https://digitalcontent.api.tesco.com/v2/media/ghs/ec8712af-1197-4ebd-9985-3b572d75b5f1/ff229a25-2963-4ced-aff4-b325738be34b_1113841545.jpeg?h=225&w=225
284450251,Leo Bancroft Fabric Head Wrap Black,https://www.tesco.com/groceries/en-GB/shop/health-and-beauty/all?department=Make%20Up%20%26%20Beauty%20Accessories&viewAll=department&page=,£2.25,£2.25/each,,,/groceries/en-GB/products/284450251,https://digitalcontent.api.tesco.com/v2/media/ghs/c6c4aecb-1c34-48c1-901e-6d8c54de74fe/14d44370-32ab-4e36-b772-ac6f9ffbf3f7_232778553.jpeg?h=225&w=225
266991328,Tesco Beauty Cosmetic Sharpener,https://www.tesco.com/groceries/en-GB/shop/health-and-beauty/all?department=Make%20Up%20%26%20Beauty%20Accessories&viewAll=department&page=,£2.10,£2.10/each,,,/groceries/en-GB/products/266991328,https://digitalcontent.api.tesco.com/v2/media/ghs/5f2ba1f0-4a9b-45e8-9ed9-02e3ba1bb20e/3186905c-a8d6-4222-a3d9-f935d31012a2_1636799118.jpeg?h=225&w=225
291244180,Leo Bancroft Curl Comb,https://www.tesco.com/groceries/en-GB/shop/health-and-beauty/all?department=Make%20Up%20%26%20Beauty%20Accessories&viewAll=department&page=,£1.50,£1.50/each,,,/groceries/en-GB/products/291244180,https://digitalcontent.api.tesco.com/v2/media/ghs/0fed11e9-b64c-4e88-a902-d229e7e58125/8813f578-30e8-4ef1-88d5-5afb6ad8667d_644246072.jpeg?h=225&w=225
305530113,Real Techniques Everyday Essentials Brush Set,https://www.tesco.com/groceries/en-GB/shop/health-and-beauty/all?department=Make%20Up%20%26%20Beauty%20Accessories&viewAll=department&page=,£21.00,£4.20/each,,,/groceries/en-GB/products/305530113,https://digitalcontent.api.tesco.com/v2/media/ghs/bc015e69-7e0f-46a9-8013-41e6d0e0b1b6/8e965adb-a1b8-49d6-b4f3-4b062de4b5be_1786684831.jpeg?h=225&w=225
302134649,Cutex Intense Recovery 13.6Ml,https://www.tesco.com/groceries/en-GB/shop/health-and-beauty/all?department=Make%20Up%20%26%20Beauty%20Accessories&viewAll=department&page=,£9.00,£6.62/10ml,,,/groceries/en-GB/products/302134649,https://digitalcontent.api.tesco.com/v2/media/ghs/dacf3256-d115-4360-aae0-9c957d4ea5f3/1da535a9-b765-40ee-bb67-6603b5f3a4a3_1160988399.jpeg?h=225&w=225
295208380,Leo Bancroft Thermo Brush Large,https://www.tesco.com/groceries/en-GB/shop/health-and-beauty/all?department=Make%20Up%20%26%20Beauty%20Accessories&viewAll=department&page=,£8.40,£8.40/each,,,/groceries/en-GB/products/295208380,https://digitalcontent.api.tesco.com/v2/media/ghs/d69a2887-92de-4ac2-8b99-f16c96126ec1/c1cf2c1b-24f0-495d-8aba-8b853a356bdf_1977060160.jpeg?h=225&w=225
275350999,Leo Bancroft Premium Pro Section Clips 4 Pack,https://www.tesco.com/groceries/en-GB/shop/health-and-beauty/all?department=Make%20Up%20%26%20Beauty%20Accessories&viewAll=department&page=,£4.70,£1.18/each,,,/groceries/en-GB/products/275350999,https://digitalcontent.api.tesco.com/v2/media/ghs/f1616b70-46bf-41b3-98de-945f71ab1494/431175a1-ddc0-494e-adb5-5aa78f6057d0_1008648325.jpeg?h=225&w=225
305430358,Eylure 18 Hour Lash Glue -Black,https://www.tesco.com/groceries/en-GB/shop/health-and-beauty/all?department=Make%20Up%20%26%20Beauty%20Accessories&viewAll=department&page=,£4.60,£4.60/each,,,/groceries/en-GB/products/305430358,https://digitalcontent.api.tesco.com/v2/media/ghs/6faabdee-5a4a-4e17-81ba-2edc456b046e/fa699295-5705-4b02-8b00-8f2ed2bbcf27_825562202.jpeg?h=225&w=225
295208528,Leo Bancroft Everyday Claws 4Pack,https://www.tesco.com/groceries/en-GB/shop/health-and-beauty/all?department=Make%20Up%20%26%20Beauty%20Accessories&viewAll=department&page=,£3.70,£3.70/each,,,/groceries/en-GB/products/295208528,https://digitalcontent.api.tesco.com/v2/media/ghs/0e8e3ca9-cdf2-4c90-8dc8-be0099cc8f8e/0fe935c8-c984-4abc-be48-cf516825d666_1419916903.jpeg?h=225&w=225
295208782,Leo Bancroft Active Soft Headwrap 2 Pack,https://www.tesco.com/groceries/en-GB/shop/health-and-beauty/all?department=Make%20Up%20%26%20Beauty%20Accessories&viewAll=department&page=,£3.50,£1.75/each,,,/groceries/en-GB/products/295208782,https://digitalcontent.api.tesco.com/v2/media/ghs/554b49fc-d158-4d38-8f61-566099e0923b/a21a90a1-79d4-4532-b854-989161917344_795912821.jpeg?h=225&w=225
309179874,Nail Hq Essentials Cuticle Oil 8Ml,https://www.tesco.com/groceries/en-GB/shop/health-and-beauty/all?department=Make%20Up%20%26%20Beauty%20Accessories&viewAll=department&page=,£5.00,£62.50/100ml,£4.00 Clubcard Price,,/groceries/en-GB/products/309179874,https://digitalcontent.api.tesco.com/v2/media/ghs/49546426-fe95-47e5-b70f-3ca469167e69/003c46ea-3918-482f-bfc6-e5b541793d94_2043041890.jpeg?h=225&w=225
284449697,Leo Bancroft Shine/Matt Midi Claw Black 2 Pack,https://www.tesco.com/groceries/en-GB/shop/health-and-beauty/all?department=Make%20Up%20%26%20Beauty%20Accessories&viewAll=department&page=,£3.40,£1.70/each,,,/groceries/en-GB/products/284449697,https://digitalcontent.api.tesco.com/v2/media/ghs/f2e2a953-5f2c-48ab-885e-924b9abef230/9e104b4f-fe9f-449e-8b8a-24680099b371_122288429.jpeg?h=225&w=225
284429174,Leo Bancroft Medium Donut Brown,https://www.tesco.com/groceries/en-GB/shop/health-and-beauty/all?department=Make%20Up%20%26%20Beauty%20Accessories&viewAll=department&page=,£3.00,£3.00/each,,,/groceries/en-GB/products/284429174,https://digitalcontent.api.tesco.com/v2/media/ghs/0c43b576-fa26-4bf3-a2be-cc499d95ea8b/1fb31a0b-2b88-4350-9215-7ad728553209_642916819.jpeg?h=225&w=225
305974601,Girlz Only False Nails Natural Nude,https://www.tesco.com/groceries/en-GB/shop/health-and-beauty/all?department=Make%20Up%20%26%20Beauty%20Accessories&viewAll=department&page=,£3.00,£0.12/each,,,/groceries/en-GB/products/305974601,https://digitalcontent.api.tesco.com/v2/media/ghs/76926472-8c90-4fd9-aebf-2ae73ac06062/15c8ab8b-57f9-4548-a198-0a723c103e41_1118687337.jpeg?h=225&w=225
284450504,Leo Bancroft Plastic Headband Tort.,https://www.tesco.com/groceries/en-GB/shop/health-and-beauty/all?department=Make%20Up%20%26%20Beauty%20Accessories&viewAll=department&page=,£2.25,£2.25/each,,,/groceries/en-GB/products/284450504,https://digitalcontent.api.tesco.com/v2/media/ghs/4a056c5f-356b-4dea-9e9f-22fb84c37839/5879f9f7-4fda-4024-8f19-96040aae44db_1168640198.jpeg?h=225&w=225
291252360,Leo Bancroft Everyday Rollers Small 6 Pack,https://www.tesco.com/groceries/en-GB/shop/health-and-beauty/all?department=Make%20Up%20%26%20Beauty%20Accessories&viewAll=department&page=,£2.10,£0.35/each,,,/groceries/en-GB/products/291252360,https://digitalcontent.api.tesco.com/v2/media/ghs/70e48873-2cc7-4a1d-9299-d652c5586a13/c08b86c9-4ada-4344-b279-fe04e167373b.jpeg?h=225&w=225
299296531,Dash Detangling Handleless Hairbrush Black,https://www.tesco.com/groceries/en-GB/shop/health-and-beauty/all?department=Make%20Up%20%26%20Beauty%20Accessories&viewAll=department&page=,£6.50,£6.50/each,,,/groceries/en-GB/products/299296531,https://digitalcontent.api.tesco.com/v2/media/ghs/bf3c5846-73ea-4ae5-9a01-45fc84421eec/19ad2147-94a7-4b23-95e1-a236785d772b_1640033269.jpeg?h=225&w=225
284448370,Leo Bancroft Medium Barrette Black,https://www.tesco.com/groceries/en-GB/shop/health-and-beauty/all?department=Make%20Up%20%26%20Beauty%20Accessories&viewAll=department&page=,£2.50,£2.50/each,,,/groceries/en-GB/products/284448370,https://digitalcontent.api.tesco.com/v2/media/ghs/00472eed-2ca4-4fe7-8462-cbed42d6339e/caea1a73-c049-4e6d-853d-59d165b74374_858809729.jpeg?h=225&w=225
284429957,Leo Bancroft Side Combs Tort. 2 Pack,https://www.tesco.com/groceries/en-GB/shop/health-and-beauty/all?department=Make%20Up%20%26%20Beauty%20Accessories&viewAll=department&page=,£2.50,£1.25/each,,,/groceries/en-GB/products/284429957,https://digitalcontent.api.tesco.com/v2/media/ghs/3fd14910-4e19-44b8-9458-8198d6717f0e/55500e78-40f8-4d9d-ab01-52f2d67a5765_1103902310.jpeg?h=225&w=225
295208822,Leo Bancroft Therm Brush Small,https://www.tesco.com/groceries/en-GB/shop/health-and-beauty/all?department=Make%20Up%20%26%20Beauty%20Accessories&viewAll=department&page=,£6.30,£6.30/each,,,/groceries/en-GB/products/295208822,https://digitalcontent.api.tesco.com/v2/media/ghs/986e2302-343b-4c50-aea2-d8c9279fdec0/a1e6d803-4fca-45fb-9f43-69165a579e5f_536847145.jpeg?h=225&w=225
302218310,Eylure Magnetic Lashes Opulent Accent,https://www.tesco.com/groceries/en-GB/shop/health-and-beauty/all?department=Make%20Up%20%26%20Beauty%20Accessories&viewAll=department&page=,£10.00,£10.00/each,,,/groceries/en-GB/products/302218310,https://digitalcontent.api.tesco.com/v2/media/ghs/369c1b76-001e-448c-b666-48ea26cd28c4/160b6a41-8c37-4ae6-b1be-1a49271923c8_1264193156.jpeg?h=225&w=225
284448018,Leo Bancroft Expandable Headband Black,https://www.tesco.com/groceries/en-GB/shop/health-and-beauty/all?department=Make%20Up%20%26%20Beauty%20Accessories&viewAll=department&page=,£2.10,£2.10/each,,,/groceries/en-GB/products/284448018,https://digitalcontent.api.tesco.com/v2/media/ghs/814960b9-5403-4e4d-9592-5671aa313eb6/fd872746-83ad-4f1b-8c52-7871c3a7b923_1637555908.jpeg?h=225&w=225
295208868,Leo Bancroft Styling Brush Gold Label,https://www.tesco.com/groceries/en-GB/shop/health-and-beauty/all?department=Make%20Up%20%26%20Beauty%20Accessories&viewAll=department&page=,£5.00,£5.00/each,,,/groceries/en-GB/products/295208868,https://digitalcontent.api.tesco.com/v2/media/ghs/3361e525-fc59-411b-87d1-9ee970526fbd/94f8bb9c-fd9c-4f1e-94fc-543baf5abdf7_1009400347.jpeg?h=225&w=225
305256547,Ora Domed Powder Brush,https://www.tesco.com/groceries/en-GB/shop/health-and-beauty/all?department=Make%20Up%20%26%20Beauty%20Accessories&viewAll=department&page=,£7.35,£7.35/each,,,/groceries/en-GB/products/305256547,https://digitalcontent.api.tesco.com/v2/media/ghs/b1c7fd74-769c-4d00-be40-5ef53f72e562/c264370d-4a00-4460-a557-e68e03d34eb4_929810158.jpeg?h=225&w=225
305437155,Ora Defining Powder Brush,https://www.tesco.com/groceries/en-GB/shop/health-and-beauty/all?department=Make%20Up%20%26%20Beauty%20Accessories&viewAll=department&page=,£7.00,£7.00/each,,,/groceries/en-GB/products/305437155,https://digitalcontent.api.tesco.com/v2/media/ghs/4aa3f957-48bb-493d-ba3d-5983a1a701fc/fe56b0c6-1b88-4c4e-aa50-e8b07a848dd7_1559896179.jpeg?h=225&w=225
311796492,So Eco Sculpting Set,https://www.tesco.com/groceries/en-GB/shop/health-and-beauty/all?department=Make%20Up%20%26%20Beauty%20Accessories&viewAll=department&page=,£18.00,£18.00/each,£14.00 Clubcard Price,,/groceries/en-GB/products/311796492,https://digitalcontent.api.tesco.com/v2/media/ghs/f178f8c7-cba8-4b76-b61c-b28546b22885/4c280559-5fd6-4f36-b939-03e96becdcd2_36928421.jpeg?h=225&w=225
305254405,Ora Face And Base Brush Set,https://www.tesco.com/groceries/en-GB/shop/health-and-beauty/all?department=Make%20Up%20%26%20Beauty%20Accessories&viewAll=department&page=,£16.00,£16.00/each,,,/groceries/en-GB/products/305254405,https://digitalcontent.api.tesco.com/v2/media/ghs/6ef8b0ac-6376-44c0-9271-ed304b2386f6/fb7ec7e6-7eee-4753-a77c-b0019c1cf0ce_928800666.jpeg?h=225&w=225
305047167,Eylure Luxe Faux Mink Lashes - Bauble,https://www.tesco.com/groceries/en-GB/shop/health-and-beauty/all?department=Make%20Up%20%26%20Beauty%20Accessories&viewAll=department&page=,£8.40,£8.40/each,,,/groceries/en-GB/products/305047167,https://digitalcontent.api.tesco.com/v2/media/ghs/e5519931-b6b8-4374-b931-185173a460b2/912940f3-0dad-4f4d-a643-d60e802013b8_518490695.jpeg?h=225&w=225
311672045,Elegant Touch Nails - Queen Of Hearts,https://www.tesco.com/groceries/en-GB/shop/health-and-beauty/all?department=Make%20Up%20%26%20Beauty%20Accessories&viewAll=department&page=,£6.00,£0.25/each,,,/groceries/en-GB/products/311672045,https://digitalcontent.api.tesco.com/v2/media/ghs/eeafab98-73e4-4bd9-825e-4a46e1b8e12b/9b11d09f-d7ab-41e3-85b9-d40740d45b6f_1206511017.jpeg?h=225&w=225
311264269,Real Techniques Miracle Face & Body Sponge,https://www.tesco.com/groceries/en-GB/shop/health-and-beauty/all?department=Make%20Up%20%26%20Beauty%20Accessories&viewAll=department&page=,£9.00,£9.00/each,£7.00 Clubcard Price,,/groceries/en-GB/products/311264269,https://digitalcontent.api.tesco.com/v2/media/ghs/22acb1c0-b10b-45ed-8243-9859f0eccc5b/265abf8f-d4bb-4db4-b21d-624dba138e28_1084901939.jpeg?h=225&w=225
311251987,Ecotools On The Go Style Make Up Brushes Kit,https://www.tesco.com/groceries/en-GB/shop/health-and-beauty/all?department=Make%20Up%20%26%20Beauty%20Accessories&viewAll=department&page=,£10.00,£10.00/each,,,/groceries/en-GB/products/311251987,https://digitalcontent.api.tesco.com/v2/media/ghs/04c0868a-e6b1-42a0-8879-68d70dd202e0/2dcd8eff-96b7-4a06-ad3c-851401d7d7d6_413981994.jpeg?h=225&w=225
310652877,Elegant Touch Nails White Out,https://www.tesco.com/groceries/en-GB/shop/health-and-beauty/all?department=Make%20Up%20%26%20Beauty%20Accessories&viewAll=department&page=,£5.00,£0.21/each,,,/groceries/en-GB/products/310652877,https://digitalcontent.api.tesco.com/v2/media/ghs/629e7981-5e99-4fc0-b5a8-3629a4cb168f/4c291044-4089-4fcd-80e3-263bbcced61a_1185878422.jpeg?h=225&w=225
312224840,Eylure Fluttery Light Lashes,https://www.tesco.com/groceries/en-GB/shop/health-and-beauty/all?department=Make%20Up%20%26%20Beauty%20Accessories&viewAll=department&page=,£4.60,£4.60/each,,,/groceries/en-GB/products/312224840,https://digitalcontent.api.tesco.com/v2/media/ghs/4d960dff-1c76-43f5-a004-7bda6f369e0a/3964f92f-921e-49fc-bf12-c1350aef9151_213712214.jpeg?h=225&w=225
311428088,W7 Glamorous Nails French Amour Set,https://www.tesco.com/groceries/en-GB/shop/health-and-beauty/all?department=Make%20Up%20%26%20Beauty%20Accessories&viewAll=department&page=,£4.00,£4.00/each,Any 3 for 2 Clubcard Price - Cheapest Product Free - Selected Cosmetics,,/groceries/en-GB/products/311428088,https://digitalcontent.api.tesco.com/v2/media/ghs/ba89ab4f-c325-4fa6-9dce-9cdae87cd737/eacb0c8d-a289-4f2e-b939-de9020c359c9_2022932008.jpeg?h=225&w=225
308833292,Eylure Full & Fluttery 3D Lashes 183,https://www.tesco.com/groceries/en-GB/shop/health-and-beauty/all?department=Make%20Up%20%26%20Beauty%20Accessories&viewAll=department&page=,£4.60,£4.60/each,,,/groceries/en-GB/products/308833292,https://digitalcontent.api.tesco.com/v2/media/ghs/7c5e73bc-f9e9-49a5-836a-753c153e96c0/555488a6-03b2-4a98-bd45-c58ee0e27af7_659250730.jpeg?h=225&w=225
305250899,Butter London Palace Pastels Nail Polish 4 X 6Ml,https://www.tesco.com/groceries/en-GB/shop/health-and-beauty/all?department=Make%20Up%20%26%20Beauty%20Accessories&viewAll=department&page=,£15.00,£62.50/100ml,,,/groceries/en-GB/products/305250899,https://digitalcontent.api.tesco.com/v2/media/ghs-mktg/b0b04216-fa73-466d-a9d7-c9fcfa1ce9b3/no-image.jpeg
311797986,Nivea Natural Radiance Mask Gift Set,https://www.tesco.com/groceries/en-GB/shop/health-and-beauty/all?department=Perfumes%2C%20Aftershaves%20%26%20Gift%20Sets&viewAll=department&page=,£12.00,£12.00/each,£6.00 Clubcard Price,,/groceries/en-GB/products/311797986,https://digitalcontent.api.tesco.com/v2/media/ghs/83f689fa-f4a2-4bf4-a9f3-b827683f1672/cf4783a5-432a-4ee8-9b3d-4736132439c2_158692100.jpeg?h=225&w=225
312223236,Nivea Totally Pampered Gift Set,https://www.tesco.com/groceries/en-GB/shop/health-and-beauty/all?department=Perfumes%2C%20Aftershaves%20%26%20Gift%20Sets&viewAll=department&page=,£12.00,£12.00/each,£6.00 Clubcard Price,,/groceries/en-GB/products/312223236,https://digitalcontent.api.tesco.com/v2/media/ghs/a4f45962-171d-4a48-9f71-d6f0319b09be/bdff1f9d-04b9-4611-b0f5-8e9336bfcaa0_258465763.jpeg?h=225&w=225
312360931,Nivea Luxurious Lips Gift Set,https://www.tesco.com/groceries/en-GB/shop/health-and-beauty/all?department=Perfumes%2C%20Aftershaves%20%26%20Gift%20Sets&viewAll=department&page=,£10.00,£10.00/each,£5.00 Clubcard Price,,/groceries/en-GB/products/312360931,https://digitalcontent.api.tesco.com/v2/media/ghs/f11e4285-2f10-4a3a-b405-f4b528cbcfb3/a663fe67-2eef-4a8d-8e4c-6259a018d440_1334043373.jpeg?h=225&w=225
312362747,Nivea Rainbow Night In,https://www.tesco.com/groceries/en-GB/shop/health-and-beauty/all?department=Perfumes%2C%20Aftershaves%20%26%20Gift%20Sets&viewAll=department&page=,£11.00,£11.00/each,£5.50 Clubcard Price,,/groceries/en-GB/products/312362747,https://digitalcontent.api.tesco.com/v2/media/ghs/3e4d0bf5-7f71-40c1-8c5b-1c2283b16e82/8c4237a0-59b2-4ff2-a763-05d9dd64a76f_1913999830.jpeg?h=225&w=225
312216697,Baylis & Harding Beauticology Bath Bombs 4X120g,https://www.tesco.com/groceries/en-GB/shop/health-and-beauty/all?department=Perfumes%2C%20Aftershaves%20%26%20Gift%20Sets&viewAll=department&page=,£12.00,£2.50/100g,£6.00 Clubcard Price,,/groceries/en-GB/products/312216697,https://digitalcontent.api.tesco.com/v2/media/ghs/a69b1585-81ed-4d77-b43a-f637cfa58cd6/a7da4219-333c-4c16-b1bd-91dee4c7b48c_25778695.jpeg?h=225&w=225
311427999,Nivea Rainbow Lips Gift Set,https://www.tesco.com/groceries/en-GB/shop/health-and-beauty/all?department=Perfumes%2C%20Aftershaves%20%26%20Gift%20Sets&viewAll=department&page=,£7.50,£52.09/100g,£3.75 Clubcard Price,,/groceries/en-GB/products/311427999,https://digitalcontent.api.tesco.com/v2/media/ghs/54b17945-c9ea-4970-a116-5577041df292/00e7c7f9-140d-401f-a2d1-47d0e727d403_1293420123.jpeg?h=225&w=225
312208854,W7 Pout Perfection Lip Essentials Set,https://www.tesco.com/groceries/en-GB/shop/health-and-beauty/all?department=Perfumes%2C%20Aftershaves%20%26%20Gift%20Sets&viewAll=department&page=,£10.00,£10.00/each,£5.00 Clubcard Price,,/groceries/en-GB/products/312208854,https://digitalcontent.api.tesco.com/v2/media/ghs/70c6a6f0-31d6-41ff-aa92-7f275889501a/337642dc-3b0b-4d89-a1a9-c13d732e5fdb_1604218650.jpeg?h=225&w=225
312348327,Baylis & Harding Fig & Pomegranate Keepsake Box Set,https://www.tesco.com/groceries/en-GB/shop/health-and-beauty/all?department=Perfumes%2C%20Aftershaves%20%26%20Gift%20Sets&viewAll=department&page=,£12.00,£12.00/each,£6.00 Clubcard Price,,/groceries/en-GB/products/312348327,https://digitalcontent.api.tesco.com/v2/media/ghs/828e5e76-14a8-41e2-beeb-cd83c779593c/8d6c8ff8-fa63-4447-baab-7cc4b08eba66_43742817.jpeg?h=225&w=225
312105048,Nivea Men Sensitive Xl Gift Set,https://www.tesco.com/groceries/en-GB/shop/health-and-beauty/all?department=Perfumes%2C%20Aftershaves%20%26%20Gift%20Sets&viewAll=department&page=,£8.00,£8.00/each,£4.00 Clubcard Price,,/groceries/en-GB/products/312105048,https://digitalcontent.api.tesco.com/v2/media/ghs/e05a2b21-cba6-405e-a609-299a5fc79ba8/ec0b9962-6e63-43e1-9f76-d8ea57a562ea_1625784029.jpeg?h=225&w=225
311939059,Baby Shark Bath Gift Set,https://www.tesco.com/groceries/en-GB/shop/health-and-beauty/all?department=Perfumes%2C%20Aftershaves%20%26%20Gift%20Sets&viewAll=department&page=,£12.00,£12.00/each,£6.00 Clubcard Price,,/groceries/en-GB/products/311939059,https://digitalcontent.api.tesco.com/v2/media/ghs/acf3f903-14b4-44f0-ad84-abe7b475b904/1c4f6857-cc04-4a48-b0ac-c20af9fff341_548363584.jpeg?h=225&w=225
312340039,Baylis & Harding Wild Fig & Pomegranate Bath Bombs 3 X 100G,https://www.tesco.com/groceries/en-GB/shop/health-and-beauty/all?department=Perfumes%2C%20Aftershaves%20%26%20Gift%20Sets&viewAll=department&page=,£9.00,£3.00/100g,£4.50 Clubcard Price,,/groceries/en-GB/products/312340039,https://digitalcontent.api.tesco.com/v2/media/ghs/ba9a8303-fca9-4cda-a987-7c2ebc590b9c/464ecba1-41f7-42bc-9df6-22833fcc830d_750360236.jpeg?h=225&w=225
311425270,"Baylis & Harding Jojoba, Vanilla & Almond Oil 2 Piece Gift Set",https://www.tesco.com/groceries/en-GB/shop/health-and-beauty/all?department=Perfumes%2C%20Aftershaves%20%26%20Gift%20Sets&viewAll=department&page=,£9.00,£9.00/each,£4.50 Clubcard Price,,/groceries/en-GB/products/311425270,https://digitalcontent.api.tesco.com/v2/media/ghs/36253d09-7bb1-4c74-9aa4-75905c7547bc/7f91bc1f-d607-4b9a-b75b-a4c14663c994_579293085.jpeg?h=225&w=225
312217054,Baylis & Harding Wild Fig & Pomegranate Trio Gift Set,https://www.tesco.com/groceries/en-GB/shop/health-and-beauty/all?department=Perfumes%2C%20Aftershaves%20%26%20Gift%20Sets&viewAll=department&page=,£9.00,£9.00/each,£4.50 Clubcard Price,,/groceries/en-GB/products/312217054,https://digitalcontent.api.tesco.com/v2/media/ghs/b3527cc3-9907-4314-bae7-a81681dc9b3a/9c182bd2-126c-4c6d-a8a6-4c3a8c0ba8b5_999180414.jpeg?h=225&w=225
312099555,Hey Duggee Bath Crayons & Wash Mitt Set,https://www.tesco.com/groceries/en-GB/shop/health-and-beauty/all?department=Perfumes%2C%20Aftershaves%20%26%20Gift%20Sets&viewAll=department&page=,£10.00,£3.34/each,£5.00 Clubcard Price,,/groceries/en-GB/products/312099555,https://digitalcontent.api.tesco.com/v2/media/ghs/c9604b02-11ec-4162-943d-c9f3c7ad3b31/1fcc5145-f43e-42d6-a1e7-986950aea234_987241349.jpeg?h=225&w=225
312359064,Nivea Natural Trio Gift Set,https://www.tesco.com/groceries/en-GB/shop/health-and-beauty/all?department=Perfumes%2C%20Aftershaves%20%26%20Gift%20Sets&viewAll=department&page=,£12.00,£12.00/each,£6.00 Clubcard Price,,/groceries/en-GB/products/312359064,https://digitalcontent.api.tesco.com/v2/media/ghs/f7cbfc1d-4e96-447a-bf60-32f7da4e840d/751075f5-3c12-458b-b983-259b4f6d6863_1992909662.jpeg?h=225&w=225
311935490,Masking Pamper Nights Gift Set,https://www.tesco.com/groceries/en-GB/shop/health-and-beauty/all?department=Perfumes%2C%20Aftershaves%20%26%20Gift%20Sets&viewAll=department&page=,£8.00,£2.00/each,£4.00 Clubcard Price,,/groceries/en-GB/products/311935490,https://digitalcontent.api.tesco.com/v2/media/ghs/a4613878-6918-4fcc-9170-1f00022bc4a8/93be424b-5c16-4bff-9596-63c5de00f57c_539943075.jpeg?h=225&w=225
312368865,Baylis & Harding Boudoire Rose Hand Cream 3X50ml,https://www.tesco.com/groceries/en-GB/shop/health-and-beauty/all?department=Perfumes%2C%20Aftershaves%20%26%20Gift%20Sets&viewAll=department&page=,£8.00,£5.34/100ml,£4.00 Clubcard Price,,/groceries/en-GB/products/312368865,https://digitalcontent.api.tesco.com/v2/media/ghs/097839be-6f1e-46b5-909c-1536ef30765b/a2877cbb-f114-403a-a494-e4aff686253b_1873506265.jpeg?h=225&w=225
312365684,L'oreal Men Expert Magnesium Defence Gift Set,https://www.tesco.com/groceries/en-GB/shop/health-and-beauty/all?department=Perfumes%2C%20Aftershaves%20%26%20Gift%20Sets&viewAll=department&page=,£7.00,£7.00/each,£3.50 Clubcard Price,,/groceries/en-GB/products/312365684,https://digitalcontent.api.tesco.com/v2/media/ghs/4e872302-067e-4297-8768-ca22a753c915/85515ea6-7a98-44eb-b213-82ef38858468_773176282.jpeg?h=225&w=225
312096869,Body Mist By So...? Body Mist Set 4X50ml,https://www.tesco.com/groceries/en-GB/shop/health-and-beauty/all?department=Perfumes%2C%20Aftershaves%20%26%20Gift%20Sets&viewAll=department&page=,£10.00,£5.00/100ml,£5.00 Clubcard Price,,/groceries/en-GB/products/312096869,https://digitalcontent.api.tesco.com/v2/media/ghs/b0728209-69af-4013-a8c6-402d80b2f05b/03da6fc8-8f3c-48a8-a6e2-addf7eb7d721_1284047848.jpeg?h=225&w=225
312341574,"Baylis & Harding Jojoba, Vanilla & Almond Oil Hand Cream 3 X 50Ml",https://www.tesco.com/groceries/en-GB/shop/health-and-beauty/all?department=Perfumes%2C%20Aftershaves%20%26%20Gift%20Sets&viewAll=department&page=,£8.00,£5.34/100ml,£4.00 Clubcard Price,,/groceries/en-GB/products/312341574,https://digitalcontent.api.tesco.com/v2/media/ghs/e967a820-2a12-488d-acbe-5b539768831c/fa810ae0-ebaf-412f-ab76-bad41711d09c_1650032986.jpeg?h=225&w=225
312587147,Peppa Pig Topsy Turvy Bath Beads 150G,https://www.tesco.com/groceries/en-GB/shop/health-and-beauty/all?department=Perfumes%2C%20Aftershaves%20%26%20Gift%20Sets&viewAll=department&page=,£8.00,£5.34/100g,£4.00 Clubcard Price,,/groceries/en-GB/products/312587147,https://digitalcontent.api.tesco.com/v2/media/ghs/87011860-a429-4486-ba5e-d59647a8c28f/bd3e2ce7-4284-4e81-9f56-f85490f0390c_844023207.jpeg?h=225&w=225
312083061,Disney Princess Nail Set 10 X 2Ml,https://www.tesco.com/groceries/en-GB/shop/health-and-beauty/all?department=Perfumes%2C%20Aftershaves%20%26%20Gift%20Sets&viewAll=department&page=,£7.00,£35.00/100ml,£3.50 Clubcard Price,,/groceries/en-GB/products/312083061,https://digitalcontent.api.tesco.com/v2/media/ghs/7608fc9e-efbb-403d-9e1d-f4f871f21729/e806eebd-15a0-45cf-a4a7-4c3f93e736be_1990187838.jpeg?h=225&w=225
312218220,Super Mario Yoshi Egg Bath Bomb 150G,https://www.tesco.com/groceries/en-GB/shop/health-and-beauty/all?department=Perfumes%2C%20Aftershaves%20%26%20Gift%20Sets&viewAll=department&page=,£5.00,£3.34/100g,£2.50 Clubcard Price,,/groceries/en-GB/products/312218220,https://digitalcontent.api.tesco.com/v2/media/ghs/82a54e9b-66b4-4f22-be2c-67822b9fd088/09e75528-8d53-44d6-a011-83686ee3a332_2074957671.jpeg?h=225&w=225
312101997,Baylis & Harding Fuzzy Duck Hemp & Bergamot Mens Duo Set,https://www.tesco.com/groceries/en-GB/shop/health-and-beauty/all?department=Perfumes%2C%20Aftershaves%20%26%20Gift%20Sets&viewAll=department&page=,£9.00,£9.00/each,£4.50 Clubcard Price,,/groceries/en-GB/products/312101997,https://digitalcontent.api.tesco.com/v2/media/ghs/72438907-1fd5-44eb-b9f5-2ecd3c45775d/9bf7d4aa-ecc3-437f-b105-4b64f60b9125_1559290020.jpeg?h=225&w=225
312357890,Lynx Black Duo Gift Set,https://www.tesco.com/groceries/en-GB/shop/health-and-beauty/all?department=Perfumes%2C%20Aftershaves%20%26%20Gift%20Sets&viewAll=department&page=,£7.00,£3.50/each,£3.00 Clubcard Price,,/groceries/en-GB/products/312357890,https://digitalcontent.api.tesco.com/v2/media/ghs/98c38294-fc21-4950-a874-a532f347b47c/dbc9719e-affc-4975-839c-447c25fe056e_407862576.jpeg?h=225&w=225
312233117,Baylis & Harding Sweet Mandarin & Grapefruit Bath Bomb 3X100g,https://www.tesco.com/groceries/en-GB/shop/health-and-beauty/all?department=Perfumes%2C%20Aftershaves%20%26%20Gift%20Sets&viewAll=department&page=,£9.00,£3.00/100g,£4.50 Clubcard Price,,/groceries/en-GB/products/312233117,https://digitalcontent.api.tesco.com/v2/media/ghs/b438c296-0e6c-4306-a145-d06f92183204/5a22b520-384e-446c-a3c9-7af142057d5a_460774050.jpeg?h=225&w=225
311942924,Fizz The Season Gingerbread Face Sheet Mask 20Ml,https://www.tesco.com/groceries/en-GB/shop/health-and-beauty/all?department=Perfumes%2C%20Aftershaves%20%26%20Gift%20Sets&viewAll=department&page=,£3.00,"£15,000.00/100ml",£1.50 Clubcard Price,,/groceries/en-GB/products/311942924,https://digitalcontent.api.tesco.com/v2/media/ghs/ec9ee0b1-639b-469b-b1dd-354ede104f37/4eda8f23-6462-4d81-82cd-c9e4f434aa2a_381158882.jpeg?h=225&w=225
312084296,Bulldog Original Skincare Duo Set,https://www.tesco.com/groceries/en-GB/shop/health-and-beauty/all?department=Perfumes%2C%20Aftershaves%20%26%20Gift%20Sets&viewAll=department&page=,£10.00,£10.00/each,£5.00 Clubcard Price,,/groceries/en-GB/products/312084296,https://digitalcontent.api.tesco.com/v2/media/ghs/9c680d30-30a0-4afb-9333-3bcd60d1c12d/f1bdd2bb-679c-4ac6-ba3d-0bf25ae7af5e_1094486664.jpeg?h=225&w=225
312082177,Disney Frozen Lip Balm & Ring Set,https://www.tesco.com/groceries/en-GB/shop/health-and-beauty/all?department=Perfumes%2C%20Aftershaves%20%26%20Gift%20Sets&viewAll=department&page=,£4.00,£4.00/each,£2.00 Clubcard Price,,/groceries/en-GB/products/312082177,https://digitalcontent.api.tesco.com/v2/media/ghs/a6c177c3-c237-4d0f-b2f9-f0ee8ef00006/f025aa9a-3cc1-48c2-a4fa-b648094bf080_520708976.jpeg?h=225&w=225
311782871,W7 Buff Your Stuff! Set,https://www.tesco.com/groceries/en-GB/shop/health-and-beauty/all?department=Perfumes%2C%20Aftershaves%20%26%20Gift%20Sets&viewAll=department&page=,£10.00,£10.00/each,£5.00 Clubcard Price,,/groceries/en-GB/products/311782871,https://digitalcontent.api.tesco.com/v2/media/ghs/b7cd5fd5-70b3-47b1-95bd-fffbe388377f/cd82efe3-872e-455f-ab82-5961c0a6a2d9_1253223235.jpeg?h=225&w=225
311674014,Impulse To Infinity Beyond Giftset 3X35ml,https://www.tesco.com/groceries/en-GB/shop/health-and-beauty/all?department=Perfumes%2C%20Aftershaves%20%26%20Gift%20Sets&viewAll=department&page=,£5.00,£4.77/100ml,£2.50 Clubcard Price,,/groceries/en-GB/products/311674014,https://digitalcontent.api.tesco.com/v2/media/ghs/b02514e5-0929-4413-8591-53e12846ce24/e302dc53-e2b4-4312-ab34-cd08ad2a455e_27227442.jpeg?h=225&w=225
311942607,Fizz! The Season Penguin Bath Fizzer 150G,https://www.tesco.com/groceries/en-GB/shop/health-and-beauty/all?department=Perfumes%2C%20Aftershaves%20%26%20Gift%20Sets&viewAll=department&page=,£4.00,£2.67/100g,£2.00 Clubcard Price,,/groceries/en-GB/products/311942607,https://digitalcontent.api.tesco.com/v2/media/ghs/ece03db2-4f68-411c-9700-2d2613e8f478/355342ef-e95d-469a-86c6-233f7ad7e1c8_1617153821.jpeg?h=225&w=225
312102414,Disney Encanto Fizz 'N' Mix Bath Bomb 150G,https://www.tesco.com/groceries/en-GB/shop/health-and-beauty/all?department=Perfumes%2C%20Aftershaves%20%26%20Gift%20Sets&viewAll=department&page=,£4.00,£2.67/100g,£2.00 Clubcard Price,,/groceries/en-GB/products/312102414,https://digitalcontent.api.tesco.com/v2/media/ghs/d8e2febf-340c-4dfe-b837-6b2bdec7d7f2/ea0927ae-947a-4032-a98b-478d37a49e79_2062699701.jpeg?h=225&w=225
312221872,Fizz! The Season Reindeer Bath Fizzer 150G,https://www.tesco.com/groceries/en-GB/shop/health-and-beauty/all?department=Perfumes%2C%20Aftershaves%20%26%20Gift%20Sets&viewAll=department&page=,£4.00,£2.67/100g,£2.00 Clubcard Price,,/groceries/en-GB/products/312221872,https://digitalcontent.api.tesco.com/v2/media/ghs/56219f3c-0d63-40fd-bec8-51ae3e14f2cf/3a833e6c-3213-4515-ad36-60dd5f54335d_341260005.jpeg?h=225&w=225
312359337,Baylis & Harding Wild Fig & Pomegranate Hand Cream Set 3X50ml,https://www.tesco.com/groceries/en-GB/shop/health-and-beauty/all?department=Perfumes%2C%20Aftershaves%20%26%20Gift%20Sets&viewAll=department&page=,£8.00,£5.34/100ml,£4.00 Clubcard Price,,/groceries/en-GB/products/312359337,https://digitalcontent.api.tesco.com/v2/media/ghs/97f9c9f1-1f30-49e8-afe3-12a05900e34e/9f9dda99-78da-46c1-8573-a506a767da27_1310389318.jpeg?h=225&w=225
312083118,Vaseline Luscious Lips Collection Gift Set,https://www.tesco.com/groceries/en-GB/shop/health-and-beauty/all?department=Perfumes%2C%20Aftershaves%20%26%20Gift%20Sets&viewAll=department&page=,£7.50,£2.50/each,£3.75 Clubcard Price,,/groceries/en-GB/products/312083118,https://digitalcontent.api.tesco.com/v2/media/ghs/5291ec9e-b15f-4f54-b1e2-cdeefbd54b2c/5a4aa9dc-052f-4f81-9a3f-547ed689a6f8_678772468.jpeg?h=225&w=225
312357930,Feather & Down Relax & Unwind Gift Set,https://www.tesco.com/groceries/en-GB/shop/health-and-beauty/all?department=Perfumes%2C%20Aftershaves%20%26%20Gift%20Sets&viewAll=department&page=,£12.00,£12.00/each,£6.00 Clubcard Price,,/groceries/en-GB/products/312357930,https://digitalcontent.api.tesco.com/v2/media/ghs/746ad92e-42cb-485f-9e8b-9f7867af7326/10a62fd7-6535-4a6e-a31b-326a13f308b0_1990903574.jpeg?h=225&w=225
311779187,Cocomelon Face & Body Bath Paint Set,https://www.tesco.com/groceries/en-GB/shop/health-and-beauty/all?department=Perfumes%2C%20Aftershaves%20%26%20Gift%20Sets&viewAll=department&page=,£9.00,£9.00/each,£4.50 Clubcard Price,,/groceries/en-GB/products/311779187,https://digitalcontent.api.tesco.com/v2/media/ghs/aaba3784-444d-480b-aad6-f65f845736df/cacf2589-d5cd-4148-9621-116f258487f1_1016345519.jpeg?h=225&w=225
312847045,Nerf Trigger Bath & Shower Gel 300Ml,https://www.tesco.com/groceries/en-GB/shop/health-and-beauty/all?department=Perfumes%2C%20Aftershaves%20%26%20Gift%20Sets&viewAll=department&page=,£6.00,£2.00/100ml,£3.00 Clubcard Price,,/groceries/en-GB/products/312847045,https://digitalcontent.api.tesco.com/v2/media/ghs/16ccf019-ec4a-4e0e-a882-ddf5efe8b3e4/28f0656c-e148-4998-9dab-d609818d7d82_856185066.jpeg?h=225&w=225
309195111,Fizz The Season Gingerbread Bath Bomb 150G,https://www.tesco.com/groceries/en-GB/shop/health-and-beauty/all?department=Perfumes%2C%20Aftershaves%20%26%20Gift%20Sets&viewAll=department&page=,£4.00,£2.67/100g,£2.00 Clubcard Price,,/groceries/en-GB/products/309195111,https://digitalcontent.api.tesco.com/v2/media/ghs/afa5198c-5f05-4dc2-a352-9fed116a00ea/396ee68e-33ad-475b-be05-cf81d0efa284_1624869393.jpeg?h=225&w=225
312349030,Dove Gently Nourishing Bodywash Collection,https://www.tesco.com/groceries/en-GB/shop/health-and-beauty/all?department=Perfumes%2C%20Aftershaves%20%26%20Gift%20Sets&viewAll=department&page=,£7.50,£3.75/each,£3.75 Clubcard Price,,/groceries/en-GB/products/312349030,https://digitalcontent.api.tesco.com/v2/media/ghs/b1bd9526-4f53-4133-a788-78338949eac9/81c3c2c7-5acc-438a-950d-800ed2e15bc6_1510381279.jpeg?h=225&w=225
312346427,Dove Men+Care Sports Active Bodywash & Socks,https://www.tesco.com/groceries/en-GB/shop/health-and-beauty/all?department=Perfumes%2C%20Aftershaves%20%26%20Gift%20Sets&viewAll=department&page=,£7.50,£7.50/each,£3.75 Clubcard Price,,/groceries/en-GB/products/312346427,https://digitalcontent.api.tesco.com/v2/media/ghs/2d675917-5ff4-42ff-95c0-958904e1af73/559f6b01-f5df-4436-b412-3021f103b4b7_2082914348.jpeg?h=225&w=225
312365753,Lynx Epic Fresh Duo Gift Set,https://www.tesco.com/groceries/en-GB/shop/health-and-beauty/all?department=Perfumes%2C%20Aftershaves%20%26%20Gift%20Sets&viewAll=department&page=,£7.00,£3.50/each,£3.00 Clubcard Price,,/groceries/en-GB/products/312365753,https://digitalcontent.api.tesco.com/v2/media/ghs/e61e2ecd-e7cc-4fb5-854f-aedcd28ea16d/fa303435-896b-4411-a61f-136024a46728_1502048200.jpeg?h=225&w=225
312341764,Lynx Attract For Her Duo Gift Set,https://www.tesco.com/groceries/en-GB/shop/health-and-beauty/all?department=Perfumes%2C%20Aftershaves%20%26%20Gift%20Sets&viewAll=department&page=,£7.00,£3.50/each,£3.00 Clubcard Price,,/groceries/en-GB/products/312341764,https://digitalcontent.api.tesco.com/v2/media/ghs/f25e2d41-15d7-40ce-b411-77854b918caf/db767c69-eb81-45f8-b896-84f5397dcb7a_502208284.jpeg?h=225&w=225
312084722,Dove Men+Care Daily Care Duo Gift Set,https://www.tesco.com/groceries/en-GB/shop/health-and-beauty/all?department=Perfumes%2C%20Aftershaves%20%26%20Gift%20Sets&viewAll=department&page=,£8.00,£4.00/each,£4.00 Clubcard Price,,/groceries/en-GB/products/312084722,https://digitalcontent.api.tesco.com/v2/media/ghs/9736f88e-66cb-4ae6-8e00-4cfe79baaacd/1fa4fada-13e1-4193-9463-303d9849dacc_2083617785.jpeg?h=225&w=225
312345921,Lynx Gold Duo Gift Set,https://www.tesco.com/groceries/en-GB/shop/health-and-beauty/all?department=Perfumes%2C%20Aftershaves%20%26%20Gift%20Sets&viewAll=department&page=,£7.00,£3.50/each,£3.00 Clubcard Price,,/groceries/en-GB/products/312345921,https://digitalcontent.api.tesco.com/v2/media/ghs/3d2dc028-8b78-4481-ac85-be9376821cfe/7e76d78a-46fa-47b9-935d-1b69d00ce443_480866423.jpeg?h=225&w=225
312349767,Lynx Africa Duo Gift Set,https://www.tesco.com/groceries/en-GB/shop/health-and-beauty/all?department=Perfumes%2C%20Aftershaves%20%26%20Gift%20Sets&viewAll=department&page=,£7.00,£3.50/each,£3.00 Clubcard Price,,/groceries/en-GB/products/312349767,https://digitalcontent.api.tesco.com/v2/media/ghs/931544c5-1c14-4ed2-a926-dafd1b9ad928/12d2b93c-a6d4-4e9c-adaa-cef87877a669_1715156016.jpeg?h=225&w=225
312208036,Dove Men+Care Daily Care Trio Gift Set,https://www.tesco.com/groceries/en-GB/shop/health-and-beauty/all?department=Perfumes%2C%20Aftershaves%20%26%20Gift%20Sets&viewAll=department&page=,£11.00,£3.67/each,£5.50 Clubcard Price,,/groceries/en-GB/products/312208036,https://digitalcontent.api.tesco.com/v2/media/ghs/c6931f3e-d109-45e2-bece-4488de393788/efeafd7d-0d60-4b13-b693-1f26353b9650_1953609340.jpeg?h=225&w=225
312342832,Nivea Men The Full Works Gift Set,https://www.tesco.com/groceries/en-GB/shop/health-and-beauty/all?department=Perfumes%2C%20Aftershaves%20%26%20Gift%20Sets&viewAll=department&page=,£20.00,£20.00/each,£10.00 Clubcard Price,,/groceries/en-GB/products/312342832,https://digitalcontent.api.tesco.com/v2/media/ghs/077d0178-7c31-41a6-a649-f1e1f1cc16a9/9adf3cd5-3241-41ad-a518-cb0b60b45eed_541923901.jpeg?h=225&w=225
312363070,Nivea Pampering Indulgence Gift Set,https://www.tesco.com/groceries/en-GB/shop/health-and-beauty/all?department=Perfumes%2C%20Aftershaves%20%26%20Gift%20Sets&viewAll=department&page=,£20.00,£20.00/each,£10.00 Clubcard Price,,/groceries/en-GB/products/312363070,https://digitalcontent.api.tesco.com/v2/media/ghs/a13bfb49-8404-4810-a0f5-7d79a9d24241/45c2f5ef-f726-4fbf-bd03-e71c52f5524b_146152039.jpeg?h=225&w=225
311943981,Bulldog Original Ultimate Grooming Kit,https://www.tesco.com/groceries/en-GB/shop/health-and-beauty/all?department=Perfumes%2C%20Aftershaves%20%26%20Gift%20Sets&viewAll=department&page=,£25.00,£25.00/each,£12.50 Clubcard Price,,/groceries/en-GB/products/311943981,https://digitalcontent.api.tesco.com/v2/media/ghs/b238d54a-91fc-4aaa-90db-4d1e43531d2e/595e6705-86cb-41e1-8c13-3da3da99b664_1794027608.jpeg?h=225&w=225
312342008,Gillette Fusion 5 Precise Gift Set,https://www.tesco.com/groceries/en-GB/shop/health-and-beauty/all?department=Perfumes%2C%20Aftershaves%20%26%20Gift%20Sets&viewAll=department&page=,£16.00,£16.00/each,£8.00 Clubcard Price,,/groceries/en-GB/products/312342008,https://digitalcontent.api.tesco.com/v2/media/ghs/21bed9d6-eacb-4da5-bd18-f2c058350047/11f2afce-7b42-49c9-9e06-eb72787f0f68_509673717.jpeg?h=225&w=225
312226711,Nivea Natural Collection Gift Set,https://www.tesco.com/groceries/en-GB/shop/health-and-beauty/all?department=Perfumes%2C%20Aftershaves%20%26%20Gift%20Sets&viewAll=department&page=,£14.00,£14.00/each,£7.00 Clubcard Price,,/groceries/en-GB/products/312226711,https://digitalcontent.api.tesco.com/v2/media/ghs/681c5c4c-5b35-4533-a7ea-8b80873e3d35/6005f8fa-b4e3-45a0-9f33-d829d802ccc9_1836929156.jpeg?h=225&w=225
312348912,Nivea Men Get Ready Wash Kit Gift Set,https://www.tesco.com/groceries/en-GB/shop/health-and-beauty/all?department=Perfumes%2C%20Aftershaves%20%26%20Gift%20Sets&viewAll=department&page=,£13.00,£13.00/each,£6.50 Clubcard Price,,/groceries/en-GB/products/312348912,https://digitalcontent.api.tesco.com/v2/media/ghs/788fe06c-eb79-4d35-bb1e-a40733a857fe/a7da8e2a-f0c1-4ff6-909e-0482b9469d33_526611657.jpeg?h=225&w=225
312209444,Nivea Rainbow Soft Skin Gift Set,https://www.tesco.com/groceries/en-GB/shop/health-and-beauty/all?department=Perfumes%2C%20Aftershaves%20%26%20Gift%20Sets&viewAll=department&page=,£12.00,£12.00/each,£6.00 Clubcard Price,,/groceries/en-GB/products/312209444,https://digitalcontent.api.tesco.com/v2/media/ghs/1cc3b19c-b3e5-41bb-bb71-cae1119730bf/00920734-6434-45b5-8816-d255a218c52d_2085355204.jpeg?h=225&w=225
312707085,David Beckham Instinct Fragrance Set,https://www.tesco.com/groceries/en-GB/shop/health-and-beauty/all?department=Perfumes%2C%20Aftershaves%20%26%20Gift%20Sets&viewAll=department&page=,£20.00,£20.00/each,,,/groceries/en-GB/products/312707085,https://digitalcontent.api.tesco.com/v2/media/ghs/52742f52-955c-435e-878f-70a7de1d7bf8/a6b6dcbb-56c8-424e-9e13-4782020d90a8_61253618.jpeg?h=225&w=225
312232352,Lynx Epic Fresh Washbag Gift Set,https://www.tesco.com/groceries/en-GB/shop/health-and-beauty/all?department=Perfumes%2C%20Aftershaves%20%26%20Gift%20Sets&viewAll=department&page=,£14.00,£4.67/each,£7.00 Clubcard Price,,/groceries/en-GB/products/312232352,https://digitalcontent.api.tesco.com/v2/media/ghs/9c5e98f2-afb0-4319-b056-3a28a362b3c3/68648b3f-5d93-4f15-ad66-c65472938610_614061411.jpeg?h=225&w=225
311690196,Nivea Natural Indulgence Gift Set,https://www.tesco.com/groceries/en-GB/shop/health-and-beauty/all?department=Perfumes%2C%20Aftershaves%20%26%20Gift%20Sets&viewAll=department&page=,£20.00,£20.00/each,£10.00 Clubcard Price,,/groceries/en-GB/products/311690196,https://digitalcontent.api.tesco.com/v2/media/ghs/1f0ca2fc-b52c-479c-a223-c26b651abbf5/d7e00dd4-d7e8-4856-8e5b-05d7a76b19bb_942879880.jpeg?h=225&w=225
312365782,Baylis & Harding Boudoire Rose Luxury Wash Bag Set,https://www.tesco.com/groceries/en-GB/shop/health-and-beauty/all?department=Perfumes%2C%20Aftershaves%20%26%20Gift%20Sets&viewAll=department&page=,£20.00,£20.00/each,£9.00 Clubcard Price,,/groceries/en-GB/products/312365782,https://digitalcontent.api.tesco.com/v2/media/ghs/c4064d3f-ba13-4ab0-9eba-aebcf25f3173/6e9ed153-70e1-4952-a041-566347f36357_1364774874.jpeg?h=225&w=225
312345719,Dove Blissfully Relaxing Beauty Bag Gift Set,https://www.tesco.com/groceries/en-GB/shop/health-and-beauty/all?department=Perfumes%2C%20Aftershaves%20%26%20Gift%20Sets&viewAll=department&page=,£14.00,£4.67/each,£7.00 Clubcard Price,,/groceries/en-GB/products/312345719,https://digitalcontent.api.tesco.com/v2/media/ghs/9e82af5f-2395-4398-8ddf-eb6986770361/1f54b958-b42b-4c3e-b3d1-5d1a71d5590e_9306958.jpeg?h=225&w=225
311954789,Dove Men+Care Daily Care Washbag Gift Set,https://www.tesco.com/groceries/en-GB/shop/health-and-beauty/all?department=Perfumes%2C%20Aftershaves%20%26%20Gift%20Sets&viewAll=department&page=,£14.00,£3.50/each,£7.00 Clubcard Price,,/groceries/en-GB/products/311954789,https://digitalcontent.api.tesco.com/v2/media/ghs/44a0b137-67ff-49f9-b0e9-b21a260272eb/2c69f210-1a30-4921-8f79-b5fe81497efa_74408911.jpeg?h=225&w=225
312363778,Toni & Guy Gift Set,https://www.tesco.com/groceries/en-GB/shop/health-and-beauty/all?department=Perfumes%2C%20Aftershaves%20%26%20Gift%20Sets&viewAll=department&page=,£18.00,£4.50/each,£9.00 Clubcard Price,,/groceries/en-GB/products/312363778,https://digitalcontent.api.tesco.com/v2/media/ghs/c215f614-ec37-4444-b085-2e4caf25646a/517a2649-fc47-44c1-8694-d6b1921d106d_1584895618.jpeg?h=225&w=225
312349623,L'oreal Paris Beauty Like A Boss Giftset,https://www.tesco.com/groceries/en-GB/shop/health-and-beauty/all?department=Perfumes%2C%20Aftershaves%20%26%20Gift%20Sets&viewAll=department&page=,£20.00,£20.00/each,£10.00 Clubcard Price,,/groceries/en-GB/products/312349623,https://digitalcontent.api.tesco.com/v2/media/ghs/e8395614-b908-425b-8261-cdcc541f31a4/5a21cb95-961e-4466-b70f-3cc74240f4b1_192898830.jpeg?h=225&w=225
312100261,Baylis & Harding Beauticology Bath Sprinkles 5 Pack,https://www.tesco.com/groceries/en-GB/shop/health-and-beauty/all?department=Perfumes%2C%20Aftershaves%20%26%20Gift%20Sets&viewAll=department&page=,£8.00,£2.67/each,£4.00 Clubcard Price,,/groceries/en-GB/products/312100261,https://digitalcontent.api.tesco.com/v2/media/ghs/b734d777-7231-41bb-8ced-166e89203ef7/4428c50e-340c-40d9-b997-33365e1902f0_1138383882.jpeg?h=225&w=225
312211135,Leo Bancroft Sleep Set Gift Set,https://www.tesco.com/groceries/en-GB/shop/health-and-beauty/all?department=Perfumes%2C%20Aftershaves%20%26%20Gift%20Sets&viewAll=department&page=,£12.00,£12.00/each,£6.00 Clubcard Price,,/groceries/en-GB/products/312211135,https://digitalcontent.api.tesco.com/v2/media/ghs/e2864db5-acc2-4e1b-97f5-ca9f8454b882/a4daf0fe-e422-4331-b065-a6b81afe2ca9_1495595472.jpeg?h=225&w=225
312349525,Real Techniques Mini Mistleglow Set,https://www.tesco.com/groceries/en-GB/shop/health-and-beauty/all?department=Perfumes%2C%20Aftershaves%20%26%20Gift%20Sets&viewAll=department&page=,£20.00,£5.00/each,£10.00 Clubcard Price,,/groceries/en-GB/products/312349525,https://digitalcontent.api.tesco.com/v2/media/ghs/6aa029f5-88c8-4add-a34b-d1d285d73f62/8547bd58-cd4b-4f45-b465-61a36b072cb4_1595099061.jpeg?h=225&w=225
312352117,Baylis & Harding Fuzzy Duck Cozy Candlelit Bath Gift Set,https://www.tesco.com/groceries/en-GB/shop/health-and-beauty/all?department=Perfumes%2C%20Aftershaves%20%26%20Gift%20Sets&viewAll=department&page=,£20.00,£20.00/each,£10.00 Clubcard Price,,/groceries/en-GB/products/312352117,https://digitalcontent.api.tesco.com/v2/media/ghs/d3006260-9cf8-4894-9e6f-1595c5d27c41/625d3b43-b8df-4c70-af5e-cd5cde987f77_1888241076.jpeg?h=225&w=225
311271208,Body Mist By So...? Body Mist Set 3X100ml,https://www.tesco.com/groceries/en-GB/shop/health-and-beauty/all?department=Perfumes%2C%20Aftershaves%20%26%20Gift%20Sets&viewAll=department&page=,£12.00,£4.00/100ml,£6.00 Clubcard Price,,/groceries/en-GB/products/311271208,https://digitalcontent.api.tesco.com/v2/media/ghs/859275df-0e65-4868-b354-ccbc1aa6f100/6c569540-a2a8-4e5f-8d25-7f86eed6fb80_935843329.jpeg?h=225&w=225
311938924,Super Mario Shower Gel Set 5 X 40Ml,https://www.tesco.com/groceries/en-GB/shop/health-and-beauty/all?department=Perfumes%2C%20Aftershaves%20%26%20Gift%20Sets&viewAll=department&page=,£10.00,£5.00/100ml,£5.00 Clubcard Price,,/groceries/en-GB/products/311938924,https://digitalcontent.api.tesco.com/v2/media/ghs/e614b573-dc3c-4643-bb0c-ea6b73e6f52a/c6fe31be-ed34-45ae-8fac-4fb0592e8c07_838284816.jpeg?h=225&w=225
312208733,Dove Truly Beauty Bag Gift Set,https://www.tesco.com/groceries/en-GB/shop/health-and-beauty/all?department=Perfumes%2C%20Aftershaves%20%26%20Gift%20Sets&viewAll=department&page=,£12.00,£4.00/each,£6.00 Clubcard Price,,/groceries/en-GB/products/312208733,https://digitalcontent.api.tesco.com/v2/media/ghs/dec1154d-184b-4fe6-bbd0-7bb53ba2482b/8f13afb0-2c67-45a8-98a4-8e11e93459e1_1052531251.jpeg?h=225&w=225
312350655,Lynx Ice Chill Trio & Waterbottle Gift,https://www.tesco.com/groceries/en-GB/shop/health-and-beauty/all?department=Perfumes%2C%20Aftershaves%20%26%20Gift%20Sets&viewAll=department&page=,£14.00,£4.67/each,£7.00 Clubcard Price,,/groceries/en-GB/products/312350655,https://digitalcontent.api.tesco.com/v2/media/ghs/e80776c5-27b5-45a4-9972-76fea71e86b0/4f3baad6-3bd7-439d-b606-61cba5e3776e_1125468479.jpeg?h=225&w=225
312207538,Bulldog Original Expert Shave Gift Set,https://www.tesco.com/groceries/en-GB/shop/health-and-beauty/all?department=Perfumes%2C%20Aftershaves%20%26%20Gift%20Sets&viewAll=department&page=,£20.00,£20.00/each,£10.00 Clubcard Price,,/groceries/en-GB/products/312207538,https://digitalcontent.api.tesco.com/v2/media/ghs/e05ba9b1-c6c8-400b-ab50-3d6964e91a35/5ea0665c-f985-4006-85d9-1d5307fbd8b3_1742502101.jpeg?h=225&w=225
258842149,Nivea Men Sensitive Aftershave Balm 100Ml,https://www.tesco.com/groceries/en-GB/shop/health-and-beauty/all?department=Perfumes%2C%20Aftershaves%20%26%20Gift%20Sets&viewAll=department&page=,£6.00,£6.00/100ml,,,/groceries/en-GB/products/258842149,https://digitalcontent.api.tesco.com/v2/media/ghs/6b56726b-5f0b-47c3-8a07-217b7b86d607/24c5c328-1396-4bf5-b249-0c7e4881ad40_1675316789.jpeg?h=225&w=225
312210355,Disney Encanto Bathtime Selection Box,https://www.tesco.com/groceries/en-GB/shop/health-and-beauty/all?department=Perfumes%2C%20Aftershaves%20%26%20Gift%20Sets&viewAll=department&page=,£10.00,£10.00/each,£5.00 Clubcard Price,,/groceries/en-GB/products/312210355,https://digitalcontent.api.tesco.com/v2/media/ghs/a194b840-2e20-440a-a9e0-5ea832786710/5c6d6921-f47b-43b4-9c25-db133b2537dc_1928080345.jpeg?h=225&w=225
312091978,Marvel Spiderman Bathtime Selection Box,https://www.tesco.com/groceries/en-GB/shop/health-and-beauty/all?department=Perfumes%2C%20Aftershaves%20%26%20Gift%20Sets&viewAll=department&page=,£10.00,£10.00/each,£5.00 Clubcard Price,,/groceries/en-GB/products/312091978,https://digitalcontent.api.tesco.com/v2/media/ghs/0836d43b-bc9c-484b-bf60-699af89bd2fa/7e71fdf9-f968-48e1-8d4d-2914affec768_207164956.jpeg?h=225&w=225
311780487,Bluey Bubble Bath 300Ml,https://www.tesco.com/groceries/en-GB/shop/health-and-beauty/all?department=Perfumes%2C%20Aftershaves%20%26%20Gift%20Sets&viewAll=department&page=,£6.00,£2.00/100ml,£3.00 Clubcard Price,,/groceries/en-GB/products/311780487,https://digitalcontent.api.tesco.com/v2/media/ghs/61c85209-e963-4292-8d56-64720ab05240/4b510feb-5def-4b09-b91a-47e8e7e9b1f0_2136668110.jpeg?h=225&w=225
312215678,Disney Frozen Nail Polish Set,https://www.tesco.com/groceries/en-GB/shop/health-and-beauty/all?department=Perfumes%2C%20Aftershaves%20%26%20Gift%20Sets&viewAll=department&page=,£6.00,£6.00/each,£3.00 Clubcard Price,,/groceries/en-GB/products/312215678,https://digitalcontent.api.tesco.com/v2/media/ghs/ff771683-5f48-4c06-a836-6f93acaa6830/275bfc13-7098-4338-95c3-3af806d0f58e_1097522210.jpeg?h=225&w=225
311782116,Disney Princess Dingle Hopper Hairbrush,https://www.tesco.com/groceries/en-GB/shop/health-and-beauty/all?department=Perfumes%2C%20Aftershaves%20%26%20Gift%20Sets&viewAll=department&page=,£4.00,£4.00/each,£2.00 Clubcard Price,,/groceries/en-GB/products/311782116,https://digitalcontent.api.tesco.com/v2/media/ghs/e43d41f6-476f-4f46-8897-16772ffd6057/4a018190-db98-420b-94e5-f90c0942601a_2004905497.jpeg?h=225&w=225
312218827,Disney Frozen Hairbrush,https://www.tesco.com/groceries/en-GB/shop/health-and-beauty/all?department=Perfumes%2C%20Aftershaves%20%26%20Gift%20Sets&viewAll=department&page=,£6.00,£6.00/each,£3.00 Clubcard Price,,/groceries/en-GB/products/312218827,https://digitalcontent.api.tesco.com/v2/media/ghs/25cf8b42-3194-45a9-a659-82ccc9aa0c3c/21f69258-d602-40fc-873d-7374f3ce44a7_1365355958.jpeg?h=225&w=225
312234920,Lol Surprise Lip Balm 8G,https://www.tesco.com/groceries/en-GB/shop/health-and-beauty/all?department=Perfumes%2C%20Aftershaves%20%26%20Gift%20Sets&viewAll=department&page=,£4.00,£50.00/100g,£2.00 Clubcard Price,,/groceries/en-GB/products/312234920,https://digitalcontent.api.tesco.com/v2/media/ghs/f0b10e10-f64e-470e-bc94-9d9400d3119f/84223f3c-3e6b-493a-843e-3746e6638c55_462578697.jpeg?h=225&w=225
305832689,White Grace Orange Blossom & Honey Hand Care Set,https://www.tesco.com/groceries/en-GB/shop/health-and-beauty/all?department=Perfumes%2C%20Aftershaves%20%26%20Gift%20Sets&viewAll=department&page=,£6.30,£1.58/100ml,£3.00 Clubcard Price,,/groceries/en-GB/products/305832689,https://digitalcontent.api.tesco.com/v2/media/ghs/94830b61-f281-40db-9533-8dd135911ba6/snapshotimagehandler_1197408046.jpeg?h=225&w=225
311798432,Disney Frozen Olaf Bath Fizzer 150G,https://www.tesco.com/groceries/en-GB/shop/health-and-beauty/all?department=Perfumes%2C%20Aftershaves%20%26%20Gift%20Sets&viewAll=department&page=,£5.00,£3.34/100g,£2.50 Clubcard Price,,/groceries/en-GB/products/311798432,https://digitalcontent.api.tesco.com/v2/media/ghs/e5b6f9ae-7380-4812-93ac-262a1f9b2d9d/c36e64ca-75bd-4952-ab65-4bb3f5be4db3_1346948018.jpeg?h=225&w=225
306809169,L'oreal Men Expert Carbon Protect Gift Set,https://www.tesco.com/groceries/en-GB/shop/health-and-beauty/all?department=Perfumes%2C%20Aftershaves%20%26%20Gift%20Sets&viewAll=department&page=,£8.00,£8.00/each,£4.00 Clubcard Price,,/groceries/en-GB/products/306809169,https://digitalcontent.api.tesco.com/v2/media/ghs/a85f3b3e-9700-4022-a2b0-26f1023ba4c8/a850aa3a-1f5f-4662-8f28-cb98a74f6ce1_1213904457.jpeg?h=225&w=225
311952987,L'oreal Men Expert Defence Duo Gift Set,https://www.tesco.com/groceries/en-GB/shop/health-and-beauty/all?department=Perfumes%2C%20Aftershaves%20%26%20Gift%20Sets&viewAll=department&page=,£14.00,£14.00/each,£7.00 Clubcard Price,,/groceries/en-GB/products/311952987,https://digitalcontent.api.tesco.com/v2/media/ghs/85f05950-8c1b-4e6e-9a47-5319a4eafb62/f887ddf0-fbe4-44da-adc9-2f09b4815380_1525082108.jpeg?h=225&w=225
308464584,Oliver Thomas Bath Fizzers 3Pack 300G,https://www.tesco.com/groceries/en-GB/shop/health-and-beauty/all?department=Perfumes%2C%20Aftershaves%20%26%20Gift%20Sets&viewAll=department&page=,£5.25,£1.75/100g,£2.50 Clubcard Price,,/groceries/en-GB/products/308464584,https://digitalcontent.api.tesco.com/v2/media/ghs/1a6e15bf-6fbf-4838-a7ba-1dc3a956956f/8e764b56-7ed7-432c-9101-4f2766d74552_1369445452.jpeg?h=225&w=225
309209022,Oliver Thomas Bath Salts Bauble 100G,https://www.tesco.com/groceries/en-GB/shop/health-and-beauty/all?department=Perfumes%2C%20Aftershaves%20%26%20Gift%20Sets&viewAll=department&page=,£3.00,£3.00/100g,£1.50 Clubcard Price,,/groceries/en-GB/products/309209022,https://digitalcontent.api.tesco.com/v2/media/ghs/4fb7c50e-77e2-4237-9b2c-aa09737c83bf/8247d528-3986-4da3-b16e-5b40ef0295cb_940822514.jpeg?h=225&w=225
312225879,Lynx All Stars Trio Gift Set,https://www.tesco.com/groceries/en-GB/shop/health-and-beauty/all?department=Perfumes%2C%20Aftershaves%20%26%20Gift%20Sets&viewAll=department&page=,£12.00,£4.00/each,£6.00 Clubcard Price,,/groceries/en-GB/products/312225879,https://digitalcontent.api.tesco.com/v2/media/ghs/162b55d4-32d6-4cff-95fd-64d2928ad40e/26ed1c31-11de-4297-8ccb-79fc80fbb315_501982712.jpeg?h=225&w=225
311428785,Oral-B Kids 3+ Years Frozen Electric Toothbrush & Case,https://www.tesco.com/groceries/en-GB/shop/health-and-beauty/all?department=Perfumes%2C%20Aftershaves%20%26%20Gift%20Sets&viewAll=department&page=,£40.00,£40.00/each,£20.00 Clubcard Price,,/groceries/en-GB/products/311428785,https://digitalcontent.api.tesco.com/v2/media/ghs/37136a9c-b883-4351-af3a-252899dc57e3/86843aac-44bf-4ff1-8ded-8a2aa7abe2e1_1264182665.jpeg?h=225&w=225
311793178,Oral-B Kids 3+ Spider-Man Electric Toothbrush & Case,https://www.tesco.com/groceries/en-GB/shop/health-and-beauty/all?department=Perfumes%2C%20Aftershaves%20%26%20Gift%20Sets&viewAll=department&page=,£40.00,£40.00/each,£20.00 Clubcard Price,,/groceries/en-GB/products/311793178,https://digitalcontent.api.tesco.com/v2/media/ghs/faf136ea-a581-478f-bdf5-53cb7ab0dd7c/0bc7f7c5-d4bf-4d70-8c1f-15e544a47f9e_1548564838.jpeg?h=225&w=225
312364495,Baylis & Harding Fuzzy Duck Luxury Slipper Gift Set,https://www.tesco.com/groceries/en-GB/shop/health-and-beauty/all?department=Perfumes%2C%20Aftershaves%20%26%20Gift%20Sets&viewAll=department&page=,£33.00,£33.00/each,£16.50 Clubcard Price,,/groceries/en-GB/products/312364495,https://digitalcontent.api.tesco.com/v2/media/ghs/3c01ab51-bd3a-41f6-94da-20c1a212aee0/3fd0643a-2f3e-412c-8216-f29de5af5452_555862661.jpeg?h=225&w=225
312570008,Nip & Fab Illuminate Vitamin C Fix Kit,https://www.tesco.com/groceries/en-GB/shop/health-and-beauty/all?department=Perfumes%2C%20Aftershaves%20%26%20Gift%20Sets&viewAll=department&page=,£30.00,£30.00/each,£15.00 Clubcard Price,,/groceries/en-GB/products/312570008,https://digitalcontent.api.tesco.com/v2/media/ghs/f2462399-3414-4ab4-9344-e0f9206675f2/b863277f-915c-4d90-ab61-a1c613466018_1292161480.jpeg?h=225&w=225
312347562,Aussie Sos Hair Aid Gift Set,https://www.tesco.com/groceries/en-GB/shop/health-and-beauty/all?department=Perfumes%2C%20Aftershaves%20%26%20Gift%20Sets&viewAll=department&page=,£28.00,£28.00/each,£14.00 Clubcard Price,,/groceries/en-GB/products/312347562,https://digitalcontent.api.tesco.com/v2/media/ghs/db076b99-2603-4441-917b-0a6924963635/809c649e-0a7e-424e-ba40-c2fa26b92910_1693160752.jpeg?h=225&w=225
312209369,Nivea Men Sensitive Ultra Calming Shower & Shave Care Kit,https://www.tesco.com/groceries/en-GB/shop/health-and-beauty/all?department=Perfumes%2C%20Aftershaves%20%26%20Gift%20Sets&viewAll=department&page=,£16.00,£16.00/each,£8.00 Clubcard Price,,/groceries/en-GB/products/312209369,https://digitalcontent.api.tesco.com/v2/media/ghs/5dd49061-45d7-4fb3-bece-b9d0c0ca1d0e/a726374b-f708-48b7-8c66-73a967795794_1990528740.jpeg?h=225&w=225
312353024,Baylis & Harding Fuzzy Duck Hemp & Bergamot Men's Shower Kit,https://www.tesco.com/groceries/en-GB/shop/health-and-beauty/all?department=Perfumes%2C%20Aftershaves%20%26%20Gift%20Sets&viewAll=department&page=,£18.00,£18.00/each,£9.00 Clubcard Price,,/groceries/en-GB/products/312353024,https://digitalcontent.api.tesco.com/v2/media/ghs/c2045bd9-0139-4b9a-a60c-a468cb223917/f5d453f2-8829-45c2-aad8-18b628ae73c5_886388145.jpeg?h=225&w=225
312227255,Real Techniques Here Comes The Glamorous Gift Set,https://www.tesco.com/groceries/en-GB/shop/health-and-beauty/all?department=Perfumes%2C%20Aftershaves%20%26%20Gift%20Sets&viewAll=department&page=,£25.00,£6.25/each,£12.50 Clubcard Price,,/groceries/en-GB/products/312227255,https://digitalcontent.api.tesco.com/v2/media/ghs/3a33a24f-c408-4b58-a7d0-da054a8805a5/a4ea81dd-6cd8-457e-9ceb-8edbe1ca0583_875673873.jpeg?h=225&w=225
311669447,Baylis & Harding Fuzzy Duck Hemp & Bergamot Slipper Gift Set,https://www.tesco.com/groceries/en-GB/shop/health-and-beauty/all?department=Perfumes%2C%20Aftershaves%20%26%20Gift%20Sets&viewAll=department&page=,£33.00,£33.00/each,£16.50 Clubcard Price,,/groceries/en-GB/products/311669447,https://digitalcontent.api.tesco.com/v2/media/ghs/e1058db6-789d-4f67-ba05-e55eea4472f4/fecf38a1-87f0-4b58-89d2-10f519b930f5_561367561.jpeg?h=225&w=225
312345005,Baylis & Harding Boudoire Rose Keepsake Luxury Gift Set,https://www.tesco.com/groceries/en-GB/shop/health-and-beauty/all?department=Perfumes%2C%20Aftershaves%20%26%20Gift%20Sets&viewAll=department&page=,£28.00,£28.00/each,£12.50 Clubcard Price,,/groceries/en-GB/products/312345005,https://digitalcontent.api.tesco.com/v2/media/ghs/250ece39-daef-441f-afcc-6269cc6d6fb2/c8f571c4-3bbf-49a9-9d83-606474103c7a_580922373.jpeg?h=225&w=225
312108805,Baylis & Harding Sweet Mandarin & Grapefruit Slipper Gift Set,https://www.tesco.com/groceries/en-GB/shop/health-and-beauty/all?department=Perfumes%2C%20Aftershaves%20%26%20Gift%20Sets&viewAll=department&page=,£28.00,£28.00/each,£14.00 Clubcard Price,,/groceries/en-GB/products/312108805,https://digitalcontent.api.tesco.com/v2/media/ghs/aa11d2e5-bf7a-4b94-99e6-ff53efffbfab/491c14fe-6f0b-4301-aea6-d3f3dba4c534_619583785.jpeg?h=225&w=225
312367618,Baylis & Harding Boudoire Rose Keepsake Boxes Gift Set,https://www.tesco.com/groceries/en-GB/shop/health-and-beauty/all?department=Perfumes%2C%20Aftershaves%20%26%20Gift%20Sets&viewAll=department&page=,£12.00,£12.00/each,£6.00 Clubcard Price,,/groceries/en-GB/products/312367618,https://digitalcontent.api.tesco.com/v2/media/ghs/669f2ad2-5300-418f-92b2-1c682c4c5b7c/b2bc80b4-bf0c-40d1-8646-3eaac559bae5_310759042.jpeg?h=225&w=225
311798645,Dove Bathe & Bloom Gift Collection Set,https://www.tesco.com/groceries/en-GB/shop/health-and-beauty/all?department=Perfumes%2C%20Aftershaves%20%26%20Gift%20Sets&viewAll=department&page=,£20.00,£5.00/each,£10.00 Clubcard Price,,/groceries/en-GB/products/311798645,https://digitalcontent.api.tesco.com/v2/media/ghs/386fe4a1-0589-4d66-830a-a4cd8688a876/137fac37-10a8-471d-a182-e9d09f916b3b_1881823467.jpeg?h=225&w=225
312102587,W7 Ready To Bed? Set,https://www.tesco.com/groceries/en-GB/shop/health-and-beauty/all?department=Perfumes%2C%20Aftershaves%20%26%20Gift%20Sets&viewAll=department&page=,£15.00,£15.00/each,£7.50 Clubcard Price,,/groceries/en-GB/products/312102587,https://digitalcontent.api.tesco.com/v2/media/ghs/6cb9ef2a-286f-4dd3-8165-57005620d128/caae99ad-29b6-4c12-a31b-f3bca1d48f91_1619061715.jpeg?h=225&w=225
268614883,Calvin Klein In 2U For Him Spray 150Ml,https://www.tesco.com/groceries/en-GB/shop/health-and-beauty/all?department=Perfumes%2C%20Aftershaves%20%26%20Gift%20Sets&viewAll=department&page=,£30.00,£20.00/100ml,,,/groceries/en-GB/products/268614883,https://digitalcontent.api.tesco.com/v2/media/ghs/99cd6d17-3f5b-49dc-aa90-d822c92d5e30/15111bcb-a01b-4dca-b475-540c391be2fb_482322262.jpeg?h=225&w=225
309465909,Garnier Selfcare Collection 5 Hydrating Sheet Masks,https://www.tesco.com/groceries/en-GB/shop/health-and-beauty/all?department=Perfumes%2C%20Aftershaves%20%26%20Gift%20Sets&viewAll=department&page=,£15.00,£15.00/each,£7.50 Clubcard Price,,/groceries/en-GB/products/309465909,https://digitalcontent.api.tesco.com/v2/media/ghs/34ebd19f-1d44-4449-8261-c370f574544a/48bd363e-ec19-480f-a1fc-b89e40d908c4_1904337976.jpeg?h=225&w=225
312224080,Dove Gradual Self Tan Gift Collection,https://www.tesco.com/groceries/en-GB/shop/health-and-beauty/all?department=Perfumes%2C%20Aftershaves%20%26%20Gift%20Sets&viewAll=department&page=,£15.00,£5.00/each,£7.50 Clubcard Price,,/groceries/en-GB/products/312224080,https://digitalcontent.api.tesco.com/v2/media/ghs/b689bfb1-74fb-482a-b50f-d47d3d08ec66/885f7555-3358-404b-b7e1-9829339f6ae6_952946774.jpeg?h=225&w=225
299314632,Calcot Manor Relaxing Pamper Gift Set,https://www.tesco.com/groceries/en-GB/shop/health-and-beauty/all?department=Perfumes%2C%20Aftershaves%20%26%20Gift%20Sets&viewAll=department&page=,£12.00,£1.77/100g,£6.00 Clubcard Price,,/groceries/en-GB/products/299314632,https://digitalcontent.api.tesco.com/v2/media/ghs/f47d8c63-cafd-4e62-bb44-8711cea6005c/9290ee16-369e-4802-beb2-3f1c329a4543_1506171500.jpeg?h=225&w=225
312221117,Baylis & Harding Boudoire Rose 4 Piece Gift Set,https://www.tesco.com/groceries/en-GB/shop/health-and-beauty/all?department=Perfumes%2C%20Aftershaves%20%26%20Gift%20Sets&viewAll=department&page=,£18.00,£18.00/each,£9.00 Clubcard Price,,/groceries/en-GB/products/312221117,https://digitalcontent.api.tesco.com/v2/media/ghs/7f8295cc-27c2-4d55-9bd1-019427e3dc94/e78dd05d-56a2-4014-b9f1-349a6fb6ea4e_453746424.jpeg?h=225&w=225
311950183,Dove Blissfully Body With Room Frangrance,https://www.tesco.com/groceries/en-GB/shop/health-and-beauty/all?department=Perfumes%2C%20Aftershaves%20%26%20Gift%20Sets&viewAll=department&page=,£12.00,£6.00/each,£6.00 Clubcard Price,,/groceries/en-GB/products/311950183,https://digitalcontent.api.tesco.com/v2/media/ghs/38b1197e-a228-4a81-850a-ced7a64f8871/49173305-8b85-4eb7-b9a9-37ad404909fa_1990654450.jpeg?h=225&w=225
306802983,L’Oreal Men Expert Fully Charged Complete Gftset,https://www.tesco.com/groceries/en-GB/shop/health-and-beauty/all?department=Perfumes%2C%20Aftershaves%20%26%20Gift%20Sets&viewAll=department&page=,£20.00,£20.00/each,£10.00 Clubcard Price,,/groceries/en-GB/products/306802983,https://digitalcontent.api.tesco.com/v2/media/ghs/1cfb5260-9c90-4519-8139-e22b4855dc78/91f4054b-a5ad-4176-9bc5-000e9d04a480_2103833623.jpeg?h=225&w=225
312097148,Baylis & Harding The Fuzzy Duck Men's Grooming Giftset,https://www.tesco.com/groceries/en-GB/shop/health-and-beauty/all?department=Perfumes%2C%20Aftershaves%20%26%20Gift%20Sets&viewAll=department&page=,£16.00,£16.00/each,£8.00 Clubcard Price,,/groceries/en-GB/products/312097148,https://digitalcontent.api.tesco.com/v2/media/ghs/0db3d2f7-24a5-43f3-9ead-eda0af05d669/c542ed72-5698-4dbc-b713-226655091a79_934276022.jpeg?h=225&w=225
311783910,Bulldog Ultimate Beard Care Kit,https://www.tesco.com/groceries/en-GB/shop/health-and-beauty/all?department=Perfumes%2C%20Aftershaves%20%26%20Gift%20Sets&viewAll=department&page=,£20.00,£20.00/each,£10.00 Clubcard Price,,/groceries/en-GB/products/311783910,https://digitalcontent.api.tesco.com/v2/media/ghs/daf1d34c-1408-4c4f-b29e-d3f36531f357/7b806b93-12a5-4f91-82fa-2945a2a21c58_853335300.jpeg?h=225&w=225
312213337,Disney Encanto Time To Shine Shower Gel 4X75ml,https://www.tesco.com/groceries/en-GB/shop/health-and-beauty/all?department=Perfumes%2C%20Aftershaves%20%26%20Gift%20Sets&viewAll=department&page=,£8.00,£2.67/100ml,£4.00 Clubcard Price,,/groceries/en-GB/products/312213337,https://digitalcontent.api.tesco.com/v2/media/ghs/1cedafd7-2008-4116-84d5-83c262787c44/cfe0e99c-8843-4645-a05b-6120203651d7_1288767938.jpeg?h=225&w=225
312230037,"Baylis & Harding Jojoba, Vanilla & Almond Oil 3 Piece Set",https://www.tesco.com/groceries/en-GB/shop/health-and-beauty/all?department=Perfumes%2C%20Aftershaves%20%26%20Gift%20Sets&viewAll=department&page=,£17.00,£17.00/each,£8.50 Clubcard Price,,/groceries/en-GB/products/312230037,https://digitalcontent.api.tesco.com/v2/media/ghs/a65d0b8f-619b-4860-821d-e3d8987af3b7/ae1e52b4-48b5-48d3-aef2-b4223b3a2e7f_1121548931.jpeg?h=225&w=225
305973251,Oliver Thomas Travel Treasures Gift Set,https://www.tesco.com/groceries/en-GB/shop/health-and-beauty/all?department=Perfumes%2C%20Aftershaves%20%26%20Gift%20Sets&viewAll=department&page=,£12.00,£12.00/each,£6.00 Clubcard Price,,/groceries/en-GB/products/305973251,https://digitalcontent.api.tesco.com/v2/media/ghs/10ddf5ab-93e5-423b-b361-94de9f551e33/7beece59-83d9-46b1-8ad8-e8a0735119c4_1364522688.jpeg?h=225&w=225
309453209,L'oreal Men Expert Morning Basics Gift Set,https://www.tesco.com/groceries/en-GB/shop/health-and-beauty/all?department=Perfumes%2C%20Aftershaves%20%26%20Gift%20Sets&viewAll=department&page=,£11.00,£11.00/each,£5.50 Clubcard Price,,/groceries/en-GB/products/309453209,https://digitalcontent.api.tesco.com/v2/media/ghs/e71e908c-617b-48c1-9847-973d5a6c6f9b/42206f23-4b3b-4c7d-91ca-24d9a32f2bfe_389531491.jpeg?h=225&w=225
312226423,Marvel Spiderman Bath Lab Pack,https://www.tesco.com/groceries/en-GB/shop/health-and-beauty/all?department=Perfumes%2C%20Aftershaves%20%26%20Gift%20Sets&viewAll=department&page=,£8.00,£8.00/each,£4.00 Clubcard Price,,/groceries/en-GB/products/312226423,https://digitalcontent.api.tesco.com/v2/media/ghs/794ab858-3b6f-439e-af14-668dc2187b17/9aa343e3-17ce-4693-8f07-264bb1da63a3_1378723082.jpeg?h=225&w=225
311803491,Feather & Down Dreamy Duo Set,https://www.tesco.com/groceries/en-GB/shop/health-and-beauty/all?department=Perfumes%2C%20Aftershaves%20%26%20Gift%20Sets&viewAll=department&page=,£7.00,£7.00/each,£3.50 Clubcard Price,,/groceries/en-GB/products/311803491,https://digitalcontent.api.tesco.com/v2/media/ghs/85c57303-ed60-4d49-8e6f-c67414ee9c63/e09ed9c8-0acc-4d41-b5f0-dd9601fec5e2_1364977360.jpeg?h=225&w=225
312088447,Disney Frozen Ii Elsa Bubble Bath 350Ml,https://www.tesco.com/groceries/en-GB/shop/health-and-beauty/all?department=Perfumes%2C%20Aftershaves%20%26%20Gift%20Sets&viewAll=department&page=,£8.00,£2.29/100ml,£4.00 Clubcard Price,,/groceries/en-GB/products/312088447,https://digitalcontent.api.tesco.com/v2/media/ghs/d3cf0fce-dc9a-4b1a-a261-b64f828f126d/641eb927-76bc-4e2c-866e-a71f1f402071_1973320221.jpeg?h=225&w=225
312107081,Leo Bancroft Ultimate Hair Accessories Velvet Giftset,https://www.tesco.com/groceries/en-GB/shop/health-and-beauty/all?department=Perfumes%2C%20Aftershaves%20%26%20Gift%20Sets&viewAll=department&page=,£9.00,£9.00/each,£4.50 Clubcard Price,,/groceries/en-GB/products/312107081,https://digitalcontent.api.tesco.com/v2/media/ghs/27060d0a-ee46-44cd-92e3-7f8d648fc2a7/45f77723-863d-4617-947c-2fb45714d220_273547603.jpeg?h=225&w=225
299314610,Calcot Manor Blissful Spa Escape Gift Set,https://www.tesco.com/groceries/en-GB/shop/health-and-beauty/all?department=Perfumes%2C%20Aftershaves%20%26%20Gift%20Sets&viewAll=department&page=,£8.00,£1.36/100g,£4.00 Clubcard Price,,/groceries/en-GB/products/299314610,https://digitalcontent.api.tesco.com/v2/media/ghs/4440a93b-4855-4b13-8f83-b56bd0b13753/1fc485d7-e3eb-4d9b-80e9-69f50c5f0989_417089733.jpeg?h=225&w=225
311422434,Dove Men+Care Sports Active Duo & Gym Bag Gift Set,https://www.tesco.com/groceries/en-GB/shop/health-and-beauty/all?department=Perfumes%2C%20Aftershaves%20%26%20Gift%20Sets&viewAll=department&page=,£10.00,£5.00/each,£5.00 Clubcard Price,,/groceries/en-GB/products/311422434,https://digitalcontent.api.tesco.com/v2/media/ghs/a02c0a2d-611e-4efe-8242-dfbbb532bcf0/c6f2ee15-07f2-418f-b756-292b8b30b378_1012114160.jpeg?h=225&w=225
312343975,Bulldog Original Skincare Kit,https://www.tesco.com/groceries/en-GB/shop/health-and-beauty/all?department=Perfumes%2C%20Aftershaves%20%26%20Gift%20Sets&viewAll=department&page=,£15.00,£15.00/each,£7.50 Clubcard Price,,/groceries/en-GB/products/312343975,https://digitalcontent.api.tesco.com/v2/media/ghs/a7d3ccdb-2488-438c-8b6d-2c83be9b0c3d/49063eba-4125-439c-96fe-cadafbe98f90_354624699.jpeg?h=225&w=225
312207377,Disney Encanto Magic Awaits You Hair Set,https://www.tesco.com/groceries/en-GB/shop/health-and-beauty/all?department=Perfumes%2C%20Aftershaves%20%26%20Gift%20Sets&viewAll=department&page=,£7.00,£7.00/each,£3.50 Clubcard Price,,/groceries/en-GB/products/312207377,https://digitalcontent.api.tesco.com/v2/media/ghs/1edfdf3f-5f92-4779-8c9e-046fe3289704/676b0db6-66f1-4a15-a415-0afa7decfe6f_466085032.jpeg?h=225&w=225
311955621,Nerf Winners Never Quit Bath & Shower Gift Set,https://www.tesco.com/groceries/en-GB/shop/health-and-beauty/all?department=Perfumes%2C%20Aftershaves%20%26%20Gift%20Sets&viewAll=department&page=,£14.00,£14.00/each,£7.00 Clubcard Price,,/groceries/en-GB/products/311955621,https://digitalcontent.api.tesco.com/v2/media/ghs/3c562441-f797-4a02-83c3-1082fe828fdc/0ff6f1be-4505-4769-ae8a-7d435e7f67b2_28930643.jpeg?h=225&w=225
311805137,Lol Surprise Snow Bunnie Bubble Bath 500Ml,https://www.tesco.com/groceries/en-GB/shop/health-and-beauty/all?department=Perfumes%2C%20Aftershaves%20%26%20Gift%20Sets&viewAll=department&page=,£7.00,£1.40/100ml,£3.50 Clubcard Price,,/groceries/en-GB/products/311805137,https://digitalcontent.api.tesco.com/v2/media/ghs/3230c369-c4d5-40b8-9740-5aedb5a228ac/8d48e700-4713-4c26-a77b-fd3e1ce7b86a_1178962991.jpeg?h=225&w=225
312090607,Disney Princess Be True Be You Style Set,https://www.tesco.com/groceries/en-GB/shop/health-and-beauty/all?department=Perfumes%2C%20Aftershaves%20%26%20Gift%20Sets&viewAll=department&page=,£10.00,£10.00/each,£5.00 Clubcard Price,,/groceries/en-GB/products/312090607,https://digitalcontent.api.tesco.com/v2/media/ghs/9a98d6d8-5e6c-405d-b7b4-af658acf7a57/db2c23df-3245-41dc-bf94-6135f41ccde6_1801745135.jpeg?h=225&w=225
311953082,Dove Truly Pampered Bath & Home Collection Set,https://www.tesco.com/groceries/en-GB/shop/health-and-beauty/all?department=Perfumes%2C%20Aftershaves%20%26%20Gift%20Sets&viewAll=department&page=,£16.00,£8.00/each,£8.00 Clubcard Price,,/groceries/en-GB/products/311953082,https://digitalcontent.api.tesco.com/v2/media/ghs/510de9e5-577d-4fcd-9e5a-8c0094dc7e64/88c4dd27-85bd-4418-bc74-57e02880c63e_468104020.jpeg?h=225&w=225
312105774,Bluey Magic Xylophone Bath Fizzer Block Set,https://www.tesco.com/groceries/en-GB/shop/health-and-beauty/all?department=Perfumes%2C%20Aftershaves%20%26%20Gift%20Sets&viewAll=department&page=,£8.00,£8.00/each,£4.00 Clubcard Price,,/groceries/en-GB/products/312105774,https://digitalcontent.api.tesco.com/v2/media/ghs/facdd082-46a6-47eb-b047-b316892e968f/d555fa14-1846-4a7c-907f-5bfa1703474a_1328137605.jpeg?h=225&w=225
309490699,Baby Shark Bath Fizzer With Water Squirter,https://www.tesco.com/groceries/en-GB/shop/health-and-beauty/all?department=Perfumes%2C%20Aftershaves%20%26%20Gift%20Sets&viewAll=department&page=,£6.00,£6.00/each,£3.00 Clubcard Price,,/groceries/en-GB/products/309490699,https://digitalcontent.api.tesco.com/v2/media/ghs/2a86f9a8-f6b4-4394-a3af-c20169379a7b/dc5523cd-627c-4726-aabb-e09a42250e1a_1090501856.jpeg?h=225&w=225
308836679,White Grace Bath Salts 330G,https://www.tesco.com/groceries/en-GB/shop/health-and-beauty/all?department=Perfumes%2C%20Aftershaves%20%26%20Gift%20Sets&viewAll=department&page=,£4.00,£1.22/100g,£2.00 Clubcard Price,,/groceries/en-GB/products/308836679,https://digitalcontent.api.tesco.com/v2/media/ghs/6b48858a-d612-4e4a-b79e-f9e2ece30d60/77b4866c-ee16-4009-8138-cbb92392f014_1809115222.jpeg?h=225&w=225
312361924,Olay Day & Night Cream Moisturiser Glow Up Kit,https://www.tesco.com/groceries/en-GB/shop/health-and-beauty/all?department=Perfumes%2C%20Aftershaves%20%26%20Gift%20Sets&viewAll=department&page=,£70.00,£23.34/each,£35.00 Clubcard Price,,/groceries/en-GB/products/312361924,https://digitalcontent.api.tesco.com/v2/media/ghs/c60f2374-75e7-4c6d-9241-211898ac3454/0f8f2af9-db7f-4241-8b57-16caf86033c1_1241442324.jpeg?h=225&w=225
300238214,Jimmy Choo Female Eau De Toilette 60Ml,https://www.tesco.com/groceries/en-GB/shop/health-and-beauty/all?department=Perfumes%2C%20Aftershaves%20%26%20Gift%20Sets&viewAll=department&page=,£40.00,£66.67/100ml,,,/groceries/en-GB/products/300238214,https://digitalcontent.api.tesco.com/v2/media/ghs/b8051c41-a284-4938-ac6f-d3c839f676ee/acb6116c-4b43-44e8-b3eb-573887514063_632319395.jpeg?h=225&w=225
267429891,D&G Light Blue F Eau De Toilette 25Ml,https://www.tesco.com/groceries/en-GB/shop/health-and-beauty/all?department=Perfumes%2C%20Aftershaves%20%26%20Gift%20Sets&viewAll=department&page=,£38.85,£155.40/100ml,,,/groceries/en-GB/products/267429891,https://digitalcontent.api.tesco.com/v2/media/ghs/6035d49f-46c1-414b-a5c9-0a1ecf58ee25/1b5da2a5-e6fd-4a4b-9257-d25dc05c5c32_1779450069.jpeg?h=225&w=225
312230291,Baylis & Harding Fuzzy Duck Mens Hemp & Bergamot Luxury Gown Set,https://www.tesco.com/groceries/en-GB/shop/health-and-beauty/all?department=Perfumes%2C%20Aftershaves%20%26%20Gift%20Sets&viewAll=department&page=,£50.00,£50.00/each,£25.00 Clubcard Price,,/groceries/en-GB/products/312230291,https://digitalcontent.api.tesco.com/v2/media/ghs/a88df039-95b2-476d-8105-5b4ebbe79221/1e1c2a84-635f-445f-b85c-b5a9e6dd0ef4_1565175176.jpeg?h=225&w=225
283228678,Vera Wang Princess Eau De Toilette Spray 100Ml,https://www.tesco.com/groceries/en-GB/shop/health-and-beauty/all?department=Perfumes%2C%20Aftershaves%20%26%20Gift%20Sets&viewAll=department&page=,£30.00,£30.00/100ml,,,/groceries/en-GB/products/283228678,https://digitalcontent.api.tesco.com/v2/media/ghs/7facf628-4204-4b92-adcd-af3246715e63/971bf7d6-efb8-4789-86f0-a2242bde2592_466729270.jpeg?h=225&w=225
306799398,L'oreal Paris Rosy Ritual Gift Set,https://www.tesco.com/groceries/en-GB/shop/health-and-beauty/all?department=Perfumes%2C%20Aftershaves%20%26%20Gift%20Sets&viewAll=department&page=,£30.00,£30.00/each,£15.00 Clubcard Price,,/groceries/en-GB/products/306799398,https://digitalcontent.api.tesco.com/v2/media/ghs/07fbb7a6-8012-44c8-880d-a3bd37283c62/10498158-e3c5-49e1-bc27-0eeff8fe5af2_491564949.jpeg?h=225&w=225
312234183,Baylis & Harding Signature Mens Pepper & Ginseng Slipper Gift Set,https://www.tesco.com/groceries/en-GB/shop/health-and-beauty/all?department=Perfumes%2C%20Aftershaves%20%26%20Gift%20Sets&viewAll=department&page=,£28.00,£28.00/each,£12.50 Clubcard Price,,/groceries/en-GB/products/312234183,https://digitalcontent.api.tesco.com/v2/media/ghs/b84354ab-028b-4294-88f6-9a980e4692fc/914602bf-7855-4226-bb93-b4d1a7988a92_568217718.jpeg?h=225&w=225
312349237,Baylis & Harding Fuzzy Duck Luxury Gow Gift Set,https://www.tesco.com/groceries/en-GB/shop/health-and-beauty/all?department=Perfumes%2C%20Aftershaves%20%26%20Gift%20Sets&viewAll=department&page=,£50.00,£50.00/each,£25.00 Clubcard Price,,/groceries/en-GB/products/312349237,https://digitalcontent.api.tesco.com/v2/media/ghs/29fbbe51-f74a-4466-8b30-c1dfc30e5be1/c42249e4-d8a7-4ba0-9ac6-24dad228da57_920392385.jpeg?h=225&w=225
294425762,Katy Perry Killer Queen 100Ml Eau De Parfum Spray,https://www.tesco.com/groceries/en-GB/shop/health-and-beauty/all?department=Perfumes%2C%20Aftershaves%20%26%20Gift%20Sets&viewAll=department&page=,£20.00,£20.00/100ml,,,/groceries/en-GB/products/294425762,https://digitalcontent.api.tesco.com/v2/media/ghs/dfae1533-0795-4bab-9c05-16e3eafda775/snapshotimagehandler_87286140.jpeg?h=225&w=225
309486527,Sarah Jessica Parker Lovely Eau De Parfum 30Ml,https://www.tesco.com/groceries/en-GB/shop/health-and-beauty/all?department=Perfumes%2C%20Aftershaves%20%26%20Gift%20Sets&viewAll=department&page=,£29.40,£98.00/100ml,,,/groceries/en-GB/products/309486527,https://digitalcontent.api.tesco.com/v2/media/ghs/92a03c76-18d1-4b2d-9243-20e5403f7649/1b00d46d-bae9-43ee-b772-e44498ed566b_1286498427.jpeg?h=225&w=225
311960165,Baylis & Harding Sweet Mandarin & Grapefruit Gown Set,https://www.tesco.com/groceries/en-GB/shop/health-and-beauty/all?department=Perfumes%2C%20Aftershaves%20%26%20Gift%20Sets&viewAll=department&page=,£50.00,£50.00/each,£25.00 Clubcard Price,,/groceries/en-GB/products/311960165,https://digitalcontent.api.tesco.com/v2/media/ghs/26f0a91f-544d-4241-bd8c-ba9055e8cfd8/ef7eec94-0332-42fb-97fc-68cca1d63b37_919822947.jpeg?h=225&w=225
311804757,"Baylis & Harding Jojoba, Vanilla & Almond Slipper Gift Set",https://www.tesco.com/groceries/en-GB/shop/health-and-beauty/all?department=Perfumes%2C%20Aftershaves%20%26%20Gift%20Sets&viewAll=department&page=,£28.00,£28.00/each,£14.00 Clubcard Price,,/groceries/en-GB/products/311804757,https://digitalcontent.api.tesco.com/v2/media/ghs/a9d19f17-df21-46f4-92bf-66de826f9ba0/2e0f9af6-83a0-40ee-abdb-270011a49f5a_1403949639.jpeg?h=225&w=225
312349329,"Baylis & Harding Jojoba, Vanilla & Almond Luxury Set",https://www.tesco.com/groceries/en-GB/shop/health-and-beauty/all?department=Perfumes%2C%20Aftershaves%20%26%20Gift%20Sets&viewAll=department&page=,£28.00,£28.00/each,£14.00 Clubcard Price,,/groceries/en-GB/products/312349329,https://digitalcontent.api.tesco.com/v2/media/ghs/065fa130-150d-4a1b-8b8c-56fb98947363/875efa0f-f1a0-4c62-ae1e-e3e09bf034a8_101481120.jpeg?h=225&w=225
273759623,Paul Smith Rose Eau De Parfum 100Ml,https://www.tesco.com/groceries/en-GB/shop/health-and-beauty/all?department=Perfumes%2C%20Aftershaves%20%26%20Gift%20Sets&viewAll=department&page=,£28.00,£28.00/100ml,,,/groceries/en-GB/products/273759623,https://digitalcontent.api.tesco.com/v2/media/ghs/0f21698f-dff9-4e97-ae8c-bb238e9ed446/ac99ccf9-0ad6-4517-bbf4-f75a10ac4708_1073107249.jpeg?h=225&w=225
312362353,Baylis & Harding Men's Black Pepper & Ginseng Gift Set,https://www.tesco.com/groceries/en-GB/shop/health-and-beauty/all?department=Perfumes%2C%20Aftershaves%20%26%20Gift%20Sets&viewAll=department&page=,£28.00,£28.00/each,£14.00 Clubcard Price,,/groceries/en-GB/products/312362353,https://digitalcontent.api.tesco.com/v2/media/ghs/dd978b71-c6d9-4ab8-8e52-a8b2e2bea0fd/69f550d0-fb0f-4418-856b-fca4ef31f45c_400440742.jpeg?h=225&w=225
311670214,W7 Buff Culture Buff & Ready Essential Set,https://www.tesco.com/groceries/en-GB/shop/health-and-beauty/all?department=Perfumes%2C%20Aftershaves%20%26%20Gift%20Sets&viewAll=department&page=,£25.00,£25.00/each,£12.50 Clubcard Price,,/groceries/en-GB/products/311670214,https://digitalcontent.api.tesco.com/v2/media/ghs/0882e5c0-16d2-4c73-8cdb-aa238f7a805a/196fd422-628b-4690-86ef-b5d371b7cb9a_1833099331.jpeg?h=225&w=225
312098700,So...? Escapes Body Mist Set 6X50ml,https://www.tesco.com/groceries/en-GB/shop/health-and-beauty/all?department=Perfumes%2C%20Aftershaves%20%26%20Gift%20Sets&viewAll=department&page=,£16.00,£5.34/100ml,£8.00 Clubcard Price,,/groceries/en-GB/products/312098700,https://digitalcontent.api.tesco.com/v2/media/ghs/15d18113-98ef-4637-9616-138451610a83/f98bdae2-c040-4100-a340-7436e6a6aba7_1190689930.jpeg?h=225&w=225
312086121,Baylis & Harding Fuzzy Duck Hemp & Bergamot Mens Wash Bag,https://www.tesco.com/groceries/en-GB/shop/health-and-beauty/all?department=Perfumes%2C%20Aftershaves%20%26%20Gift%20Sets&viewAll=department&page=,£24.00,£24.00/each,£12.00 Clubcard Price,,/groceries/en-GB/products/312086121,https://digitalcontent.api.tesco.com/v2/media/ghs/49712d8c-3ea2-4bf6-b192-546cc481cda0/02bfa318-e68d-4066-b83e-fee952d337e9_225122144.jpeg?h=225&w=225
309457096,L'oreal Revitalift Signature Collection 2X50ml,https://www.tesco.com/groceries/en-GB/shop/health-and-beauty/all?department=Perfumes%2C%20Aftershaves%20%26%20Gift%20Sets&viewAll=department&page=,£25.00,£25.00/100ml,£12.50 Clubcard Price,,/groceries/en-GB/products/309457096,https://digitalcontent.api.tesco.com/v2/media/ghs/f9f75a97-2a61-4536-9710-dce8b540f48c/48a948e1-0b2b-4e10-9c15-d160a4dc37e1_1221098308.jpeg?h=225&w=225
280804972,Fcuk Friction Him Eau De Toilette Spray 100Ml,https://www.tesco.com/groceries/en-GB/shop/health-and-beauty/all?department=Perfumes%2C%20Aftershaves%20%26%20Gift%20Sets&viewAll=department&page=,£13.00,£13.00/100ml,,,/groceries/en-GB/products/280804972,https://digitalcontent.api.tesco.com/v2/media/ghs/6d413425-b423-4344-9777-e19435dfc9ae/8f56f173-02a7-465f-ac8c-e608a0b796fb_1868264768.jpeg?h=225&w=225
312226999,Baylis & Harding Boudoire Rose Bath Fizzers 3X100g,https://www.tesco.com/groceries/en-GB/shop/health-and-beauty/all?department=Perfumes%2C%20Aftershaves%20%26%20Gift%20Sets&viewAll=department&page=,£9.00,£3.00/100g,£4.50 Clubcard Price,,/groceries/en-GB/products/312226999,https://digitalcontent.api.tesco.com/v2/media/ghs/93cb4708-5c36-49c3-8323-0fb8bc55a134/444e80e4-5d0c-4fec-ba44-a2d6412120aa_2090861102.jpeg?h=225&w=225
312227969,Old Spice Captain 3 Piece Gift Set,https://www.tesco.com/groceries/en-GB/shop/health-and-beauty/all?department=Perfumes%2C%20Aftershaves%20%26%20Gift%20Sets&viewAll=department&page=,£12.50,£12.50/each,£6.25 Clubcard Price,,/groceries/en-GB/products/312227969,https://digitalcontent.api.tesco.com/v2/media/ghs/522c546c-7c5c-4a9c-a0bf-4524702efa05/d9560601-1894-482b-a71e-e8d902782837_1541773596.jpeg?h=225&w=225
310106237,Alice Scott The Heat Retreat Set,https://www.tesco.com/groceries/en-GB/shop/health-and-beauty/all?department=Perfumes%2C%20Aftershaves%20%26%20Gift%20Sets&viewAll=department&page=,£10.00,£10.00/each,,,/groceries/en-GB/products/310106237,https://digitalcontent.api.tesco.com/v2/media/ghs/74d328c8-3e9c-4f8d-ae5d-dd9acaa0122f/c00be3a2-6647-4e80-b459-fe4b33ed8aa2_1274975642.jpeg?h=225&w=225
306827441,Garnier Ultimate Mask Trio,https://www.tesco.com/groceries/en-GB/shop/health-and-beauty/all?department=Perfumes%2C%20Aftershaves%20%26%20Gift%20Sets&viewAll=department&page=,£13.00,£4.34/each,£6.50 Clubcard Price,,/groceries/en-GB/products/306827441,https://digitalcontent.api.tesco.com/v2/media/ghs/95fa5cc7-cd40-446a-903d-6ed730e55544/16027b6f-bfa7-4e57-b57e-aec289e9f2ce_1222938908.jpeg?h=225&w=225
311444379,W7 Sweet Like... Pressed Pigment Palettes 3X8.1G,https://www.tesco.com/groceries/en-GB/shop/health-and-beauty/all?department=Perfumes%2C%20Aftershaves%20%26%20Gift%20Sets&viewAll=department&page=,£15.00,£61.73/100g,£7.50 Clubcard Price,,/groceries/en-GB/products/311444379,https://digitalcontent.api.tesco.com/v2/media/ghs/bb8ed3e3-072e-4170-820c-b7251df2199f/358e6a02-3d0b-463e-a968-a2853e2f17f4_1815180102.jpeg?h=225&w=225
311961627,Baylis & Harding Wild Fig & Pomegranate Wash Bag Gift Set,https://www.tesco.com/groceries/en-GB/shop/health-and-beauty/all?department=Perfumes%2C%20Aftershaves%20%26%20Gift%20Sets&viewAll=department&page=,£17.00,£17.00/each,£8.50 Clubcard Price,,/groceries/en-GB/products/311961627,https://digitalcontent.api.tesco.com/v2/media/ghs/f4b4e520-13af-40f3-b4d8-85f227bc2e9d/bda06ad1-40de-4731-b312-9d0b28500782_215411607.jpeg?h=225&w=225
310845465,Baylis & Harding Sweet Mandarin & Grapefruit Set,https://www.tesco.com/groceries/en-GB/shop/health-and-beauty/all?department=Perfumes%2C%20Aftershaves%20%26%20Gift%20Sets&viewAll=department&page=,£17.00,£17.00/each,£8.50 Clubcard Price,,/groceries/en-GB/products/310845465,https://digitalcontent.api.tesco.com/v2/media/ghs/8bc60f66-f25e-4078-ba38-6739f355f0f4/f8103643-2b0b-41ef-8fb8-bba066246ccc_595100072.jpeg?h=225&w=225
291124731,Lynx Signature Daily Fragrance 100Ml,https://www.tesco.com/groceries/en-GB/shop/health-and-beauty/all?department=Perfumes%2C%20Aftershaves%20%26%20Gift%20Sets&viewAll=department&page=,£6.00,£6.00/100ml,,,/groceries/en-GB/products/291124731,https://digitalcontent.api.tesco.com/v2/media/ghs/f619bbed-eeee-49ae-b2b4-8cbfb747926f/79c92647-db0c-40e4-9b64-104262858973_1211289268.jpeg?h=225&w=225
310693471,Alice Scott Beneath The Stars Set,https://www.tesco.com/groceries/en-GB/shop/health-and-beauty/all?department=Perfumes%2C%20Aftershaves%20%26%20Gift%20Sets&viewAll=department&page=,£8.00,£8.00/each,,,/groceries/en-GB/products/310693471,https://digitalcontent.api.tesco.com/v2/media/ghs/ad8f7794-f228-4197-a3cb-3e4a61e89e9f/f342fcd4-b330-4dd7-bb5a-987cf9201b80_968739291.jpeg?h=225&w=225
312109482,Lol Surprise Mega Nail Set,https://www.tesco.com/groceries/en-GB/shop/health-and-beauty/all?department=Perfumes%2C%20Aftershaves%20%26%20Gift%20Sets&viewAll=department&page=,£12.00,£12.00/each,£6.00 Clubcard Price,,/groceries/en-GB/products/312109482,https://digitalcontent.api.tesco.com/v2/media/ghs/883d1e7a-3091-4cd2-b260-99226cf5b81b/98301980-ed1f-4b14-a25a-43de7c29dde7_176836617.jpeg?h=225&w=225
311201402,Adidas Feel The Chill Ice Dive Fragrance Set,https://www.tesco.com/groceries/en-GB/shop/health-and-beauty/all?department=Perfumes%2C%20Aftershaves%20%26%20Gift%20Sets&viewAll=department&page=,£10.00,£10.00/each,,,/groceries/en-GB/products/311201402,https://digitalcontent.api.tesco.com/v2/media/ghs/0e1d1d3c-e282-4933-9201-6909651dd765/5c1da816-b733-4fc8-a3f0-33b4d3a19928_1965708693.jpeg?h=225&w=225
312208785,Real Techniques Blend Away Sponge Set,https://www.tesco.com/groceries/en-GB/shop/health-and-beauty/all?department=Perfumes%2C%20Aftershaves%20%26%20Gift%20Sets&viewAll=department&page=,£15.00,£5.00/each,£7.50 Clubcard Price,,/groceries/en-GB/products/312208785,https://digitalcontent.api.tesco.com/v2/media/ghs/2aa167db-0b52-42b7-85f1-184f11c49813/061f1444-347f-46f2-a150-b3e6a3be5848_892014760.jpeg?h=225&w=225
312224137,Baylis & Harding Men's Black Pepper & Ginseng Gift Set,https://www.tesco.com/groceries/en-GB/shop/health-and-beauty/all?department=Perfumes%2C%20Aftershaves%20%26%20Gift%20Sets&viewAll=department&page=,£17.00,£17.00/each,£7.50 Clubcard Price,,/groceries/en-GB/products/312224137,https://digitalcontent.api.tesco.com/v2/media/ghs/b2000c8f-7730-449b-ae66-511d0aa582e1/54c3ca5f-f54f-4aef-b279-8a931b490894_531657481.jpeg?h=225&w=225
258842118,Nivea Men Replenishing Aftershave Balm 100Ml,https://www.tesco.com/groceries/en-GB/shop/health-and-beauty/all?department=Perfumes%2C%20Aftershaves%20%26%20Gift%20Sets&viewAll=department&page=,£6.00,£6.00/100ml,,,/groceries/en-GB/products/258842118,https://digitalcontent.api.tesco.com/v2/media/ghs/171933f2-f1c0-46f2-a6fb-116e7dfd2ea0/777f4868-6a67-4915-9810-7ca750e53d42_1077051258.jpeg?h=225&w=225
312576780,Old Spice Football Captain 2 Piece Gift Set,https://www.tesco.com/groceries/en-GB/shop/health-and-beauty/all?department=Perfumes%2C%20Aftershaves%20%26%20Gift%20Sets&viewAll=department&page=,£9.00,£9.00/each,£4.50 Clubcard Price,,/groceries/en-GB/products/312576780,https://digitalcontent.api.tesco.com/v2/media/ghs/3f95a024-e7a6-4663-888d-ced420f25994/336c1e11-9cfd-4d01-8e89-f601dfea85d1_245205483.jpeg?h=225&w=225
312342446,"Bulldog Cedarwood, Tonka Bean Groom Kit",https://www.tesco.com/groceries/en-GB/shop/health-and-beauty/all?department=Perfumes%2C%20Aftershaves%20%26%20Gift%20Sets&viewAll=department&page=,£15.00,£15.00/each,£7.50 Clubcard Price,,/groceries/en-GB/products/312342446,https://digitalcontent.api.tesco.com/v2/media/ghs/e3d028b5-1587-4a8e-ada9-1922b55f6c8d/7dc474ec-e43c-4ffa-9521-1af37f01ef31_1267378884.jpeg?h=225&w=225
312101565,Lol Surprise Hair Accessories Set,https://www.tesco.com/groceries/en-GB/shop/health-and-beauty/all?department=Perfumes%2C%20Aftershaves%20%26%20Gift%20Sets&viewAll=department&page=,£12.00,£12.00/each,£6.00 Clubcard Price,,/groceries/en-GB/products/312101565,https://digitalcontent.api.tesco.com/v2/media/ghs/49d224cb-779d-450f-9b49-c1f712ea6b1c/6106b00b-24b6-4bb6-a946-80726e04ebe5_60657161.jpeg?h=225&w=225
311944297,Hey Duggee Dental Set,https://www.tesco.com/groceries/en-GB/shop/health-and-beauty/all?department=Perfumes%2C%20Aftershaves%20%26%20Gift%20Sets&viewAll=department&page=,£10.00,£10.00/each,£5.00 Clubcard Price,,/groceries/en-GB/products/311944297,https://digitalcontent.api.tesco.com/v2/media/ghs/3e8ca84d-7c53-49af-b4b0-308a1169b374/a9f56a8b-c08b-490e-b8a1-8c740f442b6a_1459505898.jpeg?h=225&w=225
308856443,White Grace Pampering Collection,https://www.tesco.com/groceries/en-GB/shop/health-and-beauty/all?department=Perfumes%2C%20Aftershaves%20%26%20Gift%20Sets&viewAll=department&page=,£12.00,£12.00/each,£6.00 Clubcard Price,,/groceries/en-GB/products/308856443,https://digitalcontent.api.tesco.com/v2/media/ghs/4dbe684b-80bf-493f-a291-e0efcb848499/1a1c8045-437c-4634-bbd3-16837f6193fd_2009007203.jpeg?h=225&w=225
312234350,Leo Bancroft Ultimate Hair Accessories Set,https://www.tesco.com/groceries/en-GB/shop/health-and-beauty/all?department=Perfumes%2C%20Aftershaves%20%26%20Gift%20Sets&viewAll=department&page=,£8.00,£8.00/each,£4.00 Clubcard Price,,/groceries/en-GB/products/312234350,https://digitalcontent.api.tesco.com/v2/media/ghs/d8484d8a-a055-4258-ab45-e59d391d7f92/7c67c42d-070f-427d-b940-08d5c6f0e173_811553442.jpeg?h=225&w=225
311938694,Cocomelon Bubble Bath Stackable Cube Set 3X175ml,https://www.tesco.com/groceries/en-GB/shop/health-and-beauty/all?department=Perfumes%2C%20Aftershaves%20%26%20Gift%20Sets&viewAll=department&page=,£8.00,£1.53/100ml,£4.00 Clubcard Price,,/groceries/en-GB/products/311938694,https://digitalcontent.api.tesco.com/v2/media/ghs/0dbce634-f5f5-49fc-85da-a278bc9f93e4/eb68b199-9aeb-44e3-8a63-f3af1de97962_1322539569.jpeg?h=225&w=225
312352866,Lynx Attract For Her Washbag Gift Set,https://www.tesco.com/groceries/en-GB/shop/health-and-beauty/all?department=Perfumes%2C%20Aftershaves%20%26%20Gift%20Sets&viewAll=department&page=,£14.00,£7.00/each,£7.00 Clubcard Price,,/groceries/en-GB/products/312352866,https://digitalcontent.api.tesco.com/v2/media/ghs/76ba75e0-4c99-4d45-9607-533c6cb558e7/16e52eb4-b77a-4bd4-ba13-c5ec3435ca26_385232937.jpeg?h=225&w=225
312086524,Feather & Down Pillow Spray & Eye Mask Duo,https://www.tesco.com/groceries/en-GB/shop/health-and-beauty/all?department=Perfumes%2C%20Aftershaves%20%26%20Gift%20Sets&viewAll=department&page=,£10.00,£10.00/each,£5.00 Clubcard Price,,/groceries/en-GB/products/312086524,https://digitalcontent.api.tesco.com/v2/media/ghs/361ee320-e8a7-4e5c-b7e5-bb06c37499f0/e04c7936-24f7-401b-964c-1837df3269eb_815212952.jpeg?h=225&w=225
308821951,Oliver Thomas Pomegranate & Rhubarb Bathing Collection,https://www.tesco.com/groceries/en-GB/shop/health-and-beauty/all?department=Perfumes%2C%20Aftershaves%20%26%20Gift%20Sets&viewAll=department&page=,£10.00,£10.00/each,£5.00 Clubcard Price,,/groceries/en-GB/products/308821951,https://digitalcontent.api.tesco.com/v2/media/ghs/19bbfebd-e8b1-49e0-8a6a-5a92ca8d3405/57d3bf19-f5ca-457b-834a-96a4dfc5211c_2006305015.jpeg?h=225&w=225
311960303,Disney Princess Make Waves Hair Set,https://www.tesco.com/groceries/en-GB/shop/health-and-beauty/all?department=Perfumes%2C%20Aftershaves%20%26%20Gift%20Sets&viewAll=department&page=,£8.00,£8.00/each,£4.00 Clubcard Price,,/groceries/en-GB/products/311960303,https://digitalcontent.api.tesco.com/v2/media/ghs/4fbdf72b-6949-4eda-b5fd-a9f76b99099f/b19f50e2-729d-4233-874f-fe5ee67a1358_1991217016.jpeg?h=225&w=225
312218295,Hey Duggee Bathtime Pack,https://www.tesco.com/groceries/en-GB/shop/health-and-beauty/all?department=Perfumes%2C%20Aftershaves%20%26%20Gift%20Sets&viewAll=department&page=,£9.00,£9.00/each,£4.50 Clubcard Price,,/groceries/en-GB/products/312218295,https://digitalcontent.api.tesco.com/v2/media/ghs/68f1071d-9bf2-4b00-921b-5b6520283819/502ed94a-726b-4369-bc93-d76cbc02ab32_1599589362.jpeg?h=225&w=225
281108363,Paco Rabanne One Million Eau De Toilette Spray 100Ml,https://www.tesco.com/groceries/en-GB/shop/health-and-beauty/all?department=Perfumes%2C%20Aftershaves%20%26%20Gift%20Sets&viewAll=department&page=,£58.80,£58.80/100ml,,,/groceries/en-GB/products/281108363,https://digitalcontent.api.tesco.com/v2/media/ghs/d1f6ac9a-a912-4de6-8c62-2fe542d51aee/snapshotimagehandler_474767028.jpeg?h=225&w=225
309473180,David Beckham Bold Instinct Eau De Toilette Fragrance 75Ml,https://www.tesco.com/groceries/en-GB/shop/health-and-beauty/all?department=Perfumes%2C%20Aftershaves%20%26%20Gift%20Sets&viewAll=department&page=,£35.00,£46.67/100ml,,,/groceries/en-GB/products/309473180,https://digitalcontent.api.tesco.com/v2/media/ghs/c8fb80a2-9c7e-40ba-a6f2-09c82c70bede/6871461c-99f8-402f-9e79-25c675505574_758520419.jpeg?h=225&w=225
267429516,Calvin Klein Eternity M Eau De Toilette 30Ml,https://www.tesco.com/groceries/en-GB/shop/health-and-beauty/all?department=Perfumes%2C%20Aftershaves%20%26%20Gift%20Sets&viewAll=department&page=,£26.40,£88.00/100ml,,,/groceries/en-GB/products/267429516,https://digitalcontent.api.tesco.com/v2/media/ghs/fab9a8a8-877e-4187-99bf-6519283cf7da/23d93632-917c-426c-afc2-29af52e7c839_54784572.jpeg?h=225&w=225
309491895,David Beckham Bold Instinct Eau De Toilette Fragrance 50Ml,https://www.tesco.com/groceries/en-GB/shop/health-and-beauty/all?department=Perfumes%2C%20Aftershaves%20%26%20Gift%20Sets&viewAll=department&page=,£25.00,£50.00/100ml,,,/groceries/en-GB/products/309491895,https://digitalcontent.api.tesco.com/v2/media/ghs/b648be2e-dc15-4cf5-a93f-eb6cb26786b0/2e94bed6-b3da-4245-9a2f-6c523d87ad55_432970942.jpeg?h=225&w=225
278352404,Joop Homme Eau De Toilette 125Ml Spray,https://www.tesco.com/groceries/en-GB/shop/health-and-beauty/all?department=Perfumes%2C%20Aftershaves%20%26%20Gift%20Sets&viewAll=department&page=,£36.75,£29.40/100ml,,,/groceries/en-GB/products/278352404,https://digitalcontent.api.tesco.com/v2/media/ghs/7db51635-968e-4869-8d24-1dbd65f20a1d/1b67d573-7305-483c-a38e-97f6e0783ab6_804872049.jpeg?h=225&w=225
290483099,David Beckham Classic Blue Eau De Toilette Spray 90Ml,https://www.tesco.com/groceries/en-GB/shop/health-and-beauty/all?department=Perfumes%2C%20Aftershaves%20%26%20Gift%20Sets&viewAll=department&page=,£35.00,£38.89/100ml,,,/groceries/en-GB/products/290483099,https://digitalcontent.api.tesco.com/v2/media/ghs/c977ea08-8b3c-41dd-b1de-ac71323d9acc/e5c3959d-2dc7-40d0-bf4e-cb50e89b8bbc_1952379884.jpeg?h=225&w=225
309475990,Vera Wang Eau De Perfume Women 100Ml,https://www.tesco.com/groceries/en-GB/shop/health-and-beauty/all?department=Perfumes%2C%20Aftershaves%20%26%20Gift%20Sets&viewAll=department&page=,£50.00,£50.00/100ml,,,/groceries/en-GB/products/309475990,https://digitalcontent.api.tesco.com/v2/media/ghs/2b4d5593-151d-4808-990d-d93f2f429aae/edeafab5-58f0-42d4-acdf-3734aca4c253_426436380.jpeg?h=225&w=225
291481733,Joop Homme After Shave Splash 75Ml,https://www.tesco.com/groceries/en-GB/shop/health-and-beauty/all?department=Perfumes%2C%20Aftershaves%20%26%20Gift%20Sets&viewAll=department&page=,£20.00,£26.67/100ml,,,/groceries/en-GB/products/291481733,https://digitalcontent.api.tesco.com/v2/media/ghs/6be49509-5f73-461e-8c42-46b238f3333e/772ee3f2-87f8-4144-b1c0-7d72278a4364_497925415.jpeg?h=225&w=225
273759807,Paul Smith Eau De Parfum 100Ml,https://www.tesco.com/groceries/en-GB/shop/health-and-beauty/all?department=Perfumes%2C%20Aftershaves%20%26%20Gift%20Sets&viewAll=department&page=,£27.00,£27.00/100ml,,,/groceries/en-GB/products/273759807,https://digitalcontent.api.tesco.com/v2/media/ghs/58a142fd-b58c-4207-a872-4a90198423a5/345a1a86-1330-4dee-a8db-67c6a34c3d5b_1725323994.jpeg?h=225&w=225
312559392,Nip & Fab Exfoliate Glycolic Fix Kit,https://www.tesco.com/groceries/en-GB/shop/health-and-beauty/all?department=Perfumes%2C%20Aftershaves%20%26%20Gift%20Sets&viewAll=department&page=,£30.00,£30.00/each,£15.00 Clubcard Price,,/groceries/en-GB/products/312559392,https://digitalcontent.api.tesco.com/v2/media/ghs/6b5d4531-d302-49a5-bbdd-568588b0dffb/fdaf874d-aeff-40c8-9173-72bceafa85cf_1477559793.jpeg?h=225&w=225
304783984,Guess Seductive Homme Eau De Toilette 100Ml,https://www.tesco.com/groceries/en-GB/shop/health-and-beauty/all?department=Perfumes%2C%20Aftershaves%20%26%20Gift%20Sets&viewAll=department&page=,£25.00,£25.00/100ml,,,/groceries/en-GB/products/304783984,https://digitalcontent.api.tesco.com/v2/media/ghs/bdefde06-e7bd-4b82-b681-ce7756fe2cbc/e5e7ef17-cb09-47cb-a249-87f21d24b37a_1365010195.jpeg?h=225&w=225
267429620,Calvin Klein Obsession F Eau De Parfum 30Ml,https://www.tesco.com/groceries/en-GB/shop/health-and-beauty/all?department=Perfumes%2C%20Aftershaves%20%26%20Gift%20Sets&viewAll=department&page=,£23.10,£77.00/100ml,,,/groceries/en-GB/products/267429620,https://digitalcontent.api.tesco.com/v2/media/ghs/d3d42ea8-391f-4a3b-8383-4a03986285c6/918a4988-0f09-4132-b1eb-0598c6c8028b_255628847.jpeg?h=225&w=225
271812834,Britney Spears Curious Edt100ml,https://www.tesco.com/groceries/en-GB/shop/health-and-beauty/all?department=Perfumes%2C%20Aftershaves%20%26%20Gift%20Sets&viewAll=department&page=,£20.00,£20.00/100ml,,,/groceries/en-GB/products/271812834,https://digitalcontent.api.tesco.com/v2/media/ghs/50af10fb-13c2-4943-95ef-6a90ad993da1/snapshotimagehandler_938379964.jpeg?h=225&w=225
304799038,Guess Seductive Eau De Toilette 75Ml,https://www.tesco.com/groceries/en-GB/shop/health-and-beauty/all?department=Perfumes%2C%20Aftershaves%20%26%20Gift%20Sets&viewAll=department&page=,£25.00,£33.34/100ml,,,/groceries/en-GB/products/304799038,https://digitalcontent.api.tesco.com/v2/media/ghs/29d6f32c-732c-4760-abcd-e37016255ab4/96090546-7942-435e-935f-d8721c8d6773_1715120060.jpeg?h=225&w=225
283222892,Davidoff Coolwater F Eau De Toilette Spray 30Ml,https://www.tesco.com/groceries/en-GB/shop/health-and-beauty/all?department=Perfumes%2C%20Aftershaves%20%26%20Gift%20Sets&viewAll=department&page=,£28.00,£93.34/100ml,,,/groceries/en-GB/products/283222892,https://digitalcontent.api.tesco.com/v2/media/ghs/e0ec5cf5-7c87-4336-92e2-7eab20014418/snapshotimagehandler_1158866233.jpeg?h=225&w=225
309764158,St Moriz Advanced Glow Proud Gift Set,https://www.tesco.com/groceries/en-GB/shop/health-and-beauty/all?department=Perfumes%2C%20Aftershaves%20%26%20Gift%20Sets&viewAll=department&page=,£18.00,£18.00/each,,,/groceries/en-GB/products/309764158,https://digitalcontent.api.tesco.com/v2/media/ghs/35134a38-a79c-422e-be7a-2e88e57ac9f5/a10b2a37-91b7-4d00-bd37-9870f0847d0d_627124083.jpeg?h=225&w=225
273759836,Paul Smith Eau De Toilette 100Ml,https://www.tesco.com/groceries/en-GB/shop/health-and-beauty/all?department=Perfumes%2C%20Aftershaves%20%26%20Gift%20Sets&viewAll=department&page=,£26.25,£26.25/100ml,,,/groceries/en-GB/products/273759836,https://digitalcontent.api.tesco.com/v2/media/ghs/76922d07-5346-4282-a4bd-b7060946fa71/92fcd2a4-f289-46f2-8e8a-94635ab545fc_703352890.jpeg?h=225&w=225
278542687,Fcuk Original For Ladies 100Ml,https://www.tesco.com/groceries/en-GB/shop/health-and-beauty/all?department=Perfumes%2C%20Aftershaves%20%26%20Gift%20Sets&viewAll=department&page=,£13.00,£13.00/100ml,,,/groceries/en-GB/products/278542687,https://digitalcontent.api.tesco.com/v2/media/ghs/0426126d-39e3-4375-8b59-2499068ed90d/7887d597-a036-4f0d-9e73-16fa4ed15074_1036191577.jpeg?h=225&w=225
267427461,Elizabeth Arden Fifth Avenue Eau De Parfum 30Ml,https://www.tesco.com/groceries/en-GB/shop/health-and-beauty/all?department=Perfumes%2C%20Aftershaves%20%26%20Gift%20Sets&viewAll=department&page=,£12.60,£42.00/100ml,,,/groceries/en-GB/products/267427461,https://digitalcontent.api.tesco.com/v2/media/ghs/b7afd2aa-ea56-4373-a8d3-084626a82d9a/3dac1efa-c321-41c9-bd7c-6f3b1ad74c44_886270094.jpeg?h=225&w=225
311950091,Baylis & Harding Beauticology Sweetest Surprise Shop Gift Set,https://www.tesco.com/groceries/en-GB/shop/health-and-beauty/all?department=Perfumes%2C%20Aftershaves%20%26%20Gift%20Sets&viewAll=department&page=,£18.00,£18.00/each,£9.00 Clubcard Price,,/groceries/en-GB/products/311950091,https://digitalcontent.api.tesco.com/v2/media/ghs/23be1bac-c9db-493b-8002-2c160422ac14/fd11160f-fcf1-44b9-b981-a2557e4bf64a_1544256260.jpeg?h=225&w=225
305523069,Elizabeth Arden Green Tea Honey Drops Body Cream 500Ml,https://www.tesco.com/groceries/en-GB/shop/health-and-beauty/all?department=Perfumes%2C%20Aftershaves%20%26%20Gift%20Sets&viewAll=department&page=,£15.00,£3.00/100ml,,,/groceries/en-GB/products/305523069,https://digitalcontent.api.tesco.com/v2/media/ghs-mktg/b0b04216-fa73-466d-a9d7-c9fcfa1ce9b3/no-image.jpeg
280805017,Fcuk Friction Her Eau De Parfum Spray 100Ml,https://www.tesco.com/groceries/en-GB/shop/health-and-beauty/all?department=Perfumes%2C%20Aftershaves%20%26%20Gift%20Sets&viewAll=department&page=,£13.00,£13.00/100ml,,,/groceries/en-GB/products/280805017,https://digitalcontent.api.tesco.com/v2/media/ghs/c6246dcf-aa80-4eda-bdc5-83527feb70dd/81cd20ec-9170-4084-a7b3-e816e87ed026_709710229.jpeg?h=225&w=225
312843838,Adidas Victory League Eau De Toilette 100Ml,https://www.tesco.com/groceries/en-GB/shop/health-and-beauty/all?department=Perfumes%2C%20Aftershaves%20%26%20Gift%20Sets&viewAll=department&page=,£8.00,£8.00/100ml,,,/groceries/en-GB/products/312843838,https://digitalcontent.api.tesco.com/v2/media/ghs-mktg/b0b04216-fa73-466d-a9d7-c9fcfa1ce9b3/no-image.jpeg
312710875,Adidas Ice Dive Eau De Toilette Natural Spray 100Ml,https://www.tesco.com/groceries/en-GB/shop/health-and-beauty/all?department=Perfumes%2C%20Aftershaves%20%26%20Gift%20Sets&viewAll=department&page=,£8.00,£8.00/100ml,,,/groceries/en-GB/products/312710875,https://digitalcontent.api.tesco.com/v2/media/ghs-mktg/b0b04216-fa73-466d-a9d7-c9fcfa1ce9b3/no-image.jpeg
312568352,Adidas Pure Game Eau De Toilette Spray 100Ml,https://www.tesco.com/groceries/en-GB/shop/health-and-beauty/all?department=Perfumes%2C%20Aftershaves%20%26%20Gift%20Sets&viewAll=department&page=,£8.00,£8.00/100ml,,,/groceries/en-GB/products/312568352,https://digitalcontent.api.tesco.com/v2/media/ghs-mktg/b0b04216-fa73-466d-a9d7-c9fcfa1ce9b3/no-image.jpeg
266240014,Charlie Blue Eau Fraiche Eau De Toilette Spray 100Ml,https://www.tesco.com/groceries/en-GB/shop/health-and-beauty/all?department=Perfumes%2C%20Aftershaves%20%26%20Gift%20Sets&viewAll=department&page=,£5.00,£5.00/100ml,,,/groceries/en-GB/products/266240014,https://digitalcontent.api.tesco.com/v2/media/ghs/9f8bca3f-d8ca-4d57-9ff3-43be03767a8d/snapshotimagehandler_724844249.jpeg?h=225&w=225
266240020,Charlie Red Eau Fraiche Eau De Toilette Spray 100Ml,https://www.tesco.com/groceries/en-GB/shop/health-and-beauty/all?department=Perfumes%2C%20Aftershaves%20%26%20Gift%20Sets&viewAll=department&page=,£5.00,£5.00/100ml,,,/groceries/en-GB/products/266240020,https://digitalcontent.api.tesco.com/v2/media/ghs/22c5a6bb-ca1a-42bb-b948-c14e1d0326b1/snapshotimagehandler_564745788.jpeg?h=225&w=225
312991218,Beverly Hills Polo Club Sport 2 Men Eau De Toilette 100Ml,https://www.tesco.com/groceries/en-GB/shop/health-and-beauty/all?department=Perfumes%2C%20Aftershaves%20%26%20Gift%20Sets&viewAll=department&page=,£18.00,£18.00/100ml,,,/groceries/en-GB/products/312991218,https://digitalcontent.api.tesco.com/v2/media/ghs-mktg/b0b04216-fa73-466d-a9d7-c9fcfa1ce9b3/no-image.jpeg
312995750,Beverly Hills Polo Club Sport 1 Men Eau De Toilette 100Ml,https://www.tesco.com/groceries/en-GB/shop/health-and-beauty/all?department=Perfumes%2C%20Aftershaves%20%26%20Gift%20Sets&viewAll=department&page=,£18.00,£18.00/100ml,,,/groceries/en-GB/products/312995750,https://digitalcontent.api.tesco.com/v2/media/ghs-mktg/b0b04216-fa73-466d-a9d7-c9fcfa1ce9b3/no-image.jpeg
291684764,Nivea Sun Face Cream Anti-Aging F50+ 50Ml,https://www.tesco.com/groceries/en-GB/shop/health-and-beauty/all?department=Suncare%20%26%20Travel&viewAll=department&page=,£7.40,£14.80/100ml,,,/groceries/en-GB/products/291684764,https://digitalcontent.api.tesco.com/v2/media/ghs/1954be94-1ae7-4ec7-a18c-c794d626404d/d9878b31-5510-4f9c-940b-dd833b24f482_972040179.jpeg?h=225&w=225
302353581,Garnier Micellar Cleansing Water 100Ml,https://www.tesco.com/groceries/en-GB/shop/health-and-beauty/all?department=Suncare%20%26%20Travel&viewAll=department&page=,£3.00,£3.00/100ml,Any 3 for 2 Clubcard Price - Cheapest Product Free - Selected Travel Accessories,,/groceries/en-GB/products/302353581,https://digitalcontent.api.tesco.com/v2/media/ghs/3f8b67d6-4e21-4805-947f-3a238bf7b098/11939e60-c5c4-4bd6-8f34-a5d6f399c3c8_1367495589.jpeg?h=225&w=225
310675003,Sensodyne Nourish Gently Soothing Toothpaste 75Ml,https://www.tesco.com/groceries/en-GB/shop/health-and-beauty/all?department=Suncare%20%26%20Travel&viewAll=department&page=,£4.50,£6.00/100ml,,,/groceries/en-GB/products/310675003,https://digitalcontent.api.tesco.com/v2/media/ghs/4dc40d96-0f88-4ee6-9b75-ae389b593318/e87752f3-82f4-435e-a773-b0e6c421e460_1098352691.jpeg?h=225&w=225
310138444,Sensodyne Nourish Healthy White Toothpaste 75Ml,https://www.tesco.com/groceries/en-GB/shop/health-and-beauty/all?department=Suncare%20%26%20Travel&viewAll=department&page=,£4.50,£6.00/100ml,,,/groceries/en-GB/products/310138444,https://digitalcontent.api.tesco.com/v2/media/ghs/e042db34-5d75-4e29-91e3-3b30bb9dd752/6fa18898-1143-4590-ace2-1873bb36f41f_721874047.jpeg?h=225&w=225
310138346,Bondi Sands Spf50+ Fragrance Free Face Lotion 75Ml,https://www.tesco.com/groceries/en-GB/shop/health-and-beauty/all?department=Suncare%20%26%20Travel&viewAll=department&page=,£7.00,£9.34/100ml,,,/groceries/en-GB/products/310138346,https://digitalcontent.api.tesco.com/v2/media/ghs/3b70ef74-1959-4a22-be02-4f03e6faef2e/1a2b5d77-01e1-4166-9834-4b37b1797aaa_77594039.jpeg?h=225&w=225
266408278,Simple Kind To Skin Cleansing Facial Wipes 7S,https://www.tesco.com/groceries/en-GB/shop/health-and-beauty/all?department=Suncare%20%26%20Travel&viewAll=department&page=,£1.50,£21.43/100sht,Any 3 for 2 Clubcard Price - Cheapest Product Free - Selected Travel Accessories,,/groceries/en-GB/products/266408278,https://digitalcontent.api.tesco.com/v2/media/ghs/54cb2f52-4917-4c6c-a0c1-4a17aa866e45/958d6593-dbac-40aa-a747-f4d1a509c2d5_363547999.jpeg?h=225&w=225
295872777,Sensodyne Rapid Relief 75Ml,https://www.tesco.com/groceries/en-GB/shop/health-and-beauty/all?department=Suncare%20%26%20Travel&viewAll=department&page=,£5.00,£6.67/100ml,£3.00 Clubcard Price,,/groceries/en-GB/products/295872777,https://digitalcontent.api.tesco.com/v2/media/ghs/62072a2b-d05f-433d-9668-4e3ab7e7fd69/41c9f68e-c13c-4c6c-833a-748235abd38f_493919637.jpeg?h=225&w=225
259076599,Nivea Sun Moisturising Sun Spray F50+ 200Ml,https://www.tesco.com/groceries/en-GB/shop/health-and-beauty/all?department=Suncare%20%26%20Travel&viewAll=department&page=,£6.15,£3.08/100ml,,,/groceries/en-GB/products/259076599,https://digitalcontent.api.tesco.com/v2/media/ghs/dbd6d8ea-e169-4d36-945c-14765f95df5e/311994d6-34df-4ea5-9d7b-978b43a5950e_1802659797.jpeg?h=225&w=225
295872790,Sensodyne Rapid Relief Whitening 75Ml,https://www.tesco.com/groceries/en-GB/shop/health-and-beauty/all?department=Suncare%20%26%20Travel&viewAll=department&page=,£5.00,£6.67/100ml,£3.00 Clubcard Price,,/groceries/en-GB/products/295872790,https://digitalcontent.api.tesco.com/v2/media/ghs/554cb2bf-9510-42bb-b85d-2fbaa10e3f27/aece4a98-5c46-4373-a6f0-1bcc90478ff9_1369339914.jpeg?h=225&w=225
295036178,Blistex Intensive Lip Moisturiser Cherry 6Ml,https://www.tesco.com/groceries/en-GB/shop/health-and-beauty/all?department=Suncare%20%26%20Travel&viewAll=department&page=,£2.50,£41.67/100ml,£1.65 Clubcard Price,,/groceries/en-GB/products/295036178,https://digitalcontent.api.tesco.com/v2/media/ghs/cff982e1-d34b-46f2-b2a1-d4e0ee5668fd/c509069e-4b92-437a-9bce-ecbee082f6eb_979564413.jpeg?h=225&w=225
291817044,Dove Deeply Nourishing Body Wash 55Ml,https://www.tesco.com/groceries/en-GB/shop/health-and-beauty/all?department=Suncare%20%26%20Travel&viewAll=department&page=,£1.50,£3.00/100ml,Any 3 for 2 Clubcard Price - Cheapest Product Free - Selected Travel Accessories,,/groceries/en-GB/products/291817044,https://digitalcontent.api.tesco.com/v2/media/ghs/10bd55ac-2bf5-4c72-b6aa-957a9f3db280/15f028f2-4e01-4376-9178-2e7abdce5292_116780674.jpeg?h=225&w=225
305734673,Sani Hands Anti-Bacterial 12 Hand Wipes,https://www.tesco.com/groceries/en-GB/shop/health-and-beauty/all?department=Suncare%20%26%20Travel&viewAll=department&page=,£1.50,£12.50/100sht,Any 3 for 2 Clubcard Price - Cheapest Product Free - Selected Travel Accessories,,/groceries/en-GB/products/305734673,https://digitalcontent.api.tesco.com/v2/media/ghs/9bdff06e-dd4b-45f3-97b6-6b22a9a173c8/7a5da208-ba44-4864-8444-bd7b34ac108d_1171601820.jpeg?h=225&w=225
281678384,Dove Men+Care Clean Cmfrt Antiperspirant Deodorant Compressed 75Ml,https://www.tesco.com/groceries/en-GB/shop/health-and-beauty/all?department=Suncare%20%26%20Travel&viewAll=department&page=,£2.00,£2.67/100ml,Any 3 for 2 Clubcard Price - Cheapest Product Free - Selected Travel Accessories,,/groceries/en-GB/products/281678384,https://digitalcontent.api.tesco.com/v2/media/ghs/5d528ee2-660d-4faa-a878-b9d6d153d4a5/c197a14c-70f7-44f1-a155-59ee1cc43ddf_1182289260.jpeg?h=225&w=225
276683321,Dove Original Antiperspirant Deodorant Compressed 75Ml,https://www.tesco.com/groceries/en-GB/shop/health-and-beauty/all?department=Suncare%20%26%20Travel&viewAll=department&page=,£2.00,£2.67/100ml,Any 3 for 2 Clubcard Price - Cheapest Product Free - Selected Travel Accessories,,/groceries/en-GB/products/276683321,https://digitalcontent.api.tesco.com/v2/media/ghs/02719995-735f-416c-8d12-9f3a840031ef/59f95bfc-7230-4d8b-a74e-60bce71b6b2b.jpeg?h=225&w=225
268154925,Nivea Deo Pearl & Beauty Roll-On 25Ml,https://www.tesco.com/groceries/en-GB/shop/health-and-beauty/all?department=Suncare%20%26%20Travel&viewAll=department&page=,£1.50,£6.00/100ml,Any 3 for 2 Clubcard Price - Cheapest Product Free - Selected Travel Accessories,,/groceries/en-GB/products/268154925,https://digitalcontent.api.tesco.com/v2/media/ghs/8686098d-4973-4fa2-9b7d-1fbf43039ff8/e1a0fb86-1eef-4797-93e0-ca93afefcd52_849753471.jpeg?h=225&w=225
310162011,L'oreal Paris Elvive Dream Lengths Shampoo 90Ml,https://www.tesco.com/groceries/en-GB/shop/health-and-beauty/all?department=Suncare%20%26%20Travel&viewAll=department&page=,£2.15,£2.39/100ml,Any 3 for 2 Clubcard Price - Cheapest Product Free - Selected Travel Accessories,,/groceries/en-GB/products/310162011,https://digitalcontent.api.tesco.com/v2/media/ghs/eb738a81-1940-4450-83b5-ddf4baeb7808/a4714376-bf1c-4502-aeaf-6b9acb7d473a_907993884.jpeg?h=225&w=225
310160733,L'oreal Paris Elvive Colour Protect Conditioner 90Ml,https://www.tesco.com/groceries/en-GB/shop/health-and-beauty/all?department=Suncare%20%26%20Travel&viewAll=department&page=,£2.15,£2.39/100ml,Any 3 for 2 Clubcard Price - Cheapest Product Free - Selected Travel Accessories,,/groceries/en-GB/products/310160733,https://digitalcontent.api.tesco.com/v2/media/ghs/77a1618e-8662-4abe-9a74-9443f7bba94e/a16f539b-f580-41f2-ac5e-71d5b52ce65e_1297167447.jpeg?h=225&w=225
310109335,Sanex Biomeprotect Moisturising Shower Gel 50Ml,https://www.tesco.com/groceries/en-GB/shop/health-and-beauty/all?department=Suncare%20%26%20Travel&viewAll=department&page=,£1.50,£3.00/100ml,Any 3 for 2 Clubcard Price - Cheapest Product Free - Selected Travel Accessories,,/groceries/en-GB/products/310109335,https://digitalcontent.api.tesco.com/v2/media/ghs/284bd91c-1a32-4b98-98a2-359eb6b6e61e/1b345fe8-9e19-41e5-a0e1-a82c0ae50944_1766533190.jpeg?h=225&w=225
303106504,Colgate Total Original Toothpaste 20Ml,https://www.tesco.com/groceries/en-GB/shop/health-and-beauty/all?department=Suncare%20%26%20Travel&viewAll=department&page=,£1.50,£7.50/100ml,Any 3 for 2 Clubcard Price - Cheapest Product Free - Selected Travel Accessories,,/groceries/en-GB/products/303106504,https://digitalcontent.api.tesco.com/v2/media/ghs/7a3dec4e-4a2b-4731-b52d-f4b5782ff2c1/eeada1a2-37ae-4ab4-be92-e6218dfd0db4_344092544.jpeg?h=225&w=225
267413022,Simple Moisturising Facial Wash 50Ml,https://www.tesco.com/groceries/en-GB/shop/health-and-beauty/all?department=Suncare%20%26%20Travel&viewAll=department&page=,£1.50,£3.00/100ml,Any 3 for 2 Clubcard Price - Cheapest Product Free - Selected Travel Accessories,,/groceries/en-GB/products/267413022,https://digitalcontent.api.tesco.com/v2/media/ghs/bb3ece68-c589-4d02-8454-d9799436329e/d471976e-d348-4a5f-afee-e4ebc3e2283c_460847641.jpeg?h=225&w=225
302226801,Schwarzkopf Got2b Glued Blasting Freeze Spray 100Ml,https://www.tesco.com/groceries/en-GB/shop/health-and-beauty/all?department=Suncare%20%26%20Travel&viewAll=department&page=,£2.00,£2.00/100ml,£1.75 Clubcard Price,,/groceries/en-GB/products/302226801,https://digitalcontent.api.tesco.com/v2/media/ghs/33f49372-72b6-4f12-943e-d33fd0fe04f3/6779dd02-bf53-4039-b2a0-0181e9ee5fe7_1614172057.jpeg?h=225&w=225
303104443,Johnson's Baby Powder 100G,https://www.tesco.com/groceries/en-GB/shop/health-and-beauty/all?department=Suncare%20%26%20Travel&viewAll=department&page=,£1.50,£1.50/100g,Any 3 for 2 Clubcard Price - Cheapest Product Free - Selected Travel Accessories,,/groceries/en-GB/products/303104443,https://digitalcontent.api.tesco.com/v2/media/ghs/8ef0e5b4-d3a1-4262-b742-2c0d75fb1f11/9fab8177-e3eb-452a-bae9-b64fcda874ae_218734840.jpeg?h=225&w=225
261104645,Nivea Deo Pearl & Beauty Spray Mini 35Ml,https://www.tesco.com/groceries/en-GB/shop/health-and-beauty/all?department=Suncare%20%26%20Travel&viewAll=department&page=,£1.50,£4.29/100ml,Any 3 for 2 Clubcard Price - Cheapest Product Free - Selected Travel Accessories,,/groceries/en-GB/products/261104645,https://digitalcontent.api.tesco.com/v2/media/ghs/99062c2b-431e-405e-b4bd-0494972d0fd5/ef248169-b9d0-45b8-a97e-b4b579934f46_705796372.jpeg?h=225&w=225
264465241,Nivea For Men Cool Kick 35Ml,https://www.tesco.com/groceries/en-GB/shop/health-and-beauty/all?department=Suncare%20%26%20Travel&viewAll=department&page=,£1.50,£4.29/100ml,Any 3 for 2 Clubcard Price - Cheapest Product Free - Selected Travel Accessories,,/groceries/en-GB/products/264465241,https://digitalcontent.api.tesco.com/v2/media/ghs/3815943f-b7ad-4de3-a969-c68daae86fe1/a6648624-5ac8-408f-9bf7-192cb6f7c740_569253600.jpeg?h=225&w=225
308107386,Radox Therapy Feel Awake 2 In 1 Gel 60Ml,https://www.tesco.com/groceries/en-GB/shop/health-and-beauty/all?department=Suncare%20%26%20Travel&viewAll=department&page=,£1.50,£2.50/100ml,Any 3 for 2 Clubcard Price - Cheapest Product Free - Selected Travel Accessories,,/groceries/en-GB/products/308107386,https://digitalcontent.api.tesco.com/v2/media/ghs/a584ef0e-fea2-4f13-88b8-3e0e5c6c8fb8/0871ed2a-6471-44a2-9be3-64975d195489_1016706197.jpeg?h=225&w=225
272003212,Femfresh Pocket Wipes 10'S,https://www.tesco.com/groceries/en-GB/shop/health-and-beauty/all?department=Suncare%20%26%20Travel&viewAll=department&page=,£1.50,£15.00/100sht,Any 3 for 2 Clubcard Price - Cheapest Product Free - Selected Travel Accessories,,/groceries/en-GB/products/272003212,https://digitalcontent.api.tesco.com/v2/media/ghs/8cf95b9f-3877-4f4e-82cf-f0c997104036/b6000e09-ee17-4174-9bae-ccbd06a75729_743729123.jpeg?h=225&w=225
264412425,Listerine Total Care Travel Mouthwash 95Ml,https://www.tesco.com/groceries/en-GB/shop/health-and-beauty/all?department=Suncare%20%26%20Travel&viewAll=department&page=,£1.50,£1.58/100ml,Any 3 for 2 Clubcard Price - Cheapest Product Free - Selected Travel Accessories,,/groceries/en-GB/products/264412425,https://digitalcontent.api.tesco.com/v2/media/ghs/9f7609df-e039-4c4d-b843-a33fbaf7e19c/c4841638-3e8a-4ecb-80a3-438e38723398_1095430353.jpeg?h=225&w=225
296920800,Head & Shoulders Anti-Dandruff Classic Clean Shampoo 90Ml,https://www.tesco.com/groceries/en-GB/shop/health-and-beauty/all?department=Suncare%20%26%20Travel&viewAll=department&page=,£1.75,£1.95/100ml,Any 3 for 2 Clubcard Price - Cheapest Product Free - Selected Travel Accessories,,/groceries/en-GB/products/296920800,https://digitalcontent.api.tesco.com/v2/media/ghs/d7ebe454-2761-4952-b139-4c553d4645ec/d7067be1-e0d5-473a-8db8-cd581942f40c_1823141598.jpeg?h=225&w=225
262906046,Tresemme Moisture Rich Luxurious Shampoo 100Ml,https://www.tesco.com/groceries/en-GB/shop/health-and-beauty/all?department=Suncare%20%26%20Travel&viewAll=department&page=,£1.50,£1.50/100ml,Any 3 for 2 Clubcard Price - Cheapest Product Free - Selected Travel Accessories,,/groceries/en-GB/products/262906046,https://digitalcontent.api.tesco.com/v2/media/ghs/ac001a9c-4487-451e-a3c6-49cf3cbc8751/9fda3c28-2331-4fa8-ab10-aaa327005697_1562958145.jpeg?h=225&w=225
262906069,Tresemme Moisture Rich Luxurious Conditioner 100Ml,https://www.tesco.com/groceries/en-GB/shop/health-and-beauty/all?department=Suncare%20%26%20Travel&viewAll=department&page=,£1.50,£1.50/100ml,Any 3 for 2 Clubcard Price - Cheapest Product Free - Selected Travel Accessories,,/groceries/en-GB/products/262906069,https://digitalcontent.api.tesco.com/v2/media/ghs/5bcbf57f-f31b-4328-88ae-6ba5d9b3ec68/b4cd3c1a-6c83-4d53-8980-f34ab7dfb616_1000627238.jpeg?h=225&w=225
267412956,Gillette Satin Care Shaving Gel Sensitive 75Ml,https://www.tesco.com/groceries/en-GB/shop/health-and-beauty/all?department=Suncare%20%26%20Travel&viewAll=department&page=,£1.50,£2.00/100ml,Any 3 for 2 Clubcard Price - Cheapest Product Free - Selected Travel Accessories,,/groceries/en-GB/products/267412956,https://digitalcontent.api.tesco.com/v2/media/ghs/5918663f-0551-420c-85c5-01631ebe2b7a/0543f5e0-2852-4f3a-9ea8-ed6eece0a01d_616675905.jpeg?h=225&w=225
308106548,Grab It Anti-Bacterial Multi Purpose Spray Lemongrass 50Ml,https://www.tesco.com/groceries/en-GB/shop/health-and-beauty/all?department=Suncare%20%26%20Travel&viewAll=department&page=,£1.50,£3.00/100ml,Any 3 for 2 Clubcard Price - Cheapest Product Free - Selected Travel Accessories,,/groceries/en-GB/products/308106548,https://digitalcontent.api.tesco.com/v2/media/ghs/694679b5-b7b8-49cc-9c35-bfe517a84c0b/snapshotimagehandler_1844590444.jpeg?h=225&w=225
296480330,Sensodyne Rapid Relief Toothpaste 15Ml,https://www.tesco.com/groceries/en-GB/shop/health-and-beauty/all?department=Suncare%20%26%20Travel&viewAll=department&page=,£1.55,£10.34/100ml,Any 3 for 2 Clubcard Price - Cheapest Product Free - Selected Travel Accessories,,/groceries/en-GB/products/296480330,https://digitalcontent.api.tesco.com/v2/media/ghs/2ab4e18a-0b4a-4a68-ae04-e38e79a0d76a/c7769ae9-9163-4ab7-95e8-204d0f56dd83_1506228756.jpeg?h=225&w=225
255635221,Silvikrin Firm Hold Hair Spray 75Ml,https://www.tesco.com/groceries/en-GB/shop/health-and-beauty/all?department=Suncare%20%26%20Travel&viewAll=department&page=,£1.65,£2.20/100ml,,,/groceries/en-GB/products/255635221,https://digitalcontent.api.tesco.com/v2/media/ghs/b90d838e-609f-4747-9707-c94fb27e1783/229859d2-cef9-459f-ad25-15cec3110014_1246528073.jpeg?h=225&w=225
310667635,Colgate Sensitive Enamel Repair Toothpaste 20Ml,https://www.tesco.com/groceries/en-GB/shop/health-and-beauty/all?department=Suncare%20%26%20Travel&viewAll=department&page=,£1.50,£7.50/100ml,Any 3 for 2 Clubcard Price - Cheapest Product Free - Selected Travel Accessories,,/groceries/en-GB/products/310667635,https://digitalcontent.api.tesco.com/v2/media/ghs/783afa11-906a-4d97-afb4-4d3587459c92/687addee-bb88-4419-bdf6-bb8987321906_1074803186.jpeg?h=225&w=225
299956407,Colgate Plax Blue Mouthwash 100Ml,https://www.tesco.com/groceries/en-GB/shop/health-and-beauty/all?department=Suncare%20%26%20Travel&viewAll=department&page=,£1.50,£1.50/100ml,Any 3 for 2 Clubcard Price - Cheapest Product Free - Selected Travel Accessories,,/groceries/en-GB/products/299956407,https://digitalcontent.api.tesco.com/v2/media/ghs/abe9b54f-d55a-4953-9cfe-c907bd23de45/463e08a6-5aa3-4db1-b14c-dc65aa9593fe_861986976.jpeg?h=225&w=225
305733150,Colgate Max White Optic Toothpaste 20Ml,https://www.tesco.com/groceries/en-GB/shop/health-and-beauty/all?department=Suncare%20%26%20Travel&viewAll=department&page=,£1.50,£7.50/100ml,Any 3 for 2 Clubcard Price - Cheapest Product Free - Selected Travel Accessories,,/groceries/en-GB/products/305733150,https://digitalcontent.api.tesco.com/v2/media/ghs/651d3763-2be2-412a-9b68-3ffd2f42669e/f254874b-73cf-456e-a57f-f81d70dc0748_1203583962.jpeg?h=225&w=225
305833112,Colgate Max Fresh Cooling Crystals Toothpaste 20Ml,https://www.tesco.com/groceries/en-GB/shop/health-and-beauty/all?department=Suncare%20%26%20Travel&viewAll=department&page=,£1.50,£7.50/100ml,Any 3 for 2 Clubcard Price - Cheapest Product Free - Selected Travel Accessories,,/groceries/en-GB/products/305833112,https://digitalcontent.api.tesco.com/v2/media/ghs/3796a993-b544-48de-89f9-509b160c5977/a39d85ac-b1f0-4815-bf3a-06a31fb53283_964925835.jpeg?h=225&w=225
267412772,Colgate Portable Soft Toothbrush,https://www.tesco.com/groceries/en-GB/shop/health-and-beauty/all?department=Suncare%20%26%20Travel&viewAll=department&page=,£1.50,£1.50/each,Any 3 for 2 Clubcard Price - Cheapest Product Free - Selected Travel Accessories,,/groceries/en-GB/products/267412772,https://digitalcontent.api.tesco.com/v2/media/ghs/293ffdde-f044-4707-985f-b9f22d5f3030/33a16eb7-c71c-4e44-b753-feea92156936_1205351809.jpeg?h=225&w=225
291569095,Cuticura Antibacterial Gel 50Ml,https://www.tesco.com/groceries/en-GB/shop/health-and-beauty/all?department=Suncare%20%26%20Travel&viewAll=department&page=,£1.50,£3.00/100ml,Any 3 for 2 Clubcard Price - Cheapest Product Free - Selected Travel Accessories,,/groceries/en-GB/products/291569095,https://digitalcontent.api.tesco.com/v2/media/ghs/48a63a83-97fb-4808-bedb-2adbc4058f7d/a4974684-fcac-4b4d-8266-f8f955df7733_1731712258.jpeg?h=225&w=225
307145687,Grab It Antibacterial Unicorn Hand Sanitiser 35Ml,https://www.tesco.com/groceries/en-GB/shop/health-and-beauty/all?department=Suncare%20%26%20Travel&viewAll=department&page=,£1.15,£3.29/100ml,Any 3 for 2 Clubcard Price - Cheapest Product Free - Selected Travel Accessories,,/groceries/en-GB/products/307145687,https://digitalcontent.api.tesco.com/v2/media/ghs/9198bb3f-79e7-411c-aaa8-3c76b8e285c1/snapshotimagehandler_1160638286.jpeg?h=225&w=225
306822095,Wet Ones Be Fresh 12 Antibacterial & Biodegradable Wipes,https://www.tesco.com/groceries/en-GB/shop/health-and-beauty/all?department=Suncare%20%26%20Travel&viewAll=department&page=,£1.50,£12.50/100sht,Any 3 for 2 Clubcard Price - Cheapest Product Free - Selected Travel Accessories,,/groceries/en-GB/products/306822095,https://digitalcontent.api.tesco.com/v2/media/ghs/d894d333-5479-410d-a843-3f14e7a9a2c3/c3f98467-dd7f-4cff-9153-d6bbc9c036d1_970984864.jpeg?h=225&w=225
308102408,Grab It Antibacterial Hand & Surface Wipes 10 Pack,https://www.tesco.com/groceries/en-GB/shop/health-and-beauty/all?department=Suncare%20%26%20Travel&viewAll=department&page=,£1.00,£8.34/100sht,Any 3 for 2 Clubcard Price - Cheapest Product Free - Selected Travel Accessories,,/groceries/en-GB/products/308102408,https://digitalcontent.api.tesco.com/v2/media/ghs/3fccdcaf-981b-43a8-9c33-851f61a0cffb/23f927b0-2842-4a2e-9e4f-4e221b061eac_387478195.jpeg?h=225&w=225
296276681,Silvikrin Spray Maximum Hold Hair Spray 75Ml,https://www.tesco.com/groceries/en-GB/shop/health-and-beauty/all?department=Suncare%20%26%20Travel&viewAll=department&page=,£1.65,£2.20/100ml,Any 3 for 2 Clubcard Price - Cheapest Product Free - Selected Travel Accessories,,/groceries/en-GB/products/296276681,https://digitalcontent.api.tesco.com/v2/media/ghs/078fbf3f-2606-4a3c-9d84-f0edad6c944d/98c14f52-95f7-4ccf-91c8-0514f2500789_2008568306.jpeg?h=225&w=225
306819629,Fred & Flo 20 Biodegradable Fragrance Free Travel Wipes,https://www.tesco.com/groceries/en-GB/shop/health-and-beauty/all?department=Suncare%20%26%20Travel&viewAll=department&page=,£0.60,£3.00/100sht,Any 3 for 2 Clubcard Price - Cheapest Product Free - Selected Travel Accessories,,/groceries/en-GB/products/306819629,https://digitalcontent.api.tesco.com/v2/media/ghs/dc0d3727-6bfa-4aee-83f4-5ea8d47b19fb/19cae65c-ba4b-46ea-b61b-8dbc840ec96c_1201885775.jpeg?h=225&w=225
278288538,Grab & Go Antibacterial Hand Gel 50Ml,https://www.tesco.com/groceries/en-GB/shop/health-and-beauty/all?department=Suncare%20%26%20Travel&viewAll=department&page=,£1.00,£2.00/100ml,Any 3 for 2 Clubcard Price - Cheapest Product Free - Selected Travel Accessories,,/groceries/en-GB/products/278288538,https://digitalcontent.api.tesco.com/v2/media/ghs/1df697e3-04b4-461e-99ac-ab7c2445f058/snapshotimagehandler_1977682805.jpeg?h=225&w=225
300036263,Gillette Fusion 5 Shave Gel Sensitive 75Ml,https://www.tesco.com/groceries/en-GB/shop/health-and-beauty/all?department=Suncare%20%26%20Travel&viewAll=department&page=,£1.55,£2.07/100ml,Any 3 for 2 Clubcard Price - Cheapest Product Free - Selected Travel Accessories,,/groceries/en-GB/products/300036263,https://digitalcontent.api.tesco.com/v2/media/ghs/8df84a6b-dc1c-4f38-a1cf-6ba767692e2c/4d15c0e7-a1e8-4be2-8711-af9eb7e2a7c8_2049353140.jpeg?h=225&w=225
299556944,St.Tropez Self Tan Purity Mousse 200Ml,https://www.tesco.com/groceries/en-GB/shop/health-and-beauty/all?department=Suncare%20%26%20Travel&viewAll=department&page=,£31.00,£15.50/100ml,,,/groceries/en-GB/products/299556944,https://digitalcontent.api.tesco.com/v2/media/ghs/63af8f87-e5e7-46e2-b098-c974a94c35bb/d6e654cd-c458-4b3e-82c5-7693cbc2000c_401397634.jpeg?h=225&w=225
303015479,St.Tropez Self Tan Purity Face Mist 80Ml,https://www.tesco.com/groceries/en-GB/shop/health-and-beauty/all?department=Suncare%20%26%20Travel&viewAll=department&page=,£24.00,£30.00/100ml,,,/groceries/en-GB/products/303015479,https://digitalcontent.api.tesco.com/v2/media/ghs/8d764cb3-c3e4-4a12-a195-503d3d42a9c2/8ad366c1-ea76-4298-ad95-eeb28a2f3465_1159910650.jpeg?h=225&w=225
308477373,Bondi Sands Aero Self-Tanning Foam Ultra Dark 225Ml,https://www.tesco.com/groceries/en-GB/shop/health-and-beauty/all?department=Suncare%20%26%20Travel&viewAll=department&page=,£20.00,£8.89/100ml,,,/groceries/en-GB/products/308477373,https://digitalcontent.api.tesco.com/v2/media/ghs/5fb60777-e37d-4e39-8bb6-02093d7de745/55fa8b6a-feec-41aa-bf87-916f4d95914c_2131461205.jpeg?h=225&w=225
300863118,Bondi Sands 1 Hour Express Foam 225Ml,https://www.tesco.com/groceries/en-GB/shop/health-and-beauty/all?department=Suncare%20%26%20Travel&viewAll=department&page=,£19.00,£8.45/100ml,,,/groceries/en-GB/products/300863118,https://digitalcontent.api.tesco.com/v2/media/ghs/f652d200-1d97-4044-98e4-b0f19b91a8f1/35191670-2566-489e-be2d-2a1ff3982c14_1957108911.jpeg?h=225&w=225
303087963,Childs Farm Sun Spray 50+Spf 125Ml,https://www.tesco.com/groceries/en-GB/shop/health-and-beauty/all?department=Suncare%20%26%20Travel&viewAll=department&page=,£12.00,£9.60/100ml,,,/groceries/en-GB/products/303087963,https://digitalcontent.api.tesco.com/v2/media/ghs/831b1a39-05e1-4861-b396-8b8867b56caf/bd9d2293-a7e6-4435-ba1d-5addeed310d0_766123257.jpeg?h=225&w=225
253560980,Nivea Moisturising Sun Spray Spf 15 200Ml,https://www.tesco.com/groceries/en-GB/shop/health-and-beauty/all?department=Suncare%20%26%20Travel&viewAll=department&page=,£6.15,£3.08/100ml,,,/groceries/en-GB/products/253560980,https://digitalcontent.api.tesco.com/v2/media/ghs/fd02e960-1fef-4f2c-9e5d-1c4b10cc675d/cec695b9-f126-4b8b-a97a-5779cf68e7f0_1185727236.jpeg?h=225&w=225
272364849,Jungle Formula Max Roll On 50Ml,https://www.tesco.com/groceries/en-GB/shop/health-and-beauty/all?department=Suncare%20%26%20Travel&viewAll=department&page=,£6.00,£12.00/100ml,,,/groceries/en-GB/products/272364849,https://digitalcontent.api.tesco.com/v2/media/ghs/d8db152e-e014-4176-9f77-80dc400a0e25/ad755cab-add8-471f-962a-a79947bd9274_1255608738.jpeg?h=225&w=225
272396304,Hawaiian Tropic Silk Hydration Lotion Spf 15,https://www.tesco.com/groceries/en-GB/shop/health-and-beauty/all?department=Suncare%20%26%20Travel&viewAll=department&page=,£6.00,£3.34/100ml,,,/groceries/en-GB/products/272396304,https://digitalcontent.api.tesco.com/v2/media/ghs/1cdf0c4c-b53d-4ddc-bfa6-d84c27931b70/544b5c77-5cbd-4dc7-9694-f9528743b717_2043018048.jpeg?h=225&w=225
254211505,Tesco Insect Repellent 125Ml Spray,https://www.tesco.com/groceries/en-GB/shop/health-and-beauty/all?department=Suncare%20%26%20Travel&viewAll=department&page=,£4.20,£3.36/100ml,,,/groceries/en-GB/products/254211505,https://digitalcontent.api.tesco.com/v2/media/ghs/1208a696-b248-4ead-bc25-a45578870c7b/515d6b76-73f8-48d4-91ca-5c89ed2c9a59_939730028.jpeg?h=225&w=225
256881059,Tesco Extra Strength Insect Repellent Spray 125Ml,https://www.tesco.com/groceries/en-GB/shop/health-and-beauty/all?department=Suncare%20%26%20Travel&viewAll=department&page=,£4.20,£3.36/100ml,,,/groceries/en-GB/products/256881059,https://digitalcontent.api.tesco.com/v2/media/ghs/39976021-12a7-45ec-94d2-917db294ee80/d8a2c7d0-fcc5-4e2e-afd4-2b44b2b864c2_1393914725.jpeg?h=225&w=225
253561034,Nivea Moisturising Sun Lotion Spf20 200Ml,https://www.tesco.com/groceries/en-GB/shop/health-and-beauty/all?department=Suncare%20%26%20Travel&viewAll=department&page=,£5.00,£2.50/100ml,,,/groceries/en-GB/products/253561034,https://digitalcontent.api.tesco.com/v2/media/ghs/fdafb248-986e-4120-999f-57f2a1b51fdf/8c2d80f0-b4c6-457a-83a6-3dc3265dfe31_436287957.jpeg?h=225&w=225
305255364,Nivea Sun Protect & Dry Touch Mist Spray Sp50 200Ml,https://www.tesco.com/groceries/en-GB/shop/health-and-beauty/all?department=Suncare%20%26%20Travel&viewAll=department&page=,£6.00,£3.00/100ml,,,/groceries/en-GB/products/305255364,https://digitalcontent.api.tesco.com/v2/media/ghs/75a719ca-8c92-45c5-93a3-0f22b6c6510b/fcab4271-e0a1-4125-8d4a-622c53db58e1_141751464.jpeg?h=225&w=225
310137353,Sensodyne Pronamel Mineral Boost Infused With Peppermint 75Ml,https://www.tesco.com/groceries/en-GB/shop/health-and-beauty/all?department=Suncare%20%26%20Travel&viewAll=department&page=,£4.50,£6.00/100ml,,,/groceries/en-GB/products/310137353,https://digitalcontent.api.tesco.com/v2/media/ghs/51731e63-b85c-44f6-a600-094866f5f0be/388c1284-a763-4c5a-9717-644c157acd82_1356658214.jpeg?h=225&w=225
305055543,Piz Buin Moisturising Sun Lotion Spf 50 200Ml,https://www.tesco.com/groceries/en-GB/shop/health-and-beauty/all?department=Suncare%20%26%20Travel&viewAll=department&page=,£6.00,£3.00/100ml,,,/groceries/en-GB/products/305055543,https://digitalcontent.api.tesco.com/v2/media/ghs/d6292600-ca42-4a9e-9ae0-29a674b6ed66/c01740a6-7596-4c32-828e-75013fd18251_306932748.jpeg?h=225&w=225
298371426,Safe And Sound Twin Travel Bottles 50G,https://www.tesco.com/groceries/en-GB/shop/health-and-beauty/all?department=Suncare%20%26%20Travel&viewAll=department&page=,£3.00,£3.00/each,Any 3 for 2 Clubcard Price - Cheapest Product Free - Selected Travel Accessories,,/groceries/en-GB/products/298371426,https://digitalcontent.api.tesco.com/v2/media/ghs/05a805d5-4072-4af9-81f6-6aa1872b30cf/c13f7c37-7ca9-412a-b25f-45f14fc0365d_2096653568.jpeg?h=225&w=225
305252309,Nivea Sun Protect & Dry Touch Mist Spray Sp30 200Ml,https://www.tesco.com/groceries/en-GB/shop/health-and-beauty/all?department=Suncare%20%26%20Travel&viewAll=department&page=,£6.00,£3.00/100ml,,,/groceries/en-GB/products/305252309,https://digitalcontent.api.tesco.com/v2/media/ghs/83bad5ed-c904-478b-a436-f52ddfefc886/41148ec4-0f0f-4e5f-9095-968a4c1f3be1_764605875.jpeg?h=225&w=225
257416909,Banana Boat Aloe Vera Gel 230G,https://www.tesco.com/groceries/en-GB/shop/health-and-beauty/all?department=Suncare%20%26%20Travel&viewAll=department&page=,£3.10,£1.35/100g,,,/groceries/en-GB/products/257416909,https://digitalcontent.api.tesco.com/v2/media/ghs/03c277c9-8a0c-4a44-b9b4-3adca88c3cc2/bff7992d-8434-4b9d-9e60-b58474c5e979_909691403.jpeg?h=225&w=225
258044103,Nivea Lip Care Sun Spf30 4.8G,https://www.tesco.com/groceries/en-GB/shop/health-and-beauty/all?department=Suncare%20%26%20Travel&viewAll=department&page=,£2.75,£57.30/100g,,,/groceries/en-GB/products/258044103,https://digitalcontent.api.tesco.com/v2/media/ghs/5964ed4d-fa38-4a2b-8d63-d29193490362/183b277c-99a6-4944-9194-6d9dbe2b0542_801142847.jpeg?h=225&w=225
287248446,Ogx Argan Oil Travel Shampoo 88.7Ml,https://www.tesco.com/groceries/en-GB/shop/health-and-beauty/all?department=Suncare%20%26%20Travel&viewAll=department&page=,£3.00,£3.39/100ml,Any 3 for 2 Clubcard Price - Cheapest Product Free - Selected Travel Accessories,,/groceries/en-GB/products/287248446,https://digitalcontent.api.tesco.com/v2/media/ghs/80c40b31-7e95-479c-b2a4-b41b7b33f5d1/5a274934-0635-4a67-8279-279335ee2164_1211456523.jpeg?h=225&w=225
287248538,Ogx Argan Oil Travel 88.7Ml Conditioner,https://www.tesco.com/groceries/en-GB/shop/health-and-beauty/all?department=Suncare%20%26%20Travel&viewAll=department&page=,£3.00,£3.39/100ml,Any 3 for 2 Clubcard Price - Cheapest Product Free - Selected Travel Accessories,,/groceries/en-GB/products/287248538,https://digitalcontent.api.tesco.com/v2/media/ghs/abf4f5bc-76ac-476a-8389-8d4c87c8102b/712a4711-be25-4ee5-93a5-46d4c54b1d2b_1108221531.jpeg?h=225&w=225
305971783,Carmex Classic Moisturising Lip Balm 4.25G,https://www.tesco.com/groceries/en-GB/shop/health-and-beauty/all?department=Suncare%20%26%20Travel&viewAll=department&page=,£2.70,£63.53/100g,,,/groceries/en-GB/products/305971783,https://digitalcontent.api.tesco.com/v2/media/ghs/db2dca67-72f8-471f-90a3-d19d0bbde820/037a155d-9d9f-4ce7-9fcf-728e911dc1af_2058523513.jpeg?h=225&w=225
304792909,Hawaiian Tropic Airsoft Face Spf 30 50Ml,https://www.tesco.com/groceries/en-GB/shop/health-and-beauty/all?department=Suncare%20%26%20Travel&viewAll=department&page=,£6.00,£12.00/100ml,,,/groceries/en-GB/products/304792909,https://digitalcontent.api.tesco.com/v2/media/ghs/d7aa1a42-7a04-4994-83fa-900888dd75d7/73db0352-d79c-453a-b6bb-7cdda15400eb_176188555.jpeg?h=225&w=225
253576086,Garnier Ambre Solaire Clear Invisible Protect Spf30 200Ml,https://www.tesco.com/groceries/en-GB/shop/health-and-beauty/all?department=Suncare%20%26%20Travel&viewAll=department&page=,£6.50,£3.25/100ml,,,/groceries/en-GB/products/253576086,https://digitalcontent.api.tesco.com/v2/media/ghs/7979033c-13bf-4030-8610-24eebe9c48f2/10dc868e-65c8-4f89-8e58-d3ef74588541_739619166.jpeg?h=225&w=225
267309958,Carmex Cherry Lip Balm Tube 10G,https://www.tesco.com/groceries/en-GB/shop/health-and-beauty/all?department=Suncare%20%26%20Travel&viewAll=department&page=,£2.70,£27.00/100g,£1.90 Clubcard Price,,/groceries/en-GB/products/267309958,https://digitalcontent.api.tesco.com/v2/media/ghs/81c973bc-dc2f-44fb-85ce-568230404d47/211f2478-0c3b-4f8d-adf5-bbf410bb17fb_422947197.jpeg?h=225&w=225
252719298,Nivea Moisturising Sun Spray Spf30 200Ml,https://www.tesco.com/groceries/en-GB/shop/health-and-beauty/all?department=Suncare%20%26%20Travel&viewAll=department&page=,£6.15,£3.08/100ml,,,/groceries/en-GB/products/252719298,https://digitalcontent.api.tesco.com/v2/media/ghs/e5f848b8-47ce-4e33-992b-5fb9d68aab00/f8ccdc07-64bf-4fde-9bf4-47588112aa46_111948910.jpeg?h=225&w=225
305253504,Piz Buin Moisturising Lotion Spf30 200Ml,https://www.tesco.com/groceries/en-GB/shop/health-and-beauty/all?department=Suncare%20%26%20Travel&viewAll=department&page=,£6.00,£3.00/100ml,,,/groceries/en-GB/products/305253504,https://digitalcontent.api.tesco.com/v2/media/ghs/2bdb3fc9-81d1-4400-83e7-765e4f785d44/5e0e700c-e412-4347-a1f6-f55c3b324b46_1086655422.jpeg?h=225&w=225
300064603,Aussie Miracle Moist Conditioner 90Ml,https://www.tesco.com/groceries/en-GB/shop/health-and-beauty/all?department=Suncare%20%26%20Travel&viewAll=department&page=,£2.50,£2.78/100ml,Any 3 for 2 Clubcard Price - Cheapest Product Free - Selected Travel Accessories,,/groceries/en-GB/products/300064603,https://digitalcontent.api.tesco.com/v2/media/ghs/7f041bcc-d4c1-4228-b189-883a48faed57/696f47fc-b92f-4286-8e64-a184235d1258_2023768810.jpeg?h=225&w=225
300064626,Aussie Miracle Moist Shampoo 90Ml,https://www.tesco.com/groceries/en-GB/shop/health-and-beauty/all?department=Suncare%20%26%20Travel&viewAll=department&page=,£2.50,£2.78/100ml,Any 3 for 2 Clubcard Price - Cheapest Product Free - Selected Travel Accessories,,/groceries/en-GB/products/300064626,https://digitalcontent.api.tesco.com/v2/media/ghs/90c3d3d3-fc77-40d2-97f7-c42730698ed3/8f8c771c-e288-4b9b-97ff-28a50bf3025b_1359177399.jpeg?h=225&w=225
305254676,Palmer's Coconut Oil Spf 15 Lip Balm 4G,https://www.tesco.com/groceries/en-GB/shop/health-and-beauty/all?department=Suncare%20%26%20Travel&viewAll=department&page=,£2.00,£50.00/100g,,,/groceries/en-GB/products/305254676,https://digitalcontent.api.tesco.com/v2/media/ghs/ece8a5ac-ea98-491d-be02-7d0e25125823/05c897ff-0781-4df2-b23c-30b10153d352_1410298028.jpeg?h=225&w=225
303014077,Pantene Smooth & Sleek Conditioner 90Ml,https://www.tesco.com/groceries/en-GB/shop/health-and-beauty/all?department=Suncare%20%26%20Travel&viewAll=department&page=,£2.00,£2.23/100ml,Any 3 for 2 Clubcard Price - Cheapest Product Free - Selected Travel Accessories,,/groceries/en-GB/products/303014077,https://digitalcontent.api.tesco.com/v2/media/ghs/2bf8406d-9cf1-4db6-80c5-510d9d25a623/cbf5795d-3606-40b2-b95a-df2e0ac628ce_1757933693.jpeg?h=225&w=225
272079317,Elastoplast Waterproof 10S,https://www.tesco.com/groceries/en-GB/shop/health-and-beauty/all?department=Suncare%20%26%20Travel&viewAll=department&page=,£1.75,£0.18/each,Any 3 for 2 Clubcard Price - Cheapest Product Free - Selected Travel Accessories,,/groceries/en-GB/products/272079317,https://digitalcontent.api.tesco.com/v2/media/ghs/7000e8a8-5350-4aff-af8b-8525d7ab86e3/a71f03ca-20e2-4b29-b37b-da164e1d7013_1320362782.jpeg?h=225&w=225
310166479,L'oreal Paris Elvive Dream Lengths Conditioner 90Ml,https://www.tesco.com/groceries/en-GB/shop/health-and-beauty/all?department=Suncare%20%26%20Travel&viewAll=department&page=,£2.15,£2.39/100ml,Any 3 for 2 Clubcard Price - Cheapest Product Free - Selected Travel Accessories,,/groceries/en-GB/products/310166479,https://digitalcontent.api.tesco.com/v2/media/ghs/2ee9cb8b-013f-4136-bc48-12fdea7f2b1e/d9fa19fb-6916-4c13-9255-4b67c63c10bb_1338093499.jpeg?h=225&w=225
310682455,L'oreal Paris Elvive Colour Protect Shampoo 90Ml,https://www.tesco.com/groceries/en-GB/shop/health-and-beauty/all?department=Suncare%20%26%20Travel&viewAll=department&page=,£2.15,£2.39/100ml,Any 3 for 2 Clubcard Price - Cheapest Product Free - Selected Travel Accessories,,/groceries/en-GB/products/310682455,https://digitalcontent.api.tesco.com/v2/media/ghs/e1f5060a-3890-46d2-8eeb-1b178e5fda9c/d418f105-0ce9-416b-bd78-727bf9259917_1264058438.jpeg?h=225&w=225
310119801,Lynx Africa 12 Hour Refreshing Bodywash 50Ml,https://www.tesco.com/groceries/en-GB/shop/health-and-beauty/all?department=Suncare%20%26%20Travel&viewAll=department&page=,£1.50,£3.00/100ml,Any 3 for 2 Clubcard Price - Cheapest Product Free - Selected Travel Accessories,,/groceries/en-GB/products/310119801,https://digitalcontent.api.tesco.com/v2/media/ghs/4f019d84-e51c-493e-88ec-464faabf51a1/86993eda-19ab-428e-83c0-5ef1951b4f6e_551064286.jpeg?h=225&w=225
266415079,Osrc Shower Gel Mint & Tea Tree 50Ml,https://www.tesco.com/groceries/en-GB/shop/health-and-beauty/all?department=Suncare%20%26%20Travel&viewAll=department&page=,£1.50,£3.00/100ml,Any 3 for 2 Clubcard Price - Cheapest Product Free - Selected Travel Accessories,,/groceries/en-GB/products/266415079,https://digitalcontent.api.tesco.com/v2/media/ghs/881bad0d-07ee-4d27-bd29-e28d1f1ba49a/6dd9c1e0-3447-4d71-a0d5-a12de08e8c29_1263393866.jpeg?h=225&w=225
305254993,Pantene Pro-V Smooth & Sleek Shampoo 90Ml,https://www.tesco.com/groceries/en-GB/shop/health-and-beauty/all?department=Suncare%20%26%20Travel&viewAll=department&page=,£2.00,£2.23/100ml,Any 3 for 2 Clubcard Price - Cheapest Product Free - Selected Travel Accessories,,/groceries/en-GB/products/305254993,https://digitalcontent.api.tesco.com/v2/media/ghs/7a69f6bf-669d-424c-8e58-403601c9714f/5e9f8a89-21d9-4e23-a913-d171d3e0e185_513212247.jpeg?h=225&w=225
262921269,Simple Kind To Skin Hydrating Light Moisturiser 50Ml,https://www.tesco.com/groceries/en-GB/shop/health-and-beauty/all?department=Suncare%20%26%20Travel&viewAll=department&page=,£1.50,£3.00/100ml,Any 3 for 2 Clubcard Price - Cheapest Product Free - Selected Travel Accessories,,/groceries/en-GB/products/262921269,https://digitalcontent.api.tesco.com/v2/media/ghs/23d688a7-0d19-4ecb-bcde-68141a2149bd/b0b4d402-7dca-44db-b456-e29c87bb92bc_1377928629.jpeg?h=225&w=225
303104466,Johnson's Baby Oil 100Ml,https://www.tesco.com/groceries/en-GB/shop/health-and-beauty/all?department=Suncare%20%26%20Travel&viewAll=department&page=,£1.50,£1.50/100ml,Any 3 for 2 Clubcard Price - Cheapest Product Free - Selected Travel Accessories,,/groceries/en-GB/products/303104466,https://digitalcontent.api.tesco.com/v2/media/ghs/beadba65-4eee-4bdd-88f4-2032ae491933/e3737311-b99b-41f6-b973-e6db2d9abc9e_15469026.jpeg?h=225&w=225
304404294,Nivea Smooth Hand Cream 30Ml,https://www.tesco.com/groceries/en-GB/shop/health-and-beauty/all?department=Suncare%20%26%20Travel&viewAll=department&page=,£1.50,£5.00/100ml,Any 3 for 2 Clubcard Price - Cheapest Product Free - Selected Travel Accessories,,/groceries/en-GB/products/304404294,https://digitalcontent.api.tesco.com/v2/media/ghs/1f343575-351d-4d04-b154-cf11c00d6b0a/53719b8d-762c-4548-8c2e-17ed2eef6628_984515306.jpeg?h=225&w=225
255337597,Nivea Creme 50Ml,https://www.tesco.com/groceries/en-GB/shop/health-and-beauty/all?department=Suncare%20%26%20Travel&viewAll=department&page=,£1.50,£3.00/100ml,Any 3 for 2 Clubcard Price - Cheapest Product Free - Selected Travel Accessories,,/groceries/en-GB/products/255337597,https://digitalcontent.api.tesco.com/v2/media/ghs/93976f14-6b80-4ac3-a65b-6fd6725f6dae/0ffee185-aec7-415f-9acf-330513b49da6_2085787293.jpeg?h=225&w=225
272093236,Stergene Travel Wash 100Ml,https://www.tesco.com/groceries/en-GB/shop/health-and-beauty/all?department=Suncare%20%26%20Travel&viewAll=department&page=,£1.60,£1.60/100ml,Any 3 for 2 Clubcard Price - Cheapest Product Free - Selected Travel Accessories,,/groceries/en-GB/products/272093236,https://digitalcontent.api.tesco.com/v2/media/ghs/1138ee29-a590-45e2-80e8-de737b0d09ba/d74e79ac-6c8f-4268-acb2-e8fa608e7800_745915404.jpeg?h=225&w=225
304381774,Girlz Only Dry Shampoo Party Nights 100Ml,https://www.tesco.com/groceries/en-GB/shop/health-and-beauty/all?department=Suncare%20%26%20Travel&viewAll=department&page=,£1.65,£1.65/100ml,Any 3 for 2 Clubcard Price - Cheapest Product Free - Selected Travel Accessories,,/groceries/en-GB/products/304381774,https://digitalcontent.api.tesco.com/v2/media/ghs/d6968910-a3d8-4d78-9e94-672489fec30f/1225f85b-9b8f-42b8-9d69-5252554be506_263022090.jpeg?h=225&w=225
308484836,Nivea Body Lotion Rich Nourishing Deep Moisture Serum 75Ml,https://www.tesco.com/groceries/en-GB/shop/health-and-beauty/all?department=Suncare%20%26%20Travel&viewAll=department&page=,£1.50,£2.00/100ml,Any 3 for 2 Clubcard Price - Cheapest Product Free - Selected Travel Accessories,,/groceries/en-GB/products/308484836,https://digitalcontent.api.tesco.com/v2/media/ghs/7c17e32e-7d89-445e-912c-5ef51a1a13e4/b0b26623-6fcc-4532-8e79-688ac749f2bc_961473933.jpeg?h=225&w=225
309769239,Grab It Anti-Bacterial Hand Cream With Shea Butter 30Ml,https://www.tesco.com/groceries/en-GB/shop/health-and-beauty/all?department=Suncare%20%26%20Travel&viewAll=department&page=,£1.00,£3.34/100ml,Any 3 for 2 Clubcard Price - Cheapest Product Free - Selected Travel Accessories,,/groceries/en-GB/products/309769239,https://digitalcontent.api.tesco.com/v2/media/ghs-mktg/b0b04216-fa73-466d-a9d7-c9fcfa1ce9b3/no-image.jpeg
310181837,Garnier Ambre Solaire Face Protection Anti Dryness Cream Spf 50 50Ml,https://www.tesco.com/groceries/en-GB/shop/health-and-beauty/all?department=Suncare%20%26%20Travel&viewAll=department&page=,£8.00,£16.00/100ml,,,/groceries/en-GB/products/310181837,https://digitalcontent.api.tesco.com/v2/media/ghs/a147bffc-9abb-4c11-b67f-26d1b2c47aba/66200d49-c0f0-4929-ae99-06030508d567_114317767.jpeg?h=225&w=225
287910359,St Tropez Self Tan Express Brnz Mousse 200Ml,https://www.tesco.com/groceries/en-GB/shop/health-and-beauty/all?department=Suncare%20%26%20Travel&viewAll=department&page=,£35.00,£17.50/100ml,£25.00 Clubcard Price,,/groceries/en-GB/products/287910359,https://digitalcontent.api.tesco.com/v2/media/ghs/d22b5db1-f9f9-41d8-8d2f-f63acb71a277/1211aa58-e695-46d4-918b-7275b7f7703c_1833756879.jpeg?h=225&w=225
277491863,St Tropez Self Tan Bronzing Mousse 120Ml,https://www.tesco.com/groceries/en-GB/shop/health-and-beauty/all?department=Suncare%20%26%20Travel&viewAll=department&page=,£22.00,£18.34/100ml,£15.00 Clubcard Price,,/groceries/en-GB/products/277491863,https://digitalcontent.api.tesco.com/v2/media/ghs/020492d0-6ec4-4855-ade8-f8f907130787/dc9bbe8e-4c00-4528-b0f1-afa37f6c12ff_1048109217.jpeg?h=225&w=225
298107977,Bondi Sands Self Tan Ultra Dark Foam 200Ml,https://www.tesco.com/groceries/en-GB/shop/health-and-beauty/all?department=Suncare%20%26%20Travel&viewAll=department&page=,£19.00,£9.50/100ml,,,/groceries/en-GB/products/298107977,https://digitalcontent.api.tesco.com/v2/media/ghs/ae1b8ff4-8c48-4032-9562-e4e9b02eea1e/403e1cfa-8991-462e-a167-ad3196ce1ddf_511357081.jpeg?h=225&w=225
305040416,Garnier Ambre Solaire Natural Bronzer Self Tan Mousse 200Ml,https://www.tesco.com/groceries/en-GB/shop/health-and-beauty/all?department=Suncare%20%26%20Travel&viewAll=department&page=,£14.00,£7.00/100ml,£9.30 Clubcard Price,,/groceries/en-GB/products/305040416,https://digitalcontent.api.tesco.com/v2/media/ghs/27e1e8f7-f490-4cdc-a9f7-f884ba90a0d5/ac3dbda0-16bd-44d5-9819-465457552faa_1858374661.jpeg?h=225&w=225
305045618,Bondi Sands Self Tanning Foam 200Ml,https://www.tesco.com/groceries/en-GB/shop/health-and-beauty/all?department=Suncare%20%26%20Travel&viewAll=department&page=,£16.00,£8.00/100ml,,,/groceries/en-GB/products/305045618,https://digitalcontent.api.tesco.com/v2/media/ghs/706e6ada-9b5a-435d-9969-415efe8e4207/aef8cd2d-dbd8-43e5-ab07-d9f5400543f5_1246736284.jpeg?h=225&w=225
300863090,Bondi Sands Self Tan Eraser 200Ml,https://www.tesco.com/groceries/en-GB/shop/health-and-beauty/all?department=Suncare%20%26%20Travel&viewAll=department&page=,£15.00,£7.50/100ml,,,/groceries/en-GB/products/300863090,https://digitalcontent.api.tesco.com/v2/media/ghs/2b3f61b7-1429-46a7-8a8c-126eb8a4544d/de656ccd-8726-4570-a8e3-f4cb7a0d3b55_2056924029.jpeg?h=225&w=225
303104506,Jungle Formula Aero Max 125Ml,https://www.tesco.com/groceries/en-GB/shop/health-and-beauty/all?department=Suncare%20%26%20Travel&viewAll=department&page=,£8.40,£6.72/100ml,,,/groceries/en-GB/products/303104506,https://digitalcontent.api.tesco.com/v2/media/ghs/ed02f743-753a-4e63-8553-fdb5e4994ed1/snapshotimagehandler_995946278.jpeg?h=225&w=225
261855971,Garnier Ambre Solaire No Streaks Bronzer Self-Tanning Face Mist 75Ml,https://www.tesco.com/groceries/en-GB/shop/health-and-beauty/all?department=Suncare%20%26%20Travel&viewAll=department&page=,£8.50,£11.34/100ml,£5.65 Clubcard Price,,/groceries/en-GB/products/261855971,https://digitalcontent.api.tesco.com/v2/media/ghs/550f7504-3e8b-49d7-b226-66e55c0400ed/272ce3f6-68f5-4068-aed3-ddc322d52546_1806554177.jpeg?h=225&w=225
291774721,St Moriz Professional Mousse Medium 200Ml,https://www.tesco.com/groceries/en-GB/shop/health-and-beauty/all?department=Suncare%20%26%20Travel&viewAll=department&page=,£6.00,£3.00/100ml,,,/groceries/en-GB/products/291774721,https://digitalcontent.api.tesco.com/v2/media/ghs/2c8c3241-da2d-4994-9708-487cebdd30af/3c2a7a08-7ecd-46f5-9555-83f97954f0e8_552071596.jpeg?h=225&w=225
255068483,Garnier Ambre Solaire After Sun Lotion 400Ml,https://www.tesco.com/groceries/en-GB/shop/health-and-beauty/all?department=Suncare%20%26%20Travel&viewAll=department&page=,£6.00,£1.50/100ml,,,/groceries/en-GB/products/255068483,https://digitalcontent.api.tesco.com/v2/media/ghs/1ab95a29-35dc-4241-91f2-70ee7da8773a/76b86e96-a455-4fc2-94b3-c51904215184_707677890.jpeg?h=225&w=225
307740967,Hawaiian Tropic Silk Hydrating After Sun Lotion 180Ml,https://www.tesco.com/groceries/en-GB/shop/health-and-beauty/all?department=Suncare%20%26%20Travel&viewAll=department&page=,£6.00,£3.34/100ml,,,/groceries/en-GB/products/307740967,https://digitalcontent.api.tesco.com/v2/media/ghs/e7f86929-93d4-4d65-bb38-05276d9a276f/bf041cf4-acc2-4579-8d83-728e02aa6b31_1673327127.jpeg?h=225&w=225
268214377,Hawaiian Tropic Coconut Body Butter 200Ml,https://www.tesco.com/groceries/en-GB/shop/health-and-beauty/all?department=Suncare%20%26%20Travel&viewAll=department&page=,£6.00,£3.00/100ml,,,/groceries/en-GB/products/268214377,https://digitalcontent.api.tesco.com/v2/media/ghs/84b8ac63-501f-4c78-b013-d44e1ce22fa9/8b6e7be8-9510-4cd2-b4a2-15e6a208ae03_1300168452.jpeg?h=225&w=225
291800991,St Moriz Pro 1 Hour Tan Mousse 200Ml,https://www.tesco.com/groceries/en-GB/shop/health-and-beauty/all?department=Suncare%20%26%20Travel&viewAll=department&page=,£7.00,£3.50/100ml,£6.00 Clubcard Price,,/groceries/en-GB/products/291800991,https://digitalcontent.api.tesco.com/v2/media/ghs/199ca690-a144-4c28-8463-f68d408789e5/2cc21fc1-c533-40e1-844f-b6bd74c831a5_1854984320.jpeg?h=225&w=225
303602153,Tesco 2 X Uk To Europe Travel Adaptor,https://www.tesco.com/groceries/en-GB/shop/health-and-beauty/all?department=Suncare%20%26%20Travel&viewAll=department&page=,£4.50,£4.50/each,,,/groceries/en-GB/products/303602153,https://digitalcontent.api.tesco.com/v2/media/ghs/9962f42c-cd3f-4d94-9462-4db58ff56e01/2ec208da-23a9-4229-ad1b-6fb6b63d41c0_485006346.jpeg?h=225&w=225
291774053,Nivea Travel Essentials,https://www.tesco.com/groceries/en-GB/shop/health-and-beauty/all?department=Suncare%20%26%20Travel&viewAll=department&page=,£7.50,£7.50/each,,,/groceries/en-GB/products/291774053,https://digitalcontent.api.tesco.com/v2/media/ghs/27d9bd24-08ff-4015-ab50-9494cd77cf40/3d336d96-d4d3-483e-b44a-b09e355493c3_1173197197.jpeg?h=225&w=225
310110407,St Moriz Professional 1 Hour Fast Tan Mist 150Ml,https://www.tesco.com/groceries/en-GB/shop/health-and-beauty/all?department=Suncare%20%26%20Travel&viewAll=department&page=,£6.00,£4.00/100ml,£5.00 Clubcard Price,,/groceries/en-GB/products/310110407,https://digitalcontent.api.tesco.com/v2/media/ghs/ec5b51e4-ddd3-445e-a855-0f5c577a9aaa/d4d1d18d-d7f6-4d08-b60a-ba46bb877b48_1512359609.jpeg?h=225&w=225
255069044,Garnier Ambre Solaire After Sun Lotion 200Ml,https://www.tesco.com/groceries/en-GB/shop/health-and-beauty/all?department=Suncare%20%26%20Travel&viewAll=department&page=,£5.00,£2.50/100ml,,,/groceries/en-GB/products/255069044,https://digitalcontent.api.tesco.com/v2/media/ghs/6ff99679-a3ac-4e7a-b2c3-3434d8891d82/6ef16882-d0bf-44db-83d7-552705553864_237832556.jpeg?h=225&w=225
266151966,Nivea Sun Moisturising After Sun Lotion 400Ml,https://www.tesco.com/groceries/en-GB/shop/health-and-beauty/all?department=Suncare%20%26%20Travel&viewAll=department&page=,£5.00,£1.25/100ml,,,/groceries/en-GB/products/266151966,https://digitalcontent.api.tesco.com/v2/media/ghs/bae7c5ef-15a5-418f-9675-612710057a41/d096f036-d4b0-4c47-a8e7-c9d250f765b2_616020586.jpeg?h=225&w=225
250516508,Nivea After Sun Spray 200Ml,https://www.tesco.com/groceries/en-GB/shop/health-and-beauty/all?department=Suncare%20%26%20Travel&viewAll=department&page=,£4.00,£2.00/100ml,,,/groceries/en-GB/products/250516508,https://digitalcontent.api.tesco.com/v2/media/ghs/fc1be250-a1af-4f77-839f-fc686afc97d8/2ba6dfd1-2559-42a9-b52b-ee95a8ecada3_1805242895.jpeg?h=225&w=225
310163344,Earhub Soft Foam Earplugs 10 Pairs,https://www.tesco.com/groceries/en-GB/shop/health-and-beauty/all?department=Suncare%20%26%20Travel&viewAll=department&page=,£5.00,£0.50/Pair,,,/groceries/en-GB/products/310163344,https://digitalcontent.api.tesco.com/v2/media/ghs/c24484ef-b7de-4f64-90f3-b54267e2dda4/7448ca7d-46d3-4a75-b510-9c93c0ac3a00_1891695669.jpeg?h=225&w=225
310168402,Bondi Sands Spf 50+ Lip Balm Coconut 10G,https://www.tesco.com/groceries/en-GB/shop/health-and-beauty/all?department=Suncare%20%26%20Travel&viewAll=department&page=,£5.00,£5.00/10g,,,/groceries/en-GB/products/310168402,https://digitalcontent.api.tesco.com/v2/media/ghs/0bb88b15-4725-4fa0-b1cc-b1b4e0a9ddd3/e0d6a6e4-3b7f-41a1-89cd-d632504e341d_657082960.jpeg?h=225&w=225
306951771,Skinny Tan Pink Velvet Dual Tanning Mitt,https://www.tesco.com/groceries/en-GB/shop/health-and-beauty/all?department=Suncare%20%26%20Travel&viewAll=department&page=,£5.00,£5.00/each,,,/groceries/en-GB/products/306951771,https://digitalcontent.api.tesco.com/v2/media/ghs/a358b6ea-602d-4a20-8d2b-7053a6496144/55f828a1-d163-4ed5-8a73-53f35ab58124_150484396.jpeg?h=225&w=225
264375746,Hawaiian Tropic Protective Oil Spf 15 200Ml,https://www.tesco.com/groceries/en-GB/shop/health-and-beauty/all?department=Suncare%20%26%20Travel&viewAll=department&page=,£6.00,£3.00/100ml,,,/groceries/en-GB/products/264375746,https://digitalcontent.api.tesco.com/v2/media/ghs/727ed040-ff99-4599-b410-fa3887d1dc94/bc637180-1d55-44d1-bca6-a6bc5175ee6b_257599618.jpeg?h=225&w=225
308831229,St Moriz Professional Self Tan Remover 100Ml,https://www.tesco.com/groceries/en-GB/shop/health-and-beauty/all?department=Suncare%20%26%20Travel&viewAll=department&page=,£5.00,£5.00/100ml,,,/groceries/en-GB/products/308831229,https://digitalcontent.api.tesco.com/v2/media/ghs/619892ec-ffbb-45a6-859a-792da07e3671/73d2eb80-36ac-4df4-b654-a883f18eb750_2023512066.jpeg?h=225&w=225
305256910,Palm Bay Self Tanning Water 150Ml,https://www.tesco.com/groceries/en-GB/shop/health-and-beauty/all?department=Suncare%20%26%20Travel&viewAll=department&page=,£4.50,£3.00/100ml,,,/groceries/en-GB/products/305256910,https://digitalcontent.api.tesco.com/v2/media/ghs/6fa4b96d-2572-475d-be9f-72d117aa7c3e/0240d208-af97-4c49-b971-65036a97f36b_798514227.jpeg?h=225&w=225
253561078,Nivea Moisturising Sun Lotion Spf 15 200Ml,https://www.tesco.com/groceries/en-GB/shop/health-and-beauty/all?department=Suncare%20%26%20Travel&viewAll=department&page=,£5.00,£2.50/100ml,,,/groceries/en-GB/products/253561078,https://digitalcontent.api.tesco.com/v2/media/ghs/c7eb6a1f-e23a-49a1-9c39-c696623938b1/ba40184f-c7bf-4be6-a70c-f49002b36e60_1220131392.jpeg?h=225&w=225
307733757,Nivea Sun Ultra Violet Face Soothing Sensitive Spf 50 50Ml,https://www.tesco.com/groceries/en-GB/shop/health-and-beauty/all?department=Suncare%20%26%20Travel&viewAll=department&page=,£7.40,£14.80/100ml,,,/groceries/en-GB/products/307733757,https://digitalcontent.api.tesco.com/v2/media/ghs/1caafa5f-3b75-43cb-bb22-61222c45723c/cdd1c398-6a65-4e1c-8ba7-4a36303600e0_1213213665.jpeg?h=225&w=225
307759069,Nivea Sun Ultra Violet Face Shine Control Spf 50 50Ml,https://www.tesco.com/groceries/en-GB/shop/health-and-beauty/all?department=Suncare%20%26%20Travel&viewAll=department&page=,£7.40,£14.80/100ml,,,/groceries/en-GB/products/307759069,https://digitalcontent.api.tesco.com/v2/media/ghs/05095c24-c0c3-4ffc-9bcb-9ba5c72cfb5f/16d4faf9-bb31-4c6d-96d2-9f0efaef625d_701240902.jpeg?h=225&w=225
305039004,Palm Bay Self-Tanning Foam Light / Medium 150Ml,https://www.tesco.com/groceries/en-GB/shop/health-and-beauty/all?department=Suncare%20%26%20Travel&viewAll=department&page=,£4.00,£2.67/100ml,,,/groceries/en-GB/products/305039004,https://digitalcontent.api.tesco.com/v2/media/ghs/11383b75-59cf-4184-a5ad-d0bf9787b8a7/77ce55fb-1653-41be-bd0e-910d8714ea4a_1134427298.jpeg?h=225&w=225
305051213,Palm Bay Self Tanning Foam Dark 150Ml,https://www.tesco.com/groceries/en-GB/shop/health-and-beauty/all?department=Suncare%20%26%20Travel&viewAll=department&page=,£4.00,£2.67/100ml,,,/groceries/en-GB/products/305051213,https://digitalcontent.api.tesco.com/v2/media/ghs/15baf996-ab31-417b-a9ea-0dc2b540c451/a9223f4b-a38f-4773-8d5b-1846db2ceedd_515944578.jpeg?h=225&w=225
310159413,Nivea Sun Sensitive Immediate Protect Spf30 200Ml,https://www.tesco.com/groceries/en-GB/shop/health-and-beauty/all?department=Suncare%20%26%20Travel&viewAll=department&page=,£7.80,£3.90/100ml,,,/groceries/en-GB/products/310159413,https://digitalcontent.api.tesco.com/v2/media/ghs/df05d3b0-16e6-4ef0-a204-57577a6ab5a5/62db477d-5780-4cf9-bf56-bcda2e689647_1539387812.jpeg?h=225&w=225
310665211,Garnier Ambre Solaire Face Fluid Anti Dark Spots Spf 50 40Ml,https://www.tesco.com/groceries/en-GB/shop/health-and-beauty/all?department=Suncare%20%26%20Travel&viewAll=department&page=,£8.00,£20.00/100ml,,,/groceries/en-GB/products/310665211,https://digitalcontent.api.tesco.com/v2/media/ghs/08f3133d-57d8-4f2f-85be-46d655a3fd67/26faa6dd-800e-4130-ab79-f8bbbda2c6d0_154519682.jpeg?h=225&w=225
287785034,Nivea Sun Lotion Kids Protect & Sensitive 200Ml,https://www.tesco.com/groceries/en-GB/shop/health-and-beauty/all?department=Suncare%20%26%20Travel&viewAll=department&page=,£6.50,£3.25/100ml,,,/groceries/en-GB/products/287785034,https://digitalcontent.api.tesco.com/v2/media/ghs/7bd39fe0-9f2b-45bf-b38d-aaaa8209da19/75431204-5292-49de-8bd9-dfb16a509744_1719634606.jpeg?h=225&w=225
268621407,Carmex Strawberry Lip Balm Tube 10G,https://www.tesco.com/groceries/en-GB/shop/health-and-beauty/all?department=Suncare%20%26%20Travel&viewAll=department&page=,£2.70,£27.00/100g,,,/groceries/en-GB/products/268621407,https://digitalcontent.api.tesco.com/v2/media/ghs/80581688-4be9-4b68-b81c-32bae8b4e190/9c2db57d-b12a-4876-9e58-89d8a9deea05_403341366.jpeg?h=225&w=225
259076386,Nivea Sun Moisturising Sun Lotion F50+ 200Ml,https://www.tesco.com/groceries/en-GB/shop/health-and-beauty/all?department=Suncare%20%26%20Travel&viewAll=department&page=,£5.00,£2.50/100ml,,,/groceries/en-GB/products/259076386,https://digitalcontent.api.tesco.com/v2/media/ghs/463f1978-a8db-48c2-bddd-4c0834b1770e/0f247f40-43a5-4684-9091-b6c2dfa522f4_344197854.jpeg?h=225&w=225
305963833,Palm Bay Exfoliating Self Tanning Mitt,https://www.tesco.com/groceries/en-GB/shop/health-and-beauty/all?department=Suncare%20%26%20Travel&viewAll=department&page=,£2.50,£2.50/each,,,/groceries/en-GB/products/305963833,https://digitalcontent.api.tesco.com/v2/media/ghs/6bb263fe-db7a-4900-9a04-72c077394426/f8d1fbe3-9f44-4508-a076-87705aeca76f_271867330.jpeg?h=225&w=225
305949753,Palm Bay Luxury Self Tanning Mitt,https://www.tesco.com/groceries/en-GB/shop/health-and-beauty/all?department=Suncare%20%26%20Travel&viewAll=department&page=,£2.50,£2.50/each,,,/groceries/en-GB/products/305949753,https://digitalcontent.api.tesco.com/v2/media/ghs/bb70615b-9369-488e-9c05-0ff69cb67cfb/5251a271-6604-4ba5-a68f-7fcb3ea204d3_1194734584.jpeg?h=225&w=225
259086345,Velvotan Self Tan Mitt,https://www.tesco.com/groceries/en-GB/shop/health-and-beauty/all?department=Suncare%20%26%20Travel&viewAll=department&page=,£2.40,£2.40/each,,,/groceries/en-GB/products/259086345,https://digitalcontent.api.tesco.com/v2/media/ghs/fc975c18-fe9f-449b-8b66-f5a362d713e1/d4e62355-6cf5-403e-b36f-9bff7aed4734_717831766.jpeg?h=225&w=225
272396379,Hawaiian Tropic Silk Hydration Lotion Spf30 180Ml,https://www.tesco.com/groceries/en-GB/shop/health-and-beauty/all?department=Suncare%20%26%20Travel&viewAll=department&page=,£6.00,£3.34/100ml,,,/groceries/en-GB/products/272396379,https://digitalcontent.api.tesco.com/v2/media/ghs/a45aeb86-7316-454a-954a-551879275f88/ef84e6fb-4fc3-43c1-9c5e-c1a729ee1105_81331952.jpeg?h=225&w=225
253561420,Nivea Childrens Sun Lotion F50+ 200Ml,https://www.tesco.com/groceries/en-GB/shop/health-and-beauty/all?department=Suncare%20%26%20Travel&viewAll=department&page=,£6.15,£3.08/100ml,,,/groceries/en-GB/products/253561420,https://digitalcontent.api.tesco.com/v2/media/ghs/cd4d9b91-540a-490e-b243-4e17f8dec56d/c99625c4-e11e-48a9-b3df-30902d4a11a7_1285641765.jpeg?h=225&w=225
274808893,Nivea Soft Mini 25Ml,https://www.tesco.com/groceries/en-GB/shop/health-and-beauty/all?department=Suncare%20%26%20Travel&viewAll=department&page=,£1.75,£7.00/100ml,Any 3 for 2 Clubcard Price - Cheapest Product Free - Selected Travel Accessories,,/groceries/en-GB/products/274808893,https://digitalcontent.api.tesco.com/v2/media/ghs/e6fc7bc3-68d8-4b49-86f5-b9d5ae505d24/5b8b927b-75ed-4ff3-94d9-a31de66d0bf8_275584920.jpeg?h=225&w=225
310698575,Nivea Sun Kids Protect & Care To Go Spf50+ 50Ml,https://www.tesco.com/groceries/en-GB/shop/health-and-beauty/all?department=Suncare%20%26%20Travel&viewAll=department&page=,£3.60,£7.20/100ml,,,/groceries/en-GB/products/310698575,https://digitalcontent.api.tesco.com/v2/media/ghs/ccafd712-83a6-419d-8b73-3657feb7e133/a68bff45-6624-4d72-9495-46d039db804d_360459435.jpeg?h=225&w=225
303104748,Johnsons Baby Shampoo 100Ml,https://www.tesco.com/groceries/en-GB/shop/health-and-beauty/all?department=Suncare%20%26%20Travel&viewAll=department&page=,£1.50,£1.50/100ml,Any 3 for 2 Clubcard Price - Cheapest Product Free - Selected Travel Accessories,,/groceries/en-GB/products/303104748,https://digitalcontent.api.tesco.com/v2/media/ghs/2e6a4ed3-b5c5-432e-8a7c-1b5f81453dca/ae526273-c88e-4b49-884f-6e6be0ab8775_1944010745.jpeg?h=225&w=225
310663645,Nivea Sun Protect & Moisture To Go Spf30 50Ml,https://www.tesco.com/groceries/en-GB/shop/health-and-beauty/all?department=Suncare%20%26%20Travel&viewAll=department&page=,£3.60,£7.20/100ml,,,/groceries/en-GB/products/310663645,https://digitalcontent.api.tesco.com/v2/media/ghs/18b44db7-d7c5-4d53-92ad-4f2f433439c0/8f3c2ca3-4c9c-4b5d-b1aa-333037e0ba3a_333242277.jpeg?h=225&w=225
305251472,Skinny Tan Moisture Mousse Express 150Ml,https://www.tesco.com/groceries/en-GB/shop/health-and-beauty/all?department=Suncare%20%26%20Travel&viewAll=department&page=,£25.00,£16.67/100ml,,,/groceries/en-GB/products/305251472,https://digitalcontent.api.tesco.com/v2/media/ghs/00e231d3-8669-4ec5-8153-92c2e8dc794f/e9f8db9c-0936-4d00-a1da-8efec92a8779_405993082.jpeg?h=225&w=225
309194521,Bondi Sands Pure Self Tan Foaming Water Dark 200Ml,https://www.tesco.com/groceries/en-GB/shop/health-and-beauty/all?department=Suncare%20%26%20Travel&viewAll=department&page=,£16.00,£8.00/100ml,,,/groceries/en-GB/products/309194521,https://digitalcontent.api.tesco.com/v2/media/ghs/277bd503-8e58-4e49-be27-92c014c4bb12/8f5b74bb-a7cc-4413-a349-1b62b4e8d19b_45497420.jpeg?h=225&w=225
310097658,Bondi Sands Self-Tanning Foam 1 Hour Express 200Ml,https://www.tesco.com/groceries/en-GB/shop/health-and-beauty/all?department=Suncare%20%26%20Travel&viewAll=department&page=,£15.00,£7.50/100ml,,,/groceries/en-GB/products/310097658,https://digitalcontent.api.tesco.com/v2/media/ghs/a2714e65-8184-4748-9713-2b6fbbda0ef3/b6e9eaca-017f-413c-a004-ea29383896e7_1701770389.jpeg?h=225&w=225
298107833,Bondi Sands Self Tan Foam Dark 200Ml,https://www.tesco.com/groceries/en-GB/shop/health-and-beauty/all?department=Suncare%20%26%20Travel&viewAll=department&page=,£16.00,£8.00/100ml,,,/groceries/en-GB/products/298107833,https://digitalcontent.api.tesco.com/v2/media/ghs/11f5d91e-893e-4837-90c5-390ecd00e3d5/44d7375d-c4f7-44d8-8743-709d67a8e0aa_1832809791.jpeg?h=225&w=225
298107891,Bondi Sands Self Tan Foam Light/Med 200Ml,https://www.tesco.com/groceries/en-GB/shop/health-and-beauty/all?department=Suncare%20%26%20Travel&viewAll=department&page=,£16.00,£8.00/100ml,,,/groceries/en-GB/products/298107891,https://digitalcontent.api.tesco.com/v2/media/ghs/47f2a0f7-c573-4e56-bd54-0b8f32bca1db/59102ca9-05bf-4915-8c1a-56473715b80b_154669323.jpeg?h=225&w=225
300512499,St Moriz Face Tanning Booster Serum 15Ml,https://www.tesco.com/groceries/en-GB/shop/health-and-beauty/all?department=Suncare%20%26%20Travel&viewAll=department&page=,£10.00,£6.67/10ml,,,/groceries/en-GB/products/300512499,https://digitalcontent.api.tesco.com/v2/media/ghs/399dba02-fd73-4b6a-b02d-20b8841a63c1/b3c9efdf-8faa-4041-8c8a-119ebef2b57e_1048267496.jpeg?h=225&w=225
276879136,P20 Spf30 Sun Filter 200Ml,https://www.tesco.com/groceries/en-GB/shop/health-and-beauty/all?department=Suncare%20%26%20Travel&viewAll=department&page=,£25.00,£12.50/100ml,,,/groceries/en-GB/products/276879136,https://digitalcontent.api.tesco.com/v2/media/ghs/ad99b3df-cd03-421c-9c19-fc0146c21971/715cb298-5675-4921-8fd0-7516d6c9fbc5_462973507.jpeg?h=225&w=225
310177457,Nivea Sun Dark Spot Control Sun Fluid Spf 50 40Ml,https://www.tesco.com/groceries/en-GB/shop/health-and-beauty/all?department=Suncare%20%26%20Travel&viewAll=department&page=,£16.00,£40.00/100ml,,,/groceries/en-GB/products/310177457,https://digitalcontent.api.tesco.com/v2/media/ghs/43f4d4b5-6232-4662-abf3-32d4fd3235ca/467aa4be-0bf5-48a7-bd5d-39aa36c3c2fa_1269630041.jpeg?h=225&w=225
291774099,Nivea Men Travel Essentials,https://www.tesco.com/groceries/en-GB/shop/health-and-beauty/all?department=Suncare%20%26%20Travel&viewAll=department&page=,£7.50,£7.50/each,,,/groceries/en-GB/products/291774099,https://digitalcontent.api.tesco.com/v2/media/ghs/5632acd4-77aa-48af-a9e8-743c47e02687/snapshotimagehandler_1250569915.jpeg?h=225&w=225
272318064,Piz Buin Tan & Protect Spray F15 150Ml,https://www.tesco.com/groceries/en-GB/shop/health-and-beauty/all?department=Suncare%20%26%20Travel&viewAll=department&page=,£9.00,£6.00/100ml,,,/groceries/en-GB/products/272318064,https://digitalcontent.api.tesco.com/v2/media/ghs/2ffae99c-b9e3-467a-9b45-daa67798778a/5ba9cca2-9ba4-45ed-97f2-6d034d985b5e_1932269981.jpeg?h=225&w=225
299443409,Piz Buin Spray Tan& Protect Oil Spf30 150Ml,https://www.tesco.com/groceries/en-GB/shop/health-and-beauty/all?department=Suncare%20%26%20Travel&viewAll=department&page=,£9.00,£6.00/100ml,,,/groceries/en-GB/products/299443409,https://digitalcontent.api.tesco.com/v2/media/ghs/b11f7637-4619-46eb-90ec-f8e66f1739ff/338a981b-ec3b-488d-ace8-398cf336f860_456093452.jpeg?h=225&w=225
303008465,St Moriz Medium Dark Clear Mousse 200Ml,https://www.tesco.com/groceries/en-GB/shop/health-and-beauty/all?department=Suncare%20%26%20Travel&viewAll=department&page=,£7.00,£3.50/100ml,£6.00 Clubcard Price,,/groceries/en-GB/products/303008465,https://digitalcontent.api.tesco.com/v2/media/ghs/0961afba-d4ea-4d3d-a676-8b750472736d/3e66a218-212c-4d67-95e8-ff708683ae69_703438948.jpeg?h=225&w=225
303087986,Childs Farm Sun Roll On 50+Spf 70Ml,https://www.tesco.com/groceries/en-GB/shop/health-and-beauty/all?department=Suncare%20%26%20Travel&viewAll=department&page=,£10.00,£14.29/100ml,,,/groceries/en-GB/products/303087986,https://digitalcontent.api.tesco.com/v2/media/ghs/ca2009f6-ed36-440e-92e1-8fdfb330179a/f6594daa-1953-45c2-962d-6287d4168759_543311347.jpeg?h=225&w=225
305038397,Piz Buin After Sun Tan Moisturising Lotion 200Ml,https://www.tesco.com/groceries/en-GB/shop/health-and-beauty/all?department=Suncare%20%26%20Travel&viewAll=department&page=,£6.00,£3.00/100ml,,,/groceries/en-GB/products/305038397,https://digitalcontent.api.tesco.com/v2/media/ghs/4048fd23-6cd1-4c38-a143-9ea76b931622/2f1f7f7c-1832-4c09-877e-bdeb15226df4_896593552.jpeg?h=225&w=225
291774767,St Moriz Professional Mousse Dark 200Ml,https://www.tesco.com/groceries/en-GB/shop/health-and-beauty/all?department=Suncare%20%26%20Travel&viewAll=department&page=,£6.00,£3.00/100ml,,,/groceries/en-GB/products/291774767,https://digitalcontent.api.tesco.com/v2/media/ghs/32c32335-38d0-4a08-aa47-2678b4779608/0b6767e9-5546-4c8d-85a7-e7c60b9a48ab_1675197750.jpeg?h=225&w=225
310114121,St Moriz Professional Clear Complexion Face Tan Mist 150Ml,https://www.tesco.com/groceries/en-GB/shop/health-and-beauty/all?department=Suncare%20%26%20Travel&viewAll=department&page=,£7.00,£4.67/100ml,,,/groceries/en-GB/products/310114121,https://digitalcontent.api.tesco.com/v2/media/ghs/21afbf52-c59d-4a41-b05a-b2a8deecf859/082db942-135e-415d-93a0-a80c42b2d67c_1738111407.jpeg?h=225&w=225
305048539,Bondi Sands Aloe Vera After Sun Spray 200Ml,https://www.tesco.com/groceries/en-GB/shop/health-and-beauty/all?department=Suncare%20%26%20Travel&viewAll=department&page=,£7.00,£3.50/100ml,,,/groceries/en-GB/products/305048539,https://digitalcontent.api.tesco.com/v2/media/ghs/ecffa58d-f0be-4f24-8c21-cb6fa2c06456/3cfcb859-e710-4ebc-83c8-42ba76a77805_1162268738.jpeg?h=225&w=225
311260763,Piz Buin Allergy Sun Sensitive Skin Lotion Spf 15 200Ml,https://www.tesco.com/groceries/en-GB/shop/health-and-beauty/all?department=Suncare%20%26%20Travel&viewAll=department&page=,£8.00,£4.00/100ml,,,/groceries/en-GB/products/311260763,https://digitalcontent.api.tesco.com/v2/media/ghs/89afe8ca-743b-4c80-9b42-c332d82c4e38/snapshotimagehandler_80649036.jpeg?h=225&w=225
308089331,St Moriz Face & Body Double Sided Tanning Mit Set,https://www.tesco.com/groceries/en-GB/shop/health-and-beauty/all?department=Suncare%20%26%20Travel&viewAll=department&page=,£6.00,£3.00/each,,,/groceries/en-GB/products/308089331,https://digitalcontent.api.tesco.com/v2/media/ghs/886a71e0-20f2-41a6-b9c9-76bf544939a9/65183e6b-43a0-4990-8d61-df80ff020771_672214963.jpeg?h=225&w=225
303014751,Nivea Sun Lotion Sensitive Sooth Spf30 200Ml,https://www.tesco.com/groceries/en-GB/shop/health-and-beauty/all?department=Suncare%20%26%20Travel&viewAll=department&page=,£7.80,£3.90/100ml,,,/groceries/en-GB/products/303014751,https://digitalcontent.api.tesco.com/v2/media/ghs/bdad63bd-cefe-4139-b31d-668c3144cf7b/7d7d6a58-450d-4444-afd5-733ac34a1fda_1118916734.jpeg?h=225&w=225
306948292,St Moriz Professional Natural Glow Daily Face Moisturiser 75Ml,https://www.tesco.com/groceries/en-GB/shop/health-and-beauty/all?department=Suncare%20%26%20Travel&viewAll=department&page=,£5.00,£6.67/100ml,,,/groceries/en-GB/products/306948292,https://digitalcontent.api.tesco.com/v2/media/ghs/95c2720b-c82d-4232-a997-70dbcbc3e560/67b40293-c4de-4239-a108-2bd82b29f7b2_1043173711.jpeg?h=225&w=225
305524478,Bondi Sands Reusable Self Tan Application Mitt,https://www.tesco.com/groceries/en-GB/shop/health-and-beauty/all?department=Suncare%20%26%20Travel&viewAll=department&page=,£5.00,£5.00/each,,,/groceries/en-GB/products/305524478,https://digitalcontent.api.tesco.com/v2/media/ghs/c4727a0e-1020-480a-9e81-79aef304c9f1/bac6429d-f33f-46fe-9f8c-87086f9aecb0_1453386803.jpeg?h=225&w=225
303128419,Hawaiian Tropic Oil Spf20 200Ml,https://www.tesco.com/groceries/en-GB/shop/health-and-beauty/all?department=Suncare%20%26%20Travel&viewAll=department&page=,£6.00,£3.00/100ml,,,/groceries/en-GB/products/303128419,https://digitalcontent.api.tesco.com/v2/media/ghs/de9d008b-0c05-4782-8c2a-72e93f550d64/8db54f51-4e16-40f6-bf7e-c929a61a0948_312685565.jpeg?h=225&w=225
305053499,Piz Buin Moisturising Sun Lotion Spf 15 200Ml,https://www.tesco.com/groceries/en-GB/shop/health-and-beauty/all?department=Suncare%20%26%20Travel&viewAll=department&page=,£6.00,£3.00/100ml,,,/groceries/en-GB/products/305053499,https://digitalcontent.api.tesco.com/v2/media/ghs/fdedd80b-8b50-4701-9497-353d717dfcad/52c5c145-10b9-42ad-9c24-a02a904f172d_793054620.jpeg?h=225&w=225
307738245,Hawaiian Tropic Protective Dry Spray Oil Spf 30 200Ml,https://www.tesco.com/groceries/en-GB/shop/health-and-beauty/all?department=Suncare%20%26%20Travel&viewAll=department&page=,£6.00,£3.00/100ml,,,/groceries/en-GB/products/307738245,https://digitalcontent.api.tesco.com/v2/media/ghs/2295bcb0-ae76-4da9-90b5-6d3c1675e826/0c819369-63cc-4ff5-8567-4306872b741e_1646256877.jpeg?h=225&w=225
287756933,Hawaiian Tropic Oil Spray Spf30 180Ml,https://www.tesco.com/groceries/en-GB/shop/health-and-beauty/all?department=Suncare%20%26%20Travel&viewAll=department&page=,£6.00,£3.34/100ml,,,/groceries/en-GB/products/287756933,https://digitalcontent.api.tesco.com/v2/media/ghs/9f8f79e3-8655-4e22-95f6-833d8fac4825/31f7077b-920e-496f-86f9-a4e4eece46ed_1813468867.jpeg?h=225&w=225
305038269,Bondi Sands Everyday Gradual Tanning Milk 100Ml,https://www.tesco.com/groceries/en-GB/shop/health-and-beauty/all?department=Suncare%20%26%20Travel&viewAll=department&page=,£7.00,£7.00/100ml,,,/groceries/en-GB/products/305038269,https://digitalcontent.api.tesco.com/v2/media/ghs/1f156ab4-999b-4464-af78-c2e842134ad9/d051a46a-8fdb-4eeb-a72e-aa90188b89e4_1298471608.jpeg?h=225&w=225
298454611,Safe And Sound Euro Travel Adaptor,https://www.tesco.com/groceries/en-GB/shop/health-and-beauty/all?department=Suncare%20%26%20Travel&viewAll=department&page=,£4.00,£4.00/each,Any 3 for 2 Clubcard Price - Cheapest Product Free - Selected Travel Accessories,,/groceries/en-GB/products/298454611,https://digitalcontent.api.tesco.com/v2/media/ghs/f652675b-8b0c-438a-b4c5-85e7e5f8ead2/e4d296a1-4d58-4bf0-8364-9414523b1496_2085870396.jpeg?h=225&w=225
310166145,Bondi Sands Fragrance Free Spf30 Spray 193Ml,https://www.tesco.com/groceries/en-GB/shop/health-and-beauty/all?department=Suncare%20%26%20Travel&viewAll=department&page=,£9.00,£4.67/100ml,,,/groceries/en-GB/products/310166145,https://digitalcontent.api.tesco.com/v2/media/ghs/b12ab197-024b-4c95-8ad5-470532dd4867/4154871b-f70f-4371-b57d-6769838946f9_1401428977.jpeg?h=225&w=225
310141128,Bondi Sands Sunscreen Lotion Spf50+ Fragrance Free 150Ml,https://www.tesco.com/groceries/en-GB/shop/health-and-beauty/all?department=Suncare%20%26%20Travel&viewAll=department&page=,£8.00,£5.34/100ml,,,/groceries/en-GB/products/310141128,https://digitalcontent.api.tesco.com/v2/media/ghs/10f33738-9f5b-4d4e-af63-d5358f576200/53fc91d6-3906-420f-b00b-14aa07c74fa4_1694319310.jpeg?h=225&w=225
299426252,Nivea Sun Kids Protect & Sensitive Spf50+ 50Ml,https://www.tesco.com/groceries/en-GB/shop/health-and-beauty/all?department=Suncare%20%26%20Travel&viewAll=department&page=,£7.20,£14.40/100ml,,,/groceries/en-GB/products/299426252,https://digitalcontent.api.tesco.com/v2/media/ghs/1fe2e20c-da8e-4c41-92b3-1edd2d070a2c/b65d3bea-b09b-4439-bb7b-c6e6fe3f78c0_987995427.jpeg?h=225&w=225
272513564,Nivea Sun Spray Kids Pure & Sensitive Spf 50 200Ml,https://www.tesco.com/groceries/en-GB/shop/health-and-beauty/all?department=Suncare%20%26%20Travel&viewAll=department&page=,£7.00,£3.50/100ml,,,/groceries/en-GB/products/272513564,https://digitalcontent.api.tesco.com/v2/media/ghs/90fae491-3c88-45cd-9c4c-1c5791e8bc7e/21c3090d-287b-4eca-b675-3ec627c4ad4a_1910083399.jpeg?h=225&w=225
304787945,Bondi Sands Sunscreen Lotion Spf30 200Ml,https://www.tesco.com/groceries/en-GB/shop/health-and-beauty/all?department=Suncare%20%26%20Travel&viewAll=department&page=,£9.00,£4.50/100ml,,,/groceries/en-GB/products/304787945,https://digitalcontent.api.tesco.com/v2/media/ghs/6c449a7f-a4dc-4889-b821-d17bb219897e/1cf0db9d-2413-445a-946c-412802ed741e_2066533298.jpeg?h=225&w=225
311258588,Piz Buin Allergy Sun Sensitive Skin Lotion Spf 30 200Ml,https://www.tesco.com/groceries/en-GB/shop/health-and-beauty/all?department=Suncare%20%26%20Travel&viewAll=department&page=,£8.00,£4.00/100ml,,,/groceries/en-GB/products/311258588,https://digitalcontent.api.tesco.com/v2/media/ghs/9bfbd3af-9719-480b-a8f2-61431198e82c/a0f3e27d-00fb-4163-8b87-20519f50cf8f_2101591874.jpeg?h=225&w=225
255082413,Garnier Ambre Solaire Lotion Spf30 200Ml,https://www.tesco.com/groceries/en-GB/shop/health-and-beauty/all?department=Suncare%20%26%20Travel&viewAll=department&page=,£6.00,£3.00/100ml,,,/groceries/en-GB/products/255082413,https://digitalcontent.api.tesco.com/v2/media/ghs/06a55250-df82-4a4b-9d89-877b7fc3613c/5be11f9f-fc78-425c-b96f-a8243c67887b_1042287810.jpeg?h=225&w=225
291684840,Nivea Sun Kids Roll-On Spf 50 50Ml,https://www.tesco.com/groceries/en-GB/shop/health-and-beauty/all?department=Suncare%20%26%20Travel&viewAll=department&page=,£6.00,£12.00/100ml,,,/groceries/en-GB/products/291684840,https://digitalcontent.api.tesco.com/v2/media/ghs/eeec533e-61e4-4989-be27-3a752d324740/01e89998-06a3-414f-8759-ffc55b684045_1462181716.jpeg?h=225&w=225
251463948,Nivea Childrens Coloured Sun Spray F30 200Ml,https://www.tesco.com/groceries/en-GB/shop/health-and-beauty/all?department=Suncare%20%26%20Travel&viewAll=department&page=,£6.15,£3.08/100ml,,,/groceries/en-GB/products/251463948,https://digitalcontent.api.tesco.com/v2/media/ghs/1763ff69-dad2-41f8-b1f8-43add16a7b5f/eb63d5a1-b5c2-40b4-b090-fe9b8a85e871_1724034400.jpeg?h=225&w=225
272376075,Garnier Ambre Solaire Lotion Spf30 50Ml,https://www.tesco.com/groceries/en-GB/shop/health-and-beauty/all?department=Suncare%20%26%20Travel&viewAll=department&page=,£3.50,£7.00/100ml,,,/groceries/en-GB/products/272376075,https://digitalcontent.api.tesco.com/v2/media/ghs/2891995c-d471-434e-bcb4-bb5ae36816ec/53069fcd-5d27-476e-9f05-ceb62760528d_1916090756.jpeg?h=225&w=225
259076622,Nivea Childrens Sun Spray Spf 50 Plus 200Ml,https://www.tesco.com/groceries/en-GB/shop/health-and-beauty/all?department=Suncare%20%26%20Travel&viewAll=department&page=,£6.15,£3.08/100ml,,,/groceries/en-GB/products/259076622,https://digitalcontent.api.tesco.com/v2/media/ghs/81205a04-4206-4bff-b7f5-57cd60d71b4f/1743d554-bc86-407f-8c27-74f1684a27ca_733126355.jpeg?h=225&w=225
310118497,Garnier Ambre Solaire Kids Protection Spray Spf50+ 150Ml,https://www.tesco.com/groceries/en-GB/shop/health-and-beauty/all?department=Suncare%20%26%20Travel&viewAll=department&page=,£5.00,£3.34/100ml,,,/groceries/en-GB/products/310118497,https://digitalcontent.api.tesco.com/v2/media/ghs/e387451d-f561-40fe-8e1f-8aa3cb41e694/122ea966-26f9-4d9f-9ad3-929697730ad5_1063950569.jpeg?h=225&w=225
305257039,Skinny Tan Self Mousse 150Ml,https://www.tesco.com/groceries/en-GB/shop/health-and-beauty/all?department=Suncare%20%26%20Travel&viewAll=department&page=,£22.00,£14.67/100ml,,,/groceries/en-GB/products/305257039,https://digitalcontent.api.tesco.com/v2/media/ghs/11b75360-feee-45a3-993c-2474ed37575f/21144c84-1d13-4446-9d0e-97f97ed32d87_1625319747.jpeg?h=225&w=225
310148265,Bondi Sands Self-Tanning Face Mist 1 Hour Express 70Ml,https://www.tesco.com/groceries/en-GB/shop/health-and-beauty/all?department=Suncare%20%26%20Travel&viewAll=department&page=,£14.00,£20.00/100ml,,,/groceries/en-GB/products/310148265,https://digitalcontent.api.tesco.com/v2/media/ghs/57ce83cb-b5ad-44ef-a38a-019e385000da/1ce17cb3-41d6-4b92-8948-dbb46a80f1d9_555847236.jpeg?h=225&w=225
310122330,Bondi Sands Spf50+ Fragrance Free Face Mist 79Ml,https://www.tesco.com/groceries/en-GB/shop/health-and-beauty/all?department=Suncare%20%26%20Travel&viewAll=department&page=,£9.00,£11.40/100ml,,,/groceries/en-GB/products/310122330,https://digitalcontent.api.tesco.com/v2/media/ghs/55fc30b2-ac15-42b8-b14f-341d1414c3f7/9f5f76ce-24d1-44bd-85b7-a55a1b064484_1839670287.jpeg?h=225&w=225
273682943,Haliborange Omega 3 & Multivitamins Softies 30S,https://www.tesco.com/groceries/en-GB/shop/health-and-beauty/all?department=Vitamins%2C%20Minerals%20%26%20Supplements&viewAll=department,£5.80,£0.19/each,Any 3 for 2 Clubcard Price - Cheapest Product Free - Selected Vitamins Or Supplements,,/groceries/en-GB/products/273682943,https://digitalcontent.api.tesco.com/v2/media/ghs/72006fd4-2f49-4d44-a4df-1bcc2c04069e/d4e8f2fe-83d8-4a2f-9c5b-0b7b729f0d5f_1421775997.jpeg?h=225&w=225
266458362,Vitabiotics Ultra D 96 S,https://www.tesco.com/groceries/en-GB/shop/health-and-beauty/all?department=Vitamins%2C%20Minerals%20%26%20Supplements&viewAll=department,£5.00,£0.05/each,Any 3 for 2 Clubcard Price - Cheapest Product Free - Selected Vitamins Or Supplements,,/groceries/en-GB/products/266458362,https://digitalcontent.api.tesco.com/v2/media/ghs/fcde9b6e-ff0f-417e-a7f2-1073c4a4cf67/4385a5ef-c93c-47bd-8d51-a415fdbb1c88_597760879.jpeg?h=225&w=225
255431548,Tesco Omega 3+6+9 X 90,https://www.tesco.com/groceries/en-GB/shop/health-and-beauty/all?department=Vitamins%2C%20Minerals%20%26%20Supplements&viewAll=department,£7.00,£0.08/each,Any 3 for 2 Clubcard Price - Cheapest Product Free - Selected Vitamins Or Supplements,,/groceries/en-GB/products/255431548,https://digitalcontent.api.tesco.com/v2/media/ghs/d40db1bf-df0f-404e-a2b8-1b05253d7ea2/37964e60-26cd-439f-ac6a-1618b7d2f430_1031667783.jpeg?h=225&w=225
289431364,Bassetts Adult Multi Vitamin Raspberry & Pomegranate,https://www.tesco.com/groceries/en-GB/shop/health-and-beauty/all?department=Vitamins%2C%20Minerals%20%26%20Supplements&viewAll=department,£5.80,£0.19/each,Any 3 for 2 Clubcard Price - Cheapest Product Free - Selected Vitamins Or Supplements,,/groceries/en-GB/products/289431364,https://digitalcontent.api.tesco.com/v2/media/ghs/46075177-470f-4214-aa5b-2a83b101b2f6/41ae4fa1-63c0-4e1c-b0f6-40b7c87d75bf_1806095046.jpeg?h=225&w=225
273127467,Tesco Chewable Vitamin C 1000Mg 90'S,https://www.tesco.com/groceries/en-GB/shop/health-and-beauty/all?department=Vitamins%2C%20Minerals%20%26%20Supplements&viewAll=department,£5.75,£0.06/each,Any 3 for 2 Clubcard Price - Cheapest Product Free - Selected Vitamins Or Supplements,,/groceries/en-GB/products/273127467,https://digitalcontent.api.tesco.com/v2/media/ghs/98978edb-97db-4d83-ab70-14fc91653cc6/115d2d3e-0c1a-4002-9def-9f962fceb3f4_647989826.jpeg?h=225&w=225
312224356,Tesco Health 120 High Strength Vitamin D 25G Tablets,https://www.tesco.com/groceries/en-GB/shop/health-and-beauty/all?department=Vitamins%2C%20Minerals%20%26%20Supplements&viewAll=department,£3.90,£0.03/each,Any 3 for 2 Clubcard Price - Cheapest Product Free - Selected Vitamins Or Supplements,,/groceries/en-GB/products/312224356,https://digitalcontent.api.tesco.com/v2/media/ghs/4df79653-2726-4a92-8232-a7c4f60ba947/13a03bd9-7548-47d6-b23a-b75f89cc87d8_696632609.jpeg?h=225&w=225
285513527,Tesco A-Z Multivitamins & Minerals 90S,https://www.tesco.com/groceries/en-GB/shop/health-and-beauty/all?department=Vitamins%2C%20Minerals%20%26%20Supplements&viewAll=department,£4.50,£0.05/each,Any 3 for 2 Clubcard Price - Cheapest Product Free - Selected Vitamins Or Supplements,,/groceries/en-GB/products/285513527,https://digitalcontent.api.tesco.com/v2/media/ghs/4a1bcac6-a831-4095-b14a-d715b68995ea/a19a078c-7500-48fa-ad33-dc3a0b80287c_1437582696.jpeg?h=225&w=225
257005518,Berocca Orange Effervescent Vitamin Energy Tablets 15S,https://www.tesco.com/groceries/en-GB/shop/health-and-beauty/all?department=Vitamins%2C%20Minerals%20%26%20Supplements&viewAll=department,£5.00,£0.33/each,Any 3 for 2 Clubcard Price - Cheapest Product Free - Selected Vitamins Or Supplements,,/groceries/en-GB/products/257005518,https://digitalcontent.api.tesco.com/v2/media/ghs/c4d5ebe2-8204-4d48-bbec-f6f31c707dc9/7ab596d0-c420-420b-84de-3e073945e75f_1959927880.jpeg?h=225&w=225
312092741,Tesco Health 50 Magnesium 375Mg Magnesium Tabs,https://www.tesco.com/groceries/en-GB/shop/health-and-beauty/all?department=Vitamins%2C%20Minerals%20%26%20Supplements&viewAll=department,£3.75,£0.08/each,Any 3 for 2 Clubcard Price - Cheapest Product Free - Selected Vitamins Or Supplements,,/groceries/en-GB/products/312092741,https://digitalcontent.api.tesco.com/v2/media/ghs/49164a93-cb4d-4071-9dc6-e3fd5566188a/fe407a18-67eb-477a-a78f-41753f0717db_979536961.jpeg?h=225&w=225
289431197,Bassetts 7-11 Multi Vitamin Raspberry,https://www.tesco.com/groceries/en-GB/shop/health-and-beauty/all?department=Vitamins%2C%20Minerals%20%26%20Supplements&viewAll=department,£5.25,£0.18/each,Any 3 for 2 Clubcard Price - Cheapest Product Free - Selected Vitamins Or Supplements,,/groceries/en-GB/products/289431197,https://digitalcontent.api.tesco.com/v2/media/ghs/b9d36a2c-8b2e-4562-bbb7-11dee65afe6a/fbebefac-da32-4abd-88d5-5821e0cc190a_115278249.jpeg?h=225&w=225
289431669,Bassetts 7-11 Multi Vitamin Plus Omega 3,https://www.tesco.com/groceries/en-GB/shop/health-and-beauty/all?department=Vitamins%2C%20Minerals%20%26%20Supplements&viewAll=department,£5.80,£0.19/each,Any 3 for 2 Clubcard Price - Cheapest Product Free - Selected Vitamins Or Supplements,,/groceries/en-GB/products/289431669,https://digitalcontent.api.tesco.com/v2/media/ghs/d2c91491-12af-40fc-8c35-7c83bfc63044/b8a924ed-6e31-4925-bbd4-cf4feaa3d367_1463195168.jpeg?h=225&w=225
265749739,Wellkid Baby And Infant 150Ml,https://www.tesco.com/groceries/en-GB/shop/health-and-beauty/all?department=Vitamins%2C%20Minerals%20%26%20Supplements&viewAll=department,£5.00,£3.34/100ml,Any 3 for 2 Clubcard Price - Cheapest Product Free - Selected Vitamins Or Supplements,,/groceries/en-GB/products/265749739,https://digitalcontent.api.tesco.com/v2/media/ghs/6508a8eb-3a08-4dd4-93cd-7abb04164912/600f0aa6-f460-4826-b53e-8abb2e162ad8_2067751267.jpeg?h=225&w=225
276940121,Centrum Women 50+ 30S,https://www.tesco.com/groceries/en-GB/shop/health-and-beauty/all?department=Vitamins%2C%20Minerals%20%26%20Supplements&viewAll=department,£6.80,£0.23/each,Any 3 for 2 Clubcard Price - Cheapest Product Free - Selected Vitamins Or Supplements,,/groceries/en-GB/products/276940121,https://digitalcontent.api.tesco.com/v2/media/ghs/ad4a2cdf-e72d-4867-a4fe-c051d8509bdc/9016c447-f328-4761-8b4a-70cb5f5f15e0_911411013.jpeg?h=225&w=225
257745258,Tesco Cod Liver Oil 1000Mg 90S,https://www.tesco.com/groceries/en-GB/shop/health-and-beauty/all?department=Vitamins%2C%20Minerals%20%26%20Supplements&viewAll=department,£4.50,£0.05/each,Any 3 for 2 Clubcard Price - Cheapest Product Free - Selected Vitamins Or Supplements,,/groceries/en-GB/products/257745258,https://digitalcontent.api.tesco.com/v2/media/ghs/24b2b2b7-9083-4376-a35c-4d64f2b9c200/e2fa3422-6421-4e30-920a-96cd998d40d2_1024296271.jpeg?h=225&w=225
312104907,Tesco Health 120 Vitamin D 12.5G Tablets,https://www.tesco.com/groceries/en-GB/shop/health-and-beauty/all?department=Vitamins%2C%20Minerals%20%26%20Supplements&viewAll=department,£4.00,£0.03/each,Any 3 for 2 Clubcard Price - Cheapest Product Free - Selected Vitamins Or Supplements,,/groceries/en-GB/products/312104907,https://digitalcontent.api.tesco.com/v2/media/ghs/3bc60838-adef-4a20-9a15-6ce07fd11e89/78a21865-ab6d-4b64-96dd-92d1c87e77fb_198185560.jpeg?h=225&w=225
273236303,Tesco Calcium & Vitamin D 90'S,https://www.tesco.com/groceries/en-GB/shop/health-and-beauty/all?department=Vitamins%2C%20Minerals%20%26%20Supplements&viewAll=department,£3.25,£0.04/each,Any 3 for 2 Clubcard Price - Cheapest Product Free - Selected Vitamins Or Supplements,,/groceries/en-GB/products/273236303,https://digitalcontent.api.tesco.com/v2/media/ghs/a88ebecf-22d0-4edc-be64-ded7352387bd/7e59607f-10a1-4f1b-a7f0-cb114bf33783_2029360759.jpeg?h=225&w=225
289431442,Bassetts 3-6 Multi Vitamin Plus Omega 3,https://www.tesco.com/groceries/en-GB/shop/health-and-beauty/all?department=Vitamins%2C%20Minerals%20%26%20Supplements&viewAll=department,£5.00,£0.17/each,Any 3 for 2 Clubcard Price - Cheapest Product Free - Selected Vitamins Or Supplements,,/groceries/en-GB/products/289431442,https://digitalcontent.api.tesco.com/v2/media/ghs/b19f79a1-5fee-4742-97eb-82edde521f9a/9a5cc4c5-412a-400a-8fcc-7c1b78f25d26_1503358234.jpeg?h=225&w=225
289431102,Bassetts 3-6 Multi Vitamin Strawberry,https://www.tesco.com/groceries/en-GB/shop/health-and-beauty/all?department=Vitamins%2C%20Minerals%20%26%20Supplements&viewAll=department,£4.70,£0.16/each,Any 3 for 2 Clubcard Price - Cheapest Product Free - Selected Vitamins Or Supplements,,/groceries/en-GB/products/289431102,https://digitalcontent.api.tesco.com/v2/media/ghs/259cdcb3-c090-405c-86c4-d6708e625a36/0c581e6c-007a-495c-86a1-e60efd3583e8_332471330.jpeg?h=225&w=225
289446502,Bassetts 12-18 Multi Vitamin Plus Evening Primrose Oil,https://www.tesco.com/groceries/en-GB/shop/health-and-beauty/all?department=Vitamins%2C%20Minerals%20%26%20Supplements&viewAll=department,£6.30,£0.21/each,Any 3 for 2 Clubcard Price - Cheapest Product Free - Selected Vitamins Or Supplements,,/groceries/en-GB/products/289446502,https://digitalcontent.api.tesco.com/v2/media/ghs/4a2ca73c-a9ae-4faa-b7e6-8b7f882d1c14/e2797b02-0501-4c31-83ee-872e11462e63_204896838.jpeg?h=225&w=225
305039239,Tesco Health 60 Childrens Multivitamins Strawberry Gummies,https://www.tesco.com/groceries/en-GB/shop/health-and-beauty/all?department=Vitamins%2C%20Minerals%20%26%20Supplements&viewAll=department,£5.25,£0.09/each,Any 3 for 2 Clubcard Price - Cheapest Product Free - Selected Vitamins Or Supplements,,/groceries/en-GB/products/305039239,https://digitalcontent.api.tesco.com/v2/media/ghs/e88202e6-781f-48f8-ba51-0f158f9d367b/c0b06227-4d8c-4261-a348-2872e485ef1a_388836391.jpeg?h=225&w=225
273211177,Tesco Kids Chewable Multivitamins Plus Minerals X 90,https://www.tesco.com/groceries/en-GB/shop/health-and-beauty/all?department=Vitamins%2C%20Minerals%20%26%20Supplements&viewAll=department,£3.50,£0.04/each,Any 3 for 2 Clubcard Price - Cheapest Product Free - Selected Vitamins Or Supplements,,/groceries/en-GB/products/273211177,https://digitalcontent.api.tesco.com/v2/media/ghs/6eee7cce-e452-4966-853f-6be80e53922b/eff1b0ba-1bd5-4c51-92d5-718efda7b66a_243321011.jpeg?h=225&w=225
289446623,Bassetts 12-18 Multi Vitamin Plus Omega 3,https://www.tesco.com/groceries/en-GB/shop/health-and-beauty/all?department=Vitamins%2C%20Minerals%20%26%20Supplements&viewAll=department,£6.25,£0.21/each,Any 3 for 2 Clubcard Price - Cheapest Product Free - Selected Vitamins Or Supplements,,/groceries/en-GB/products/289446623,https://digitalcontent.api.tesco.com/v2/media/ghs/d93cb414-dd70-4aee-84cd-d62e2f12fce6/ec140bb8-60f9-4609-a365-6240b99cd57f_1080770117.jpeg?h=225&w=225
262331587,Wellkid Multivitamins Mixture Fruit Chewable 30S,https://www.tesco.com/groceries/en-GB/shop/health-and-beauty/all?department=Vitamins%2C%20Minerals%20%26%20Supplements&viewAll=department,£6.50,£0.22/each,Any 3 for 2 Clubcard Price - Cheapest Product Free - Selected Vitamins Or Supplements,,/groceries/en-GB/products/262331587,https://digitalcontent.api.tesco.com/v2/media/ghs/29b080df-d91d-4425-a592-ac6a66923d0b/751f7669-e76c-4455-b07a-476057cdf141_1859482099.jpeg?h=225&w=225
305053378,Tesco Health 60 Childrens Multivitamins Orange Gummies,https://www.tesco.com/groceries/en-GB/shop/health-and-beauty/all?department=Vitamins%2C%20Minerals%20%26%20Supplements&viewAll=department,£5.25,£0.09/each,Any 3 for 2 Clubcard Price - Cheapest Product Free - Selected Vitamins Or Supplements,,/groceries/en-GB/products/305053378,https://digitalcontent.api.tesco.com/v2/media/ghs/4e9fc362-5726-45ab-a1c2-bb0b2fcd430a/843f1453-99aa-48c9-899c-f103acec4c59_25771693.jpeg?h=225&w=225
273682943,Haliborange Omega 3 & Multivitamins Softies 30S,https://www.tesco.com/groceries/en-GB/shop/health-and-beauty/all?department=Vitamins%2C%20Minerals%20%26%20Supplements&viewAll=department,£5.80,£0.19/each,Any 3 for 2 Clubcard Price - Cheapest Product Free - Selected Vitamins Or Supplements,,/groceries/en-GB/products/273682943,https://digitalcontent.api.tesco.com/v2/media/ghs/72006fd4-2f49-4d44-a4df-1bcc2c04069e/d4e8f2fe-83d8-4a2f-9c5b-0b7b729f0d5f_1421775997.jpeg?h=225&w=225
266458362,Vitabiotics Ultra D 96 S,https://www.tesco.com/groceries/en-GB/shop/health-and-beauty/all?department=Vitamins%2C%20Minerals%20%26%20Supplements&viewAll=department,£5.00,£0.05/each,Any 3 for 2 Clubcard Price - Cheapest Product Free - Selected Vitamins Or Supplements,,/groceries/en-GB/products/266458362,https://digitalcontent.api.tesco.com/v2/media/ghs/fcde9b6e-ff0f-417e-a7f2-1073c4a4cf67/4385a5ef-c93c-47bd-8d51-a415fdbb1c88_597760879.jpeg?h=225&w=225
255431548,Tesco Omega 3+6+9 X 90,https://www.tesco.com/groceries/en-GB/shop/health-and-beauty/all?department=Vitamins%2C%20Minerals%20%26%20Supplements&viewAll=department,£7.00,£0.08/each,Any 3 for 2 Clubcard Price - Cheapest Product Free - Selected Vitamins Or Supplements,,/groceries/en-GB/products/255431548,https://digitalcontent.api.tesco.com/v2/media/ghs/d40db1bf-df0f-404e-a2b8-1b05253d7ea2/37964e60-26cd-439f-ac6a-1618b7d2f430_1031667783.jpeg?h=225&w=225
289431364,Bassetts Adult Multi Vitamin Raspberry & Pomegranate,https://www.tesco.com/groceries/en-GB/shop/health-and-beauty/all?department=Vitamins%2C%20Minerals%20%26%20Supplements&viewAll=department,£5.80,£0.19/each,Any 3 for 2 Clubcard Price - Cheapest Product Free - Selected Vitamins Or Supplements,,/groceries/en-GB/products/289431364,https://digitalcontent.api.tesco.com/v2/media/ghs/46075177-470f-4214-aa5b-2a83b101b2f6/41ae4fa1-63c0-4e1c-b0f6-40b7c87d75bf_1806095046.jpeg?h=225&w=225
273127467,Tesco Chewable Vitamin C 1000Mg 90'S,https://www.tesco.com/groceries/en-GB/shop/health-and-beauty/all?department=Vitamins%2C%20Minerals%20%26%20Supplements&viewAll=department,£5.75,£0.06/each,Any 3 for 2 Clubcard Price - Cheapest Product Free - Selected Vitamins Or Supplements,,/groceries/en-GB/products/273127467,https://digitalcontent.api.tesco.com/v2/media/ghs/98978edb-97db-4d83-ab70-14fc91653cc6/115d2d3e-0c1a-4002-9def-9f962fceb3f4_647989826.jpeg?h=225&w=225
312224356,Tesco Health 120 High Strength Vitamin D 25G Tablets,https://www.tesco.com/groceries/en-GB/shop/health-and-beauty/all?department=Vitamins%2C%20Minerals%20%26%20Supplements&viewAll=department,£3.90,£0.03/each,Any 3 for 2 Clubcard Price - Cheapest Product Free - Selected Vitamins Or Supplements,,/groceries/en-GB/products/312224356,https://digitalcontent.api.tesco.com/v2/media/ghs/4df79653-2726-4a92-8232-a7c4f60ba947/13a03bd9-7548-47d6-b23a-b75f89cc87d8_696632609.jpeg?h=225&w=225
285513527,Tesco A-Z Multivitamins & Minerals 90S,https://www.tesco.com/groceries/en-GB/shop/health-and-beauty/all?department=Vitamins%2C%20Minerals%20%26%20Supplements&viewAll=department,£4.50,£0.05/each,Any 3 for 2 Clubcard Price - Cheapest Product Free - Selected Vitamins Or Supplements,,/groceries/en-GB/products/285513527,https://digitalcontent.api.tesco.com/v2/media/ghs/4a1bcac6-a831-4095-b14a-d715b68995ea/a19a078c-7500-48fa-ad33-dc3a0b80287c_1437582696.jpeg?h=225&w=225
257005518,Berocca Orange Effervescent Vitamin Energy Tablets 15S,https://www.tesco.com/groceries/en-GB/shop/health-and-beauty/all?department=Vitamins%2C%20Minerals%20%26%20Supplements&viewAll=department,£5.00,£0.33/each,Any 3 for 2 Clubcard Price - Cheapest Product Free - Selected Vitamins Or Supplements,,/groceries/en-GB/products/257005518,https://digitalcontent.api.tesco.com/v2/media/ghs/c4d5ebe2-8204-4d48-bbec-f6f31c707dc9/7ab596d0-c420-420b-84de-3e073945e75f_1959927880.jpeg?h=225&w=225
312092741,Tesco Health 50 Magnesium 375Mg Magnesium Tabs,https://www.tesco.com/groceries/en-GB/shop/health-and-beauty/all?department=Vitamins%2C%20Minerals%20%26%20Supplements&viewAll=department,£3.75,£0.08/each,Any 3 for 2 Clubcard Price - Cheapest Product Free - Selected Vitamins Or Supplements,,/groceries/en-GB/products/312092741,https://digitalcontent.api.tesco.com/v2/media/ghs/49164a93-cb4d-4071-9dc6-e3fd5566188a/fe407a18-67eb-477a-a78f-41753f0717db_979536961.jpeg?h=225&w=225
289431197,Bassetts 7-11 Multi Vitamin Raspberry,https://www.tesco.com/groceries/en-GB/shop/health-and-beauty/all?department=Vitamins%2C%20Minerals%20%26%20Supplements&viewAll=department,£5.25,£0.18/each,Any 3 for 2 Clubcard Price - Cheapest Product Free - Selected Vitamins Or Supplements,,/groceries/en-GB/products/289431197,https://digitalcontent.api.tesco.com/v2/media/ghs/b9d36a2c-8b2e-4562-bbb7-11dee65afe6a/fbebefac-da32-4abd-88d5-5821e0cc190a_115278249.jpeg?h=225&w=225
289431669,Bassetts 7-11 Multi Vitamin Plus Omega 3,https://www.tesco.com/groceries/en-GB/shop/health-and-beauty/all?department=Vitamins%2C%20Minerals%20%26%20Supplements&viewAll=department,£5.80,£0.19/each,Any 3 for 2 Clubcard Price - Cheapest Product Free - Selected Vitamins Or Supplements,,/groceries/en-GB/products/289431669,https://digitalcontent.api.tesco.com/v2/media/ghs/d2c91491-12af-40fc-8c35-7c83bfc63044/b8a924ed-6e31-4925-bbd4-cf4feaa3d367_1463195168.jpeg?h=225&w=225
265749739,Wellkid Baby And Infant 150Ml,https://www.tesco.com/groceries/en-GB/shop/health-and-beauty/all?department=Vitamins%2C%20Minerals%20%26%20Supplements&viewAll=department,£5.00,£3.34/100ml,Any 3 for 2 Clubcard Price - Cheapest Product Free - Selected Vitamins Or Supplements,,/groceries/en-GB/products/265749739,https://digitalcontent.api.tesco.com/v2/media/ghs/6508a8eb-3a08-4dd4-93cd-7abb04164912/600f0aa6-f460-4826-b53e-8abb2e162ad8_2067751267.jpeg?h=225&w=225
276940121,Centrum Women 50+ 30S,https://www.tesco.com/groceries/en-GB/shop/health-and-beauty/all?department=Vitamins%2C%20Minerals%20%26%20Supplements&viewAll=department,£6.80,£0.23/each,Any 3 for 2 Clubcard Price - Cheapest Product Free - Selected Vitamins Or Supplements,,/groceries/en-GB/products/276940121,https://digitalcontent.api.tesco.com/v2/media/ghs/ad4a2cdf-e72d-4867-a4fe-c051d8509bdc/9016c447-f328-4761-8b4a-70cb5f5f15e0_911411013.jpeg?h=225&w=225
257745258,Tesco Cod Liver Oil 1000Mg 90S,https://www.tesco.com/groceries/en-GB/shop/health-and-beauty/all?department=Vitamins%2C%20Minerals%20%26%20Supplements&viewAll=department,£4.50,£0.05/each,Any 3 for 2 Clubcard Price - Cheapest Product Free - Selected Vitamins Or Supplements,,/groceries/en-GB/products/257745258,https://digitalcontent.api.tesco.com/v2/media/ghs/24b2b2b7-9083-4376-a35c-4d64f2b9c200/e2fa3422-6421-4e30-920a-96cd998d40d2_1024296271.jpeg?h=225&w=225
312104907,Tesco Health 120 Vitamin D 12.5G Tablets,https://www.tesco.com/groceries/en-GB/shop/health-and-beauty/all?department=Vitamins%2C%20Minerals%20%26%20Supplements&viewAll=department,£4.00,£0.03/each,Any 3 for 2 Clubcard Price - Cheapest Product Free - Selected Vitamins Or Supplements,,/groceries/en-GB/products/312104907,https://digitalcontent.api.tesco.com/v2/media/ghs/3bc60838-adef-4a20-9a15-6ce07fd11e89/78a21865-ab6d-4b64-96dd-92d1c87e77fb_198185560.jpeg?h=225&w=225
273236303,Tesco Calcium & Vitamin D 90'S,https://www.tesco.com/groceries/en-GB/shop/health-and-beauty/all?department=Vitamins%2C%20Minerals%20%26%20Supplements&viewAll=department,£3.25,£0.04/each,Any 3 for 2 Clubcard Price - Cheapest Product Free - Selected Vitamins Or Supplements,,/groceries/en-GB/products/273236303,https://digitalcontent.api.tesco.com/v2/media/ghs/a88ebecf-22d0-4edc-be64-ded7352387bd/7e59607f-10a1-4f1b-a7f0-cb114bf33783_2029360759.jpeg?h=225&w=225
289431442,Bassetts 3-6 Multi Vitamin Plus Omega 3,https://www.tesco.com/groceries/en-GB/shop/health-and-beauty/all?department=Vitamins%2C%20Minerals%20%26%20Supplements&viewAll=department,£5.00,£0.17/each,Any 3 for 2 Clubcard Price - Cheapest Product Free - Selected Vitamins Or Supplements,,/groceries/en-GB/products/289431442,https://digitalcontent.api.tesco.com/v2/media/ghs/b19f79a1-5fee-4742-97eb-82edde521f9a/9a5cc4c5-412a-400a-8fcc-7c1b78f25d26_1503358234.jpeg?h=225&w=225
289431102,Bassetts 3-6 Multi Vitamin Strawberry,https://www.tesco.com/groceries/en-GB/shop/health-and-beauty/all?department=Vitamins%2C%20Minerals%20%26%20Supplements&viewAll=department,£4.70,£0.16/each,Any 3 for 2 Clubcard Price - Cheapest Product Free - Selected Vitamins Or Supplements,,/groceries/en-GB/products/289431102,https://digitalcontent.api.tesco.com/v2/media/ghs/259cdcb3-c090-405c-86c4-d6708e625a36/0c581e6c-007a-495c-86a1-e60efd3583e8_332471330.jpeg?h=225&w=225
289446502,Bassetts 12-18 Multi Vitamin Plus Evening Primrose Oil,https://www.tesco.com/groceries/en-GB/shop/health-and-beauty/all?department=Vitamins%2C%20Minerals%20%26%20Supplements&viewAll=department,£6.30,£0.21/each,Any 3 for 2 Clubcard Price - Cheapest Product Free - Selected Vitamins Or Supplements,,/groceries/en-GB/products/289446502,https://digitalcontent.api.tesco.com/v2/media/ghs/4a2ca73c-a9ae-4faa-b7e6-8b7f882d1c14/e2797b02-0501-4c31-83ee-872e11462e63_204896838.jpeg?h=225&w=225
305039239,Tesco Health 60 Childrens Multivitamins Strawberry Gummies,https://www.tesco.com/groceries/en-GB/shop/health-and-beauty/all?department=Vitamins%2C%20Minerals%20%26%20Supplements&viewAll=department,£5.25,£0.09/each,Any 3 for 2 Clubcard Price - Cheapest Product Free - Selected Vitamins Or Supplements,,/groceries/en-GB/products/305039239,https://digitalcontent.api.tesco.com/v2/media/ghs/e88202e6-781f-48f8-ba51-0f158f9d367b/c0b06227-4d8c-4261-a348-2872e485ef1a_388836391.jpeg?h=225&w=225
273211177,Tesco Kids Chewable Multivitamins Plus Minerals X 90,https://www.tesco.com/groceries/en-GB/shop/health-and-beauty/all?department=Vitamins%2C%20Minerals%20%26%20Supplements&viewAll=department,£3.50,£0.04/each,Any 3 for 2 Clubcard Price - Cheapest Product Free - Selected Vitamins Or Supplements,,/groceries/en-GB/products/273211177,https://digitalcontent.api.tesco.com/v2/media/ghs/6eee7cce-e452-4966-853f-6be80e53922b/eff1b0ba-1bd5-4c51-92d5-718efda7b66a_243321011.jpeg?h=225&w=225
289446623,Bassetts 12-18 Multi Vitamin Plus Omega 3,https://www.tesco.com/groceries/en-GB/shop/health-and-beauty/all?department=Vitamins%2C%20Minerals%20%26%20Supplements&viewAll=department,£6.25,£0.21/each,Any 3 for 2 Clubcard Price - Cheapest Product Free - Selected Vitamins Or Supplements,,/groceries/en-GB/products/289446623,https://digitalcontent.api.tesco.com/v2/media/ghs/d93cb414-dd70-4aee-84cd-d62e2f12fce6/ec140bb8-60f9-4609-a365-6240b99cd57f_1080770117.jpeg?h=225&w=225
262331587,Wellkid Multivitamins Mixture Fruit Chewable 30S,https://www.tesco.com/groceries/en-GB/shop/health-and-beauty/all?department=Vitamins%2C%20Minerals%20%26%20Supplements&viewAll=department,£6.50,£0.22/each,Any 3 for 2 Clubcard Price - Cheapest Product Free - Selected Vitamins Or Supplements,,/groceries/en-GB/products/262331587,https://digitalcontent.api.tesco.com/v2/media/ghs/29b080df-d91d-4425-a592-ac6a66923d0b/751f7669-e76c-4455-b07a-476057cdf141_1859482099.jpeg?h=225&w=225
305053378,Tesco Health 60 Childrens Multivitamins Orange Gummies,https://www.tesco.com/groceries/en-GB/shop/health-and-beauty/all?department=Vitamins%2C%20Minerals%20%26%20Supplements&viewAll=department,£5.25,£0.09/each,Any 3 for 2 Clubcard Price - Cheapest Product Free - Selected Vitamins Or Supplements,,/groceries/en-GB/products/305053378,https://digitalcontent.api.tesco.com/v2/media/ghs/4e9fc362-5726-45ab-a1c2-bb0b2fcd430a/843f1453-99aa-48c9-899c-f103acec4c59_25771693.jpeg?h=225&w=225
273682943,Haliborange Omega 3 & Multivitamins Softies 30S,https://www.tesco.com/groceries/en-GB/shop/health-and-beauty/all?department=Vitamins%2C%20Minerals%20%26%20Supplements&viewAll=department,£5.80,£0.19/each,Any 3 for 2 Clubcard Price - Cheapest Product Free - Selected Vitamins Or Supplements,,/groceries/en-GB/products/273682943,https://digitalcontent.api.tesco.com/v2/media/ghs/72006fd4-2f49-4d44-a4df-1bcc2c04069e/d4e8f2fe-83d8-4a2f-9c5b-0b7b729f0d5f_1421775997.jpeg?h=225&w=225
266458362,Vitabiotics Ultra D 96 S,https://www.tesco.com/groceries/en-GB/shop/health-and-beauty/all?department=Vitamins%2C%20Minerals%20%26%20Supplements&viewAll=department,£5.00,£0.05/each,Any 3 for 2 Clubcard Price - Cheapest Product Free - Selected Vitamins Or Supplements,,/groceries/en-GB/products/266458362,https://digitalcontent.api.tesco.com/v2/media/ghs/fcde9b6e-ff0f-417e-a7f2-1073c4a4cf67/4385a5ef-c93c-47bd-8d51-a415fdbb1c88_597760879.jpeg?h=225&w=225
255431548,Tesco Omega 3+6+9 X 90,https://www.tesco.com/groceries/en-GB/shop/health-and-beauty/all?department=Vitamins%2C%20Minerals%20%26%20Supplements&viewAll=department,£7.00,£0.08/each,Any 3 for 2 Clubcard Price - Cheapest Product Free - Selected Vitamins Or Supplements,,/groceries/en-GB/products/255431548,https://digitalcontent.api.tesco.com/v2/media/ghs/d40db1bf-df0f-404e-a2b8-1b05253d7ea2/37964e60-26cd-439f-ac6a-1618b7d2f430_1031667783.jpeg?h=225&w=225
289431364,Bassetts Adult Multi Vitamin Raspberry & Pomegranate,https://www.tesco.com/groceries/en-GB/shop/health-and-beauty/all?department=Vitamins%2C%20Minerals%20%26%20Supplements&viewAll=department,£5.80,£0.19/each,Any 3 for 2 Clubcard Price - Cheapest Product Free - Selected Vitamins Or Supplements,,/groceries/en-GB/products/289431364,https://digitalcontent.api.tesco.com/v2/media/ghs/46075177-470f-4214-aa5b-2a83b101b2f6/41ae4fa1-63c0-4e1c-b0f6-40b7c87d75bf_1806095046.jpeg?h=225&w=225
273127467,Tesco Chewable Vitamin C 1000Mg 90'S,https://www.tesco.com/groceries/en-GB/shop/health-and-beauty/all?department=Vitamins%2C%20Minerals%20%26%20Supplements&viewAll=department,£5.75,£0.06/each,Any 3 for 2 Clubcard Price - Cheapest Product Free - Selected Vitamins Or Supplements,,/groceries/en-GB/products/273127467,https://digitalcontent.api.tesco.com/v2/media/ghs/98978edb-97db-4d83-ab70-14fc91653cc6/115d2d3e-0c1a-4002-9def-9f962fceb3f4_647989826.jpeg?h=225&w=225
312224356,Tesco Health 120 High Strength Vitamin D 25G Tablets,https://www.tesco.com/groceries/en-GB/shop/health-and-beauty/all?department=Vitamins%2C%20Minerals%20%26%20Supplements&viewAll=department,£3.90,£0.03/each,Any 3 for 2 Clubcard Price - Cheapest Product Free - Selected Vitamins Or Supplements,,/groceries/en-GB/products/312224356,https://digitalcontent.api.tesco.com/v2/media/ghs/4df79653-2726-4a92-8232-a7c4f60ba947/13a03bd9-7548-47d6-b23a-b75f89cc87d8_696632609.jpeg?h=225&w=225
285513527,Tesco A-Z Multivitamins & Minerals 90S,https://www.tesco.com/groceries/en-GB/shop/health-and-beauty/all?department=Vitamins%2C%20Minerals%20%26%20Supplements&viewAll=department,£4.50,£0.05/each,Any 3 for 2 Clubcard Price - Cheapest Product Free - Selected Vitamins Or Supplements,,/groceries/en-GB/products/285513527,https://digitalcontent.api.tesco.com/v2/media/ghs/4a1bcac6-a831-4095-b14a-d715b68995ea/a19a078c-7500-48fa-ad33-dc3a0b80287c_1437582696.jpeg?h=225&w=225
257005518,Berocca Orange Effervescent Vitamin Energy Tablets 15S,https://www.tesco.com/groceries/en-GB/shop/health-and-beauty/all?department=Vitamins%2C%20Minerals%20%26%20Supplements&viewAll=department,£5.00,£0.33/each,Any 3 for 2 Clubcard Price - Cheapest Product Free - Selected Vitamins Or Supplements,,/groceries/en-GB/products/257005518,https://digitalcontent.api.tesco.com/v2/media/ghs/c4d5ebe2-8204-4d48-bbec-f6f31c707dc9/7ab596d0-c420-420b-84de-3e073945e75f_1959927880.jpeg?h=225&w=225
312092741,Tesco Health 50 Magnesium 375Mg Magnesium Tabs,https://www.tesco.com/groceries/en-GB/shop/health-and-beauty/all?department=Vitamins%2C%20Minerals%20%26%20Supplements&viewAll=department,£3.75,£0.08/each,Any 3 for 2 Clubcard Price - Cheapest Product Free - Selected Vitamins Or Supplements,,/groceries/en-GB/products/312092741,https://digitalcontent.api.tesco.com/v2/media/ghs/49164a93-cb4d-4071-9dc6-e3fd5566188a/fe407a18-67eb-477a-a78f-41753f0717db_979536961.jpeg?h=225&w=225
289431197,Bassetts 7-11 Multi Vitamin Raspberry,https://www.tesco.com/groceries/en-GB/shop/health-and-beauty/all?department=Vitamins%2C%20Minerals%20%26%20Supplements&viewAll=department,£5.25,£0.18/each,Any 3 for 2 Clubcard Price - Cheapest Product Free - Selected Vitamins Or Supplements,,/groceries/en-GB/products/289431197,https://digitalcontent.api.tesco.com/v2/media/ghs/b9d36a2c-8b2e-4562-bbb7-11dee65afe6a/fbebefac-da32-4abd-88d5-5821e0cc190a_115278249.jpeg?h=225&w=225
289431669,Bassetts 7-11 Multi Vitamin Plus Omega 3,https://www.tesco.com/groceries/en-GB/shop/health-and-beauty/all?department=Vitamins%2C%20Minerals%20%26%20Supplements&viewAll=department,£5.80,£0.19/each,Any 3 for 2 Clubcard Price - Cheapest Product Free - Selected Vitamins Or Supplements,,/groceries/en-GB/products/289431669,https://digitalcontent.api.tesco.com/v2/media/ghs/d2c91491-12af-40fc-8c35-7c83bfc63044/b8a924ed-6e31-4925-bbd4-cf4feaa3d367_1463195168.jpeg?h=225&w=225
265749739,Wellkid Baby And Infant 150Ml,https://www.tesco.com/groceries/en-GB/shop/health-and-beauty/all?department=Vitamins%2C%20Minerals%20%26%20Supplements&viewAll=department,£5.00,£3.34/100ml,Any 3 for 2 Clubcard Price - Cheapest Product Free - Selected Vitamins Or Supplements,,/groceries/en-GB/products/265749739,https://digitalcontent.api.tesco.com/v2/media/ghs/6508a8eb-3a08-4dd4-93cd-7abb04164912/600f0aa6-f460-4826-b53e-8abb2e162ad8_2067751267.jpeg?h=225&w=225
276940121,Centrum Women 50+ 30S,https://www.tesco.com/groceries/en-GB/shop/health-and-beauty/all?department=Vitamins%2C%20Minerals%20%26%20Supplements&viewAll=department,£6.80,£0.23/each,Any 3 for 2 Clubcard Price - Cheapest Product Free - Selected Vitamins Or Supplements,,/groceries/en-GB/products/276940121,https://digitalcontent.api.tesco.com/v2/media/ghs/ad4a2cdf-e72d-4867-a4fe-c051d8509bdc/9016c447-f328-4761-8b4a-70cb5f5f15e0_911411013.jpeg?h=225&w=225
257745258,Tesco Cod Liver Oil 1000Mg 90S,https://www.tesco.com/groceries/en-GB/shop/health-and-beauty/all?department=Vitamins%2C%20Minerals%20%26%20Supplements&viewAll=department,£4.50,£0.05/each,Any 3 for 2 Clubcard Price - Cheapest Product Free - Selected Vitamins Or Supplements,,/groceries/en-GB/products/257745258,https://digitalcontent.api.tesco.com/v2/media/ghs/24b2b2b7-9083-4376-a35c-4d64f2b9c200/e2fa3422-6421-4e30-920a-96cd998d40d2_1024296271.jpeg?h=225&w=225
312104907,Tesco Health 120 Vitamin D 12.5G Tablets,https://www.tesco.com/groceries/en-GB/shop/health-and-beauty/all?department=Vitamins%2C%20Minerals%20%26%20Supplements&viewAll=department,£4.00,£0.03/each,Any 3 for 2 Clubcard Price - Cheapest Product Free - Selected Vitamins Or Supplements,,/groceries/en-GB/products/312104907,https://digitalcontent.api.tesco.com/v2/media/ghs/3bc60838-adef-4a20-9a15-6ce07fd11e89/78a21865-ab6d-4b64-96dd-92d1c87e77fb_198185560.jpeg?h=225&w=225
273236303,Tesco Calcium & Vitamin D 90'S,https://www.tesco.com/groceries/en-GB/shop/health-and-beauty/all?department=Vitamins%2C%20Minerals%20%26%20Supplements&viewAll=department,£3.25,£0.04/each,Any 3 for 2 Clubcard Price - Cheapest Product Free - Selected Vitamins Or Supplements,,/groceries/en-GB/products/273236303,https://digitalcontent.api.tesco.com/v2/media/ghs/a88ebecf-22d0-4edc-be64-ded7352387bd/7e59607f-10a1-4f1b-a7f0-cb114bf33783_2029360759.jpeg?h=225&w=225
289431442,Bassetts 3-6 Multi Vitamin Plus Omega 3,https://www.tesco.com/groceries/en-GB/shop/health-and-beauty/all?department=Vitamins%2C%20Minerals%20%26%20Supplements&viewAll=department,£5.00,£0.17/each,Any 3 for 2 Clubcard Price - Cheapest Product Free - Selected Vitamins Or Supplements,,/groceries/en-GB/products/289431442,https://digitalcontent.api.tesco.com/v2/media/ghs/b19f79a1-5fee-4742-97eb-82edde521f9a/9a5cc4c5-412a-400a-8fcc-7c1b78f25d26_1503358234.jpeg?h=225&w=225
289431102,Bassetts 3-6 Multi Vitamin Strawberry,https://www.tesco.com/groceries/en-GB/shop/health-and-beauty/all?department=Vitamins%2C%20Minerals%20%26%20Supplements&viewAll=department,£4.70,£0.16/each,Any 3 for 2 Clubcard Price - Cheapest Product Free - Selected Vitamins Or Supplements,,/groceries/en-GB/products/289431102,https://digitalcontent.api.tesco.com/v2/media/ghs/259cdcb3-c090-405c-86c4-d6708e625a36/0c581e6c-007a-495c-86a1-e60efd3583e8_332471330.jpeg?h=225&w=225
289446502,Bassetts 12-18 Multi Vitamin Plus Evening Primrose Oil,https://www.tesco.com/groceries/en-GB/shop/health-and-beauty/all?department=Vitamins%2C%20Minerals%20%26%20Supplements&viewAll=department,£6.30,£0.21/each,Any 3 for 2 Clubcard Price - Cheapest Product Free - Selected Vitamins Or Supplements,,/groceries/en-GB/products/289446502,https://digitalcontent.api.tesco.com/v2/media/ghs/4a2ca73c-a9ae-4faa-b7e6-8b7f882d1c14/e2797b02-0501-4c31-83ee-872e11462e63_204896838.jpeg?h=225&w=225
305039239,Tesco Health 60 Childrens Multivitamins Strawberry Gummies,https://www.tesco.com/groceries/en-GB/shop/health-and-beauty/all?department=Vitamins%2C%20Minerals%20%26%20Supplements&viewAll=department,£5.25,£0.09/each,Any 3 for 2 Clubcard Price - Cheapest Product Free - Selected Vitamins Or Supplements,,/groceries/en-GB/products/305039239,https://digitalcontent.api.tesco.com/v2/media/ghs/e88202e6-781f-48f8-ba51-0f158f9d367b/c0b06227-4d8c-4261-a348-2872e485ef1a_388836391.jpeg?h=225&w=225
273211177,Tesco Kids Chewable Multivitamins Plus Minerals X 90,https://www.tesco.com/groceries/en-GB/shop/health-and-beauty/all?department=Vitamins%2C%20Minerals%20%26%20Supplements&viewAll=department,£3.50,£0.04/each,Any 3 for 2 Clubcard Price - Cheapest Product Free - Selected Vitamins Or Supplements,,/groceries/en-GB/products/273211177,https://digitalcontent.api.tesco.com/v2/media/ghs/6eee7cce-e452-4966-853f-6be80e53922b/eff1b0ba-1bd5-4c51-92d5-718efda7b66a_243321011.jpeg?h=225&w=225
289446623,Bassetts 12-18 Multi Vitamin Plus Omega 3,https://www.tesco.com/groceries/en-GB/shop/health-and-beauty/all?department=Vitamins%2C%20Minerals%20%26%20Supplements&viewAll=department,£6.25,£0.21/each,Any 3 for 2 Clubcard Price - Cheapest Product Free - Selected Vitamins Or Supplements,,/groceries/en-GB/products/289446623,https://digitalcontent.api.tesco.com/v2/media/ghs/d93cb414-dd70-4aee-84cd-d62e2f12fce6/ec140bb8-60f9-4609-a365-6240b99cd57f_1080770117.jpeg?h=225&w=225
262331587,Wellkid Multivitamins Mixture Fruit Chewable 30S,https://www.tesco.com/groceries/en-GB/shop/health-and-beauty/all?department=Vitamins%2C%20Minerals%20%26%20Supplements&viewAll=department,£6.50,£0.22/each,Any 3 for 2 Clubcard Price - Cheapest Product Free - Selected Vitamins Or Supplements,,/groceries/en-GB/products/262331587,https://digitalcontent.api.tesco.com/v2/media/ghs/29b080df-d91d-4425-a592-ac6a66923d0b/751f7669-e76c-4455-b07a-476057cdf141_1859482099.jpeg?h=225&w=225
305053378,Tesco Health 60 Childrens Multivitamins Orange Gummies,https://www.tesco.com/groceries/en-GB/shop/health-and-beauty/all?department=Vitamins%2C%20Minerals%20%26%20Supplements&viewAll=department,£5.25,£0.09/each,Any 3 for 2 Clubcard Price - Cheapest Product Free - Selected Vitamins Or Supplements,,/groceries/en-GB/products/305053378,https://digitalcontent.api.tesco.com/v2/media/ghs/4e9fc362-5726-45ab-a1c2-bb0b2fcd430a/843f1453-99aa-48c9-899c-f103acec4c59_25771693.jpeg?h=225&w=225
273682943,Haliborange Omega 3 & Multivitamins Softies 30S,https://www.tesco.com/groceries/en-GB/shop/health-and-beauty/all?department=Vitamins%2C%20Minerals%20%26%20Supplements&viewAll=department,£5.80,£0.19/each,Any 3 for 2 Clubcard Price - Cheapest Product Free - Selected Vitamins Or Supplements,,/groceries/en-GB/products/273682943,https://digitalcontent.api.tesco.com/v2/media/ghs/72006fd4-2f49-4d44-a4df-1bcc2c04069e/d4e8f2fe-83d8-4a2f-9c5b-0b7b729f0d5f_1421775997.jpeg?h=225&w=225
266458362,Vitabiotics Ultra D 96 S,https://www.tesco.com/groceries/en-GB/shop/health-and-beauty/all?department=Vitamins%2C%20Minerals%20%26%20Supplements&viewAll=department,£5.00,£0.05/each,Any 3 for 2 Clubcard Price - Cheapest Product Free - Selected Vitamins Or Supplements,,/groceries/en-GB/products/266458362,https://digitalcontent.api.tesco.com/v2/media/ghs/fcde9b6e-ff0f-417e-a7f2-1073c4a4cf67/4385a5ef-c93c-47bd-8d51-a415fdbb1c88_597760879.jpeg?h=225&w=225
255431548,Tesco Omega 3+6+9 X 90,https://www.tesco.com/groceries/en-GB/shop/health-and-beauty/all?department=Vitamins%2C%20Minerals%20%26%20Supplements&viewAll=department,£7.00,£0.08/each,Any 3 for 2 Clubcard Price - Cheapest Product Free - Selected Vitamins Or Supplements,,/groceries/en-GB/products/255431548,https://digitalcontent.api.tesco.com/v2/media/ghs/d40db1bf-df0f-404e-a2b8-1b05253d7ea2/37964e60-26cd-439f-ac6a-1618b7d2f430_1031667783.jpeg?h=225&w=225
289431364,Bassetts Adult Multi Vitamin Raspberry & Pomegranate,https://www.tesco.com/groceries/en-GB/shop/health-and-beauty/all?department=Vitamins%2C%20Minerals%20%26%20Supplements&viewAll=department,£5.80,£0.19/each,Any 3 for 2 Clubcard Price - Cheapest Product Free - Selected Vitamins Or Supplements,,/groceries/en-GB/products/289431364,https://digitalcontent.api.tesco.com/v2/media/ghs/46075177-470f-4214-aa5b-2a83b101b2f6/41ae4fa1-63c0-4e1c-b0f6-40b7c87d75bf_1806095046.jpeg?h=225&w=225
273127467,Tesco Chewable Vitamin C 1000Mg 90'S,https://www.tesco.com/groceries/en-GB/shop/health-and-beauty/all?department=Vitamins%2C%20Minerals%20%26%20Supplements&viewAll=department,£5.75,£0.06/each,Any 3 for 2 Clubcard Price - Cheapest Product Free - Selected Vitamins Or Supplements,,/groceries/en-GB/products/273127467,https://digitalcontent.api.tesco.com/v2/media/ghs/98978edb-97db-4d83-ab70-14fc91653cc6/115d2d3e-0c1a-4002-9def-9f962fceb3f4_647989826.jpeg?h=225&w=225
312224356,Tesco Health 120 High Strength Vitamin D 25G Tablets,https://www.tesco.com/groceries/en-GB/shop/health-and-beauty/all?department=Vitamins%2C%20Minerals%20%26%20Supplements&viewAll=department,£3.90,£0.03/each,Any 3 for 2 Clubcard Price - Cheapest Product Free - Selected Vitamins Or Supplements,,/groceries/en-GB/products/312224356,https://digitalcontent.api.tesco.com/v2/media/ghs/4df79653-2726-4a92-8232-a7c4f60ba947/13a03bd9-7548-47d6-b23a-b75f89cc87d8_696632609.jpeg?h=225&w=225
285513527,Tesco A-Z Multivitamins & Minerals 90S,https://www.tesco.com/groceries/en-GB/shop/health-and-beauty/all?department=Vitamins%2C%20Minerals%20%26%20Supplements&viewAll=department,£4.50,£0.05/each,Any 3 for 2 Clubcard Price - Cheapest Product Free - Selected Vitamins Or Supplements,,/groceries/en-GB/products/285513527,https://digitalcontent.api.tesco.com/v2/media/ghs/4a1bcac6-a831-4095-b14a-d715b68995ea/a19a078c-7500-48fa-ad33-dc3a0b80287c_1437582696.jpeg?h=225&w=225
257005518,Berocca Orange Effervescent Vitamin Energy Tablets 15S,https://www.tesco.com/groceries/en-GB/shop/health-and-beauty/all?department=Vitamins%2C%20Minerals%20%26%20Supplements&viewAll=department,£5.00,£0.33/each,Any 3 for 2 Clubcard Price - Cheapest Product Free - Selected Vitamins Or Supplements,,/groceries/en-GB/products/257005518,https://digitalcontent.api.tesco.com/v2/media/ghs/c4d5ebe2-8204-4d48-bbec-f6f31c707dc9/7ab596d0-c420-420b-84de-3e073945e75f_1959927880.jpeg?h=225&w=225
312092741,Tesco Health 50 Magnesium 375Mg Magnesium Tabs,https://www.tesco.com/groceries/en-GB/shop/health-and-beauty/all?department=Vitamins%2C%20Minerals%20%26%20Supplements&viewAll=department,£3.75,£0.08/each,Any 3 for 2 Clubcard Price - Cheapest Product Free - Selected Vitamins Or Supplements,,/groceries/en-GB/products/312092741,https://digitalcontent.api.tesco.com/v2/media/ghs/49164a93-cb4d-4071-9dc6-e3fd5566188a/fe407a18-67eb-477a-a78f-41753f0717db_979536961.jpeg?h=225&w=225
289431197,Bassetts 7-11 Multi Vitamin Raspberry,https://www.tesco.com/groceries/en-GB/shop/health-and-beauty/all?department=Vitamins%2C%20Minerals%20%26%20Supplements&viewAll=department,£5.25,£0.18/each,Any 3 for 2 Clubcard Price - Cheapest Product Free - Selected Vitamins Or Supplements,,/groceries/en-GB/products/289431197,https://digitalcontent.api.tesco.com/v2/media/ghs/b9d36a2c-8b2e-4562-bbb7-11dee65afe6a/fbebefac-da32-4abd-88d5-5821e0cc190a_115278249.jpeg?h=225&w=225
289431669,Bassetts 7-11 Multi Vitamin Plus Omega 3,https://www.tesco.com/groceries/en-GB/shop/health-and-beauty/all?department=Vitamins%2C%20Minerals%20%26%20Supplements&viewAll=department,£5.80,£0.19/each,Any 3 for 2 Clubcard Price - Cheapest Product Free - Selected Vitamins Or Supplements,,/groceries/en-GB/products/289431669,https://digitalcontent.api.tesco.com/v2/media/ghs/d2c91491-12af-40fc-8c35-7c83bfc63044/b8a924ed-6e31-4925-bbd4-cf4feaa3d367_1463195168.jpeg?h=225&w=225
265749739,Wellkid Baby And Infant 150Ml,https://www.tesco.com/groceries/en-GB/shop/health-and-beauty/all?department=Vitamins%2C%20Minerals%20%26%20Supplements&viewAll=department,£5.00,£3.34/100ml,Any 3 for 2 Clubcard Price - Cheapest Product Free - Selected Vitamins Or Supplements,,/groceries/en-GB/products/265749739,https://digitalcontent.api.tesco.com/v2/media/ghs/6508a8eb-3a08-4dd4-93cd-7abb04164912/600f0aa6-f460-4826-b53e-8abb2e162ad8_2067751267.jpeg?h=225&w=225
276940121,Centrum Women 50+ 30S,https://www.tesco.com/groceries/en-GB/shop/health-and-beauty/all?department=Vitamins%2C%20Minerals%20%26%20Supplements&viewAll=department,£6.80,£0.23/each,Any 3 for 2 Clubcard Price - Cheapest Product Free - Selected Vitamins Or Supplements,,/groceries/en-GB/products/276940121,https://digitalcontent.api.tesco.com/v2/media/ghs/ad4a2cdf-e72d-4867-a4fe-c051d8509bdc/9016c447-f328-4761-8b4a-70cb5f5f15e0_911411013.jpeg?h=225&w=225
257745258,Tesco Cod Liver Oil 1000Mg 90S,https://www.tesco.com/groceries/en-GB/shop/health-and-beauty/all?department=Vitamins%2C%20Minerals%20%26%20Supplements&viewAll=department,£4.50,£0.05/each,Any 3 for 2 Clubcard Price - Cheapest Product Free - Selected Vitamins Or Supplements,,/groceries/en-GB/products/257745258,https://digitalcontent.api.tesco.com/v2/media/ghs/24b2b2b7-9083-4376-a35c-4d64f2b9c200/e2fa3422-6421-4e30-920a-96cd998d40d2_1024296271.jpeg?h=225&w=225
312104907,Tesco Health 120 Vitamin D 12.5G Tablets,https://www.tesco.com/groceries/en-GB/shop/health-and-beauty/all?department=Vitamins%2C%20Minerals%20%26%20Supplements&viewAll=department,£4.00,£0.03/each,Any 3 for 2 Clubcard Price - Cheapest Product Free - Selected Vitamins Or Supplements,,/groceries/en-GB/products/312104907,https://digitalcontent.api.tesco.com/v2/media/ghs/3bc60838-adef-4a20-9a15-6ce07fd11e89/78a21865-ab6d-4b64-96dd-92d1c87e77fb_198185560.jpeg?h=225&w=225
273236303,Tesco Calcium & Vitamin D 90'S,https://www.tesco.com/groceries/en-GB/shop/health-and-beauty/all?department=Vitamins%2C%20Minerals%20%26%20Supplements&viewAll=department,£3.25,£0.04/each,Any 3 for 2 Clubcard Price - Cheapest Product Free - Selected Vitamins Or Supplements,,/groceries/en-GB/products/273236303,https://digitalcontent.api.tesco.com/v2/media/ghs/a88ebecf-22d0-4edc-be64-ded7352387bd/7e59607f-10a1-4f1b-a7f0-cb114bf33783_2029360759.jpeg?h=225&w=225
289431442,Bassetts 3-6 Multi Vitamin Plus Omega 3,https://www.tesco.com/groceries/en-GB/shop/health-and-beauty/all?department=Vitamins%2C%20Minerals%20%26%20Supplements&viewAll=department,£5.00,£0.17/each,Any 3 for 2 Clubcard Price - Cheapest Product Free - Selected Vitamins Or Supplements,,/groceries/en-GB/products/289431442,https://digitalcontent.api.tesco.com/v2/media/ghs/b19f79a1-5fee-4742-97eb-82edde521f9a/9a5cc4c5-412a-400a-8fcc-7c1b78f25d26_1503358234.jpeg?h=225&w=225
289431102,Bassetts 3-6 Multi Vitamin Strawberry,https://www.tesco.com/groceries/en-GB/shop/health-and-beauty/all?department=Vitamins%2C%20Minerals%20%26%20Supplements&viewAll=department,£4.70,£0.16/each,Any 3 for 2 Clubcard Price - Cheapest Product Free - Selected Vitamins Or Supplements,,/groceries/en-GB/products/289431102,https://digitalcontent.api.tesco.com/v2/media/ghs/259cdcb3-c090-405c-86c4-d6708e625a36/0c581e6c-007a-495c-86a1-e60efd3583e8_332471330.jpeg?h=225&w=225
289446502,Bassetts 12-18 Multi Vitamin Plus Evening Primrose Oil,https://www.tesco.com/groceries/en-GB/shop/health-and-beauty/all?department=Vitamins%2C%20Minerals%20%26%20Supplements&viewAll=department,£6.30,£0.21/each,Any 3 for 2 Clubcard Price - Cheapest Product Free - Selected Vitamins Or Supplements,,/groceries/en-GB/products/289446502,https://digitalcontent.api.tesco.com/v2/media/ghs/4a2ca73c-a9ae-4faa-b7e6-8b7f882d1c14/e2797b02-0501-4c31-83ee-872e11462e63_204896838.jpeg?h=225&w=225
305039239,Tesco Health 60 Childrens Multivitamins Strawberry Gummies,https://www.tesco.com/groceries/en-GB/shop/health-and-beauty/all?department=Vitamins%2C%20Minerals%20%26%20Supplements&viewAll=department,£5.25,£0.09/each,Any 3 for 2 Clubcard Price - Cheapest Product Free - Selected Vitamins Or Supplements,,/groceries/en-GB/products/305039239,https://digitalcontent.api.tesco.com/v2/media/ghs/e88202e6-781f-48f8-ba51-0f158f9d367b/c0b06227-4d8c-4261-a348-2872e485ef1a_388836391.jpeg?h=225&w=225
273211177,Tesco Kids Chewable Multivitamins Plus Minerals X 90,https://www.tesco.com/groceries/en-GB/shop/health-and-beauty/all?department=Vitamins%2C%20Minerals%20%26%20Supplements&viewAll=department,£3.50,£0.04/each,Any 3 for 2 Clubcard Price - Cheapest Product Free - Selected Vitamins Or Supplements,,/groceries/en-GB/products/273211177,https://digitalcontent.api.tesco.com/v2/media/ghs/6eee7cce-e452-4966-853f-6be80e53922b/eff1b0ba-1bd5-4c51-92d5-718efda7b66a_243321011.jpeg?h=225&w=225
289446623,Bassetts 12-18 Multi Vitamin Plus Omega 3,https://www.tesco.com/groceries/en-GB/shop/health-and-beauty/all?department=Vitamins%2C%20Minerals%20%26%20Supplements&viewAll=department,£6.25,£0.21/each,Any 3 for 2 Clubcard Price - Cheapest Product Free - Selected Vitamins Or Supplements,,/groceries/en-GB/products/289446623,https://digitalcontent.api.tesco.com/v2/media/ghs/d93cb414-dd70-4aee-84cd-d62e2f12fce6/ec140bb8-60f9-4609-a365-6240b99cd57f_1080770117.jpeg?h=225&w=225
262331587,Wellkid Multivitamins Mixture Fruit Chewable 30S,https://www.tesco.com/groceries/en-GB/shop/health-and-beauty/all?department=Vitamins%2C%20Minerals%20%26%20Supplements&viewAll=department,£6.50,£0.22/each,Any 3 for 2 Clubcard Price - Cheapest Product Free - Selected Vitamins Or Supplements,,/groceries/en-GB/products/262331587,https://digitalcontent.api.tesco.com/v2/media/ghs/29b080df-d91d-4425-a592-ac6a66923d0b/751f7669-e76c-4455-b07a-476057cdf141_1859482099.jpeg?h=225&w=225
305053378,Tesco Health 60 Childrens Multivitamins Orange Gummies,https://www.tesco.com/groceries/en-GB/shop/health-and-beauty/all?department=Vitamins%2C%20Minerals%20%26%20Supplements&viewAll=department,£5.25,£0.09/each,Any 3 for 2 Clubcard Price - Cheapest Product Free - Selected Vitamins Or Supplements,,/groceries/en-GB/products/305053378,https://digitalcontent.api.tesco.com/v2/media/ghs/4e9fc362-5726-45ab-a1c2-bb0b2fcd430a/843f1453-99aa-48c9-899c-f103acec4c59_25771693.jpeg?h=225&w=225
273682943,Haliborange Omega 3 & Multivitamins Softies 30S,https://www.tesco.com/groceries/en-GB/shop/health-and-beauty/all?department=Vitamins%2C%20Minerals%20%26%20Supplements&viewAll=department,£5.80,£0.19/each,Any 3 for 2 Clubcard Price - Cheapest Product Free - Selected Vitamins Or Supplements,,/groceries/en-GB/products/273682943,https://digitalcontent.api.tesco.com/v2/media/ghs/72006fd4-2f49-4d44-a4df-1bcc2c04069e/d4e8f2fe-83d8-4a2f-9c5b-0b7b729f0d5f_1421775997.jpeg?h=225&w=225
266458362,Vitabiotics Ultra D 96 S,https://www.tesco.com/groceries/en-GB/shop/health-and-beauty/all?department=Vitamins%2C%20Minerals%20%26%20Supplements&viewAll=department,£5.00,£0.05/each,Any 3 for 2 Clubcard Price - Cheapest Product Free - Selected Vitamins Or Supplements,,/groceries/en-GB/products/266458362,https://digitalcontent.api.tesco.com/v2/media/ghs/fcde9b6e-ff0f-417e-a7f2-1073c4a4cf67/4385a5ef-c93c-47bd-8d51-a415fdbb1c88_597760879.jpeg?h=225&w=225
255431548,Tesco Omega 3+6+9 X 90,https://www.tesco.com/groceries/en-GB/shop/health-and-beauty/all?department=Vitamins%2C%20Minerals%20%26%20Supplements&viewAll=department,£7.00,£0.08/each,Any 3 for 2 Clubcard Price - Cheapest Product Free - Selected Vitamins Or Supplements,,/groceries/en-GB/products/255431548,https://digitalcontent.api.tesco.com/v2/media/ghs/d40db1bf-df0f-404e-a2b8-1b05253d7ea2/37964e60-26cd-439f-ac6a-1618b7d2f430_1031667783.jpeg?h=225&w=225
289431364,Bassetts Adult Multi Vitamin Raspberry & Pomegranate,https://www.tesco.com/groceries/en-GB/shop/health-and-beauty/all?department=Vitamins%2C%20Minerals%20%26%20Supplements&viewAll=department,£5.80,£0.19/each,Any 3 for 2 Clubcard Price - Cheapest Product Free - Selected Vitamins Or Supplements,,/groceries/en-GB/products/289431364,https://digitalcontent.api.tesco.com/v2/media/ghs/46075177-470f-4214-aa5b-2a83b101b2f6/41ae4fa1-63c0-4e1c-b0f6-40b7c87d75bf_1806095046.jpeg?h=225&w=225
273127467,Tesco Chewable Vitamin C 1000Mg 90'S,https://www.tesco.com/groceries/en-GB/shop/health-and-beauty/all?department=Vitamins%2C%20Minerals%20%26%20Supplements&viewAll=department,£5.75,£0.06/each,Any 3 for 2 Clubcard Price - Cheapest Product Free - Selected Vitamins Or Supplements,,/groceries/en-GB/products/273127467,https://digitalcontent.api.tesco.com/v2/media/ghs/98978edb-97db-4d83-ab70-14fc91653cc6/115d2d3e-0c1a-4002-9def-9f962fceb3f4_647989826.jpeg?h=225&w=225
312224356,Tesco Health 120 High Strength Vitamin D 25G Tablets,https://www.tesco.com/groceries/en-GB/shop/health-and-beauty/all?department=Vitamins%2C%20Minerals%20%26%20Supplements&viewAll=department,£3.90,£0.03/each,Any 3 for 2 Clubcard Price - Cheapest Product Free - Selected Vitamins Or Supplements,,/groceries/en-GB/products/312224356,https://digitalcontent.api.tesco.com/v2/media/ghs/4df79653-2726-4a92-8232-a7c4f60ba947/13a03bd9-7548-47d6-b23a-b75f89cc87d8_696632609.jpeg?h=225&w=225
285513527,Tesco A-Z Multivitamins & Minerals 90S,https://www.tesco.com/groceries/en-GB/shop/health-and-beauty/all?department=Vitamins%2C%20Minerals%20%26%20Supplements&viewAll=department,£4.50,£0.05/each,Any 3 for 2 Clubcard Price - Cheapest Product Free - Selected Vitamins Or Supplements,,/groceries/en-GB/products/285513527,https://digitalcontent.api.tesco.com/v2/media/ghs/4a1bcac6-a831-4095-b14a-d715b68995ea/a19a078c-7500-48fa-ad33-dc3a0b80287c_1437582696.jpeg?h=225&w=225
257005518,Berocca Orange Effervescent Vitamin Energy Tablets 15S,https://www.tesco.com/groceries/en-GB/shop/health-and-beauty/all?department=Vitamins%2C%20Minerals%20%26%20Supplements&viewAll=department,£5.00,£0.33/each,Any 3 for 2 Clubcard Price - Cheapest Product Free - Selected Vitamins Or Supplements,,/groceries/en-GB/products/257005518,https://digitalcontent.api.tesco.com/v2/media/ghs/c4d5ebe2-8204-4d48-bbec-f6f31c707dc9/7ab596d0-c420-420b-84de-3e073945e75f_1959927880.jpeg?h=225&w=225
312092741,Tesco Health 50 Magnesium 375Mg Magnesium Tabs,https://www.tesco.com/groceries/en-GB/shop/health-and-beauty/all?department=Vitamins%2C%20Minerals%20%26%20Supplements&viewAll=department,£3.75,£0.08/each,Any 3 for 2 Clubcard Price - Cheapest Product Free - Selected Vitamins Or Supplements,,/groceries/en-GB/products/312092741,https://digitalcontent.api.tesco.com/v2/media/ghs/49164a93-cb4d-4071-9dc6-e3fd5566188a/fe407a18-67eb-477a-a78f-41753f0717db_979536961.jpeg?h=225&w=225
289431197,Bassetts 7-11 Multi Vitamin Raspberry,https://www.tesco.com/groceries/en-GB/shop/health-and-beauty/all?department=Vitamins%2C%20Minerals%20%26%20Supplements&viewAll=department,£5.25,£0.18/each,Any 3 for 2 Clubcard Price - Cheapest Product Free - Selected Vitamins Or Supplements,,/groceries/en-GB/products/289431197,https://digitalcontent.api.tesco.com/v2/media/ghs/b9d36a2c-8b2e-4562-bbb7-11dee65afe6a/fbebefac-da32-4abd-88d5-5821e0cc190a_115278249.jpeg?h=225&w=225
289431669,Bassetts 7-11 Multi Vitamin Plus Omega 3,https://www.tesco.com/groceries/en-GB/shop/health-and-beauty/all?department=Vitamins%2C%20Minerals%20%26%20Supplements&viewAll=department,£5.80,£0.19/each,Any 3 for 2 Clubcard Price - Cheapest Product Free - Selected Vitamins Or Supplements,,/groceries/en-GB/products/289431669,https://digitalcontent.api.tesco.com/v2/media/ghs/d2c91491-12af-40fc-8c35-7c83bfc63044/b8a924ed-6e31-4925-bbd4-cf4feaa3d367_1463195168.jpeg?h=225&w=225
265749739,Wellkid Baby And Infant 150Ml,https://www.tesco.com/groceries/en-GB/shop/health-and-beauty/all?department=Vitamins%2C%20Minerals%20%26%20Supplements&viewAll=department,£5.00,£3.34/100ml,Any 3 for 2 Clubcard Price - Cheapest Product Free - Selected Vitamins Or Supplements,,/groceries/en-GB/products/265749739,https://digitalcontent.api.tesco.com/v2/media/ghs/6508a8eb-3a08-4dd4-93cd-7abb04164912/600f0aa6-f460-4826-b53e-8abb2e162ad8_2067751267.jpeg?h=225&w=225
276940121,Centrum Women 50+ 30S,https://www.tesco.com/groceries/en-GB/shop/health-and-beauty/all?department=Vitamins%2C%20Minerals%20%26%20Supplements&viewAll=department,£6.80,£0.23/each,Any 3 for 2 Clubcard Price - Cheapest Product Free - Selected Vitamins Or Supplements,,/groceries/en-GB/products/276940121,https://digitalcontent.api.tesco.com/v2/media/ghs/ad4a2cdf-e72d-4867-a4fe-c051d8509bdc/9016c447-f328-4761-8b4a-70cb5f5f15e0_911411013.jpeg?h=225&w=225
257745258,Tesco Cod Liver Oil 1000Mg 90S,https://www.tesco.com/groceries/en-GB/shop/health-and-beauty/all?department=Vitamins%2C%20Minerals%20%26%20Supplements&viewAll=department,£4.50,£0.05/each,Any 3 for 2 Clubcard Price - Cheapest Product Free - Selected Vitamins Or Supplements,,/groceries/en-GB/products/257745258,https://digitalcontent.api.tesco.com/v2/media/ghs/24b2b2b7-9083-4376-a35c-4d64f2b9c200/e2fa3422-6421-4e30-920a-96cd998d40d2_1024296271.jpeg?h=225&w=225
312104907,Tesco Health 120 Vitamin D 12.5G Tablets,https://www.tesco.com/groceries/en-GB/shop/health-and-beauty/all?department=Vitamins%2C%20Minerals%20%26%20Supplements&viewAll=department,£4.00,£0.03/each,Any 3 for 2 Clubcard Price - Cheapest Product Free - Selected Vitamins Or Supplements,,/groceries/en-GB/products/312104907,https://digitalcontent.api.tesco.com/v2/media/ghs/3bc60838-adef-4a20-9a15-6ce07fd11e89/78a21865-ab6d-4b64-96dd-92d1c87e77fb_198185560.jpeg?h=225&w=225
273236303,Tesco Calcium & Vitamin D 90'S,https://www.tesco.com/groceries/en-GB/shop/health-and-beauty/all?department=Vitamins%2C%20Minerals%20%26%20Supplements&viewAll=department,£3.25,£0.04/each,Any 3 for 2 Clubcard Price - Cheapest Product Free - Selected Vitamins Or Supplements,,/groceries/en-GB/products/273236303,https://digitalcontent.api.tesco.com/v2/media/ghs/a88ebecf-22d0-4edc-be64-ded7352387bd/7e59607f-10a1-4f1b-a7f0-cb114bf33783_2029360759.jpeg?h=225&w=225
289431442,Bassetts 3-6 Multi Vitamin Plus Omega 3,https://www.tesco.com/groceries/en-GB/shop/health-and-beauty/all?department=Vitamins%2C%20Minerals%20%26%20Supplements&viewAll=department,£5.00,£0.17/each,Any 3 for 2 Clubcard Price - Cheapest Product Free - Selected Vitamins Or Supplements,,/groceries/en-GB/products/289431442,https://digitalcontent.api.tesco.com/v2/media/ghs/b19f79a1-5fee-4742-97eb-82edde521f9a/9a5cc4c5-412a-400a-8fcc-7c1b78f25d26_1503358234.jpeg?h=225&w=225
289431102,Bassetts 3-6 Multi Vitamin Strawberry,https://www.tesco.com/groceries/en-GB/shop/health-and-beauty/all?department=Vitamins%2C%20Minerals%20%26%20Supplements&viewAll=department,£4.70,£0.16/each,Any 3 for 2 Clubcard Price - Cheapest Product Free - Selected Vitamins Or Supplements,,/groceries/en-GB/products/289431102,https://digitalcontent.api.tesco.com/v2/media/ghs/259cdcb3-c090-405c-86c4-d6708e625a36/0c581e6c-007a-495c-86a1-e60efd3583e8_332471330.jpeg?h=225&w=225
289446502,Bassetts 12-18 Multi Vitamin Plus Evening Primrose Oil,https://www.tesco.com/groceries/en-GB/shop/health-and-beauty/all?department=Vitamins%2C%20Minerals%20%26%20Supplements&viewAll=department,£6.30,£0.21/each,Any 3 for 2 Clubcard Price - Cheapest Product Free - Selected Vitamins Or Supplements,,/groceries/en-GB/products/289446502,https://digitalcontent.api.tesco.com/v2/media/ghs/4a2ca73c-a9ae-4faa-b7e6-8b7f882d1c14/e2797b02-0501-4c31-83ee-872e11462e63_204896838.jpeg?h=225&w=225
305039239,Tesco Health 60 Childrens Multivitamins Strawberry Gummies,https://www.tesco.com/groceries/en-GB/shop/health-and-beauty/all?department=Vitamins%2C%20Minerals%20%26%20Supplements&viewAll=department,£5.25,£0.09/each,Any 3 for 2 Clubcard Price - Cheapest Product Free - Selected Vitamins Or Supplements,,/groceries/en-GB/products/305039239,https://digitalcontent.api.tesco.com/v2/media/ghs/e88202e6-781f-48f8-ba51-0f158f9d367b/c0b06227-4d8c-4261-a348-2872e485ef1a_388836391.jpeg?h=225&w=225
273211177,Tesco Kids Chewable Multivitamins Plus Minerals X 90,https://www.tesco.com/groceries/en-GB/shop/health-and-beauty/all?department=Vitamins%2C%20Minerals%20%26%20Supplements&viewAll=department,£3.50,£0.04/each,Any 3 for 2 Clubcard Price - Cheapest Product Free - Selected Vitamins Or Supplements,,/groceries/en-GB/products/273211177,https://digitalcontent.api.tesco.com/v2/media/ghs/6eee7cce-e452-4966-853f-6be80e53922b/eff1b0ba-1bd5-4c51-92d5-718efda7b66a_243321011.jpeg?h=225&w=225
289446623,Bassetts 12-18 Multi Vitamin Plus Omega 3,https://www.tesco.com/groceries/en-GB/shop/health-and-beauty/all?department=Vitamins%2C%20Minerals%20%26%20Supplements&viewAll=department,£6.25,£0.21/each,Any 3 for 2 Clubcard Price - Cheapest Product Free - Selected Vitamins Or Supplements,,/groceries/en-GB/products/289446623,https://digitalcontent.api.tesco.com/v2/media/ghs/d93cb414-dd70-4aee-84cd-d62e2f12fce6/ec140bb8-60f9-4609-a365-6240b99cd57f_1080770117.jpeg?h=225&w=225
262331587,Wellkid Multivitamins Mixture Fruit Chewable 30S,https://www.tesco.com/groceries/en-GB/shop/health-and-beauty/all?department=Vitamins%2C%20Minerals%20%26%20Supplements&viewAll=department,£6.50,£0.22/each,Any 3 for 2 Clubcard Price - Cheapest Product Free - Selected Vitamins Or Supplements,,/groceries/en-GB/products/262331587,https://digitalcontent.api.tesco.com/v2/media/ghs/29b080df-d91d-4425-a592-ac6a66923d0b/751f7669-e76c-4455-b07a-476057cdf141_1859482099.jpeg?h=225&w=225
305053378,Tesco Health 60 Childrens Multivitamins Orange Gummies,https://www.tesco.com/groceries/en-GB/shop/health-and-beauty/all?department=Vitamins%2C%20Minerals%20%26%20Supplements&viewAll=department,£5.25,£0.09/each,Any 3 for 2 Clubcard Price - Cheapest Product Free - Selected Vitamins Or Supplements,,/groceries/en-GB/products/305053378,https://digitalcontent.api.tesco.com/v2/media/ghs/4e9fc362-5726-45ab-a1c2-bb0b2fcd430a/843f1453-99aa-48c9-899c-f103acec4c59_25771693.jpeg?h=225&w=225
273682943,Haliborange Omega 3 & Multivitamins Softies 30S,https://www.tesco.com/groceries/en-GB/shop/health-and-beauty/all?department=Vitamins%2C%20Minerals%20%26%20Supplements&viewAll=department,£5.80,£0.19/each,Any 3 for 2 Clubcard Price - Cheapest Product Free - Selected Vitamins Or Supplements,,/groceries/en-GB/products/273682943,https://digitalcontent.api.tesco.com/v2/media/ghs/72006fd4-2f49-4d44-a4df-1bcc2c04069e/d4e8f2fe-83d8-4a2f-9c5b-0b7b729f0d5f_1421775997.jpeg?h=225&w=225
266458362,Vitabiotics Ultra D 96 S,https://www.tesco.com/groceries/en-GB/shop/health-and-beauty/all?department=Vitamins%2C%20Minerals%20%26%20Supplements&viewAll=department,£5.00,£0.05/each,Any 3 for 2 Clubcard Price - Cheapest Product Free - Selected Vitamins Or Supplements,,/groceries/en-GB/products/266458362,https://digitalcontent.api.tesco.com/v2/media/ghs/fcde9b6e-ff0f-417e-a7f2-1073c4a4cf67/4385a5ef-c93c-47bd-8d51-a415fdbb1c88_597760879.jpeg?h=225&w=225
255431548,Tesco Omega 3+6+9 X 90,https://www.tesco.com/groceries/en-GB/shop/health-and-beauty/all?department=Vitamins%2C%20Minerals%20%26%20Supplements&viewAll=department,£7.00,£0.08/each,Any 3 for 2 Clubcard Price - Cheapest Product Free - Selected Vitamins Or Supplements,,/groceries/en-GB/products/255431548,https://digitalcontent.api.tesco.com/v2/media/ghs/d40db1bf-df0f-404e-a2b8-1b05253d7ea2/37964e60-26cd-439f-ac6a-1618b7d2f430_1031667783.jpeg?h=225&w=225
289431364,Bassetts Adult Multi Vitamin Raspberry & Pomegranate,https://www.tesco.com/groceries/en-GB/shop/health-and-beauty/all?department=Vitamins%2C%20Minerals%20%26%20Supplements&viewAll=department,£5.80,£0.19/each,Any 3 for 2 Clubcard Price - Cheapest Product Free - Selected Vitamins Or Supplements,,/groceries/en-GB/products/289431364,https://digitalcontent.api.tesco.com/v2/media/ghs/46075177-470f-4214-aa5b-2a83b101b2f6/41ae4fa1-63c0-4e1c-b0f6-40b7c87d75bf_1806095046.jpeg?h=225&w=225
273127467,Tesco Chewable Vitamin C 1000Mg 90'S,https://www.tesco.com/groceries/en-GB/shop/health-and-beauty/all?department=Vitamins%2C%20Minerals%20%26%20Supplements&viewAll=department,£5.75,£0.06/each,Any 3 for 2 Clubcard Price - Cheapest Product Free - Selected Vitamins Or Supplements,,/groceries/en-GB/products/273127467,https://digitalcontent.api.tesco.com/v2/media/ghs/98978edb-97db-4d83-ab70-14fc91653cc6/115d2d3e-0c1a-4002-9def-9f962fceb3f4_647989826.jpeg?h=225&w=225
312224356,Tesco Health 120 High Strength Vitamin D 25G Tablets,https://www.tesco.com/groceries/en-GB/shop/health-and-beauty/all?department=Vitamins%2C%20Minerals%20%26%20Supplements&viewAll=department,£3.90,£0.03/each,Any 3 for 2 Clubcard Price - Cheapest Product Free - Selected Vitamins Or Supplements,,/groceries/en-GB/products/312224356,https://digitalcontent.api.tesco.com/v2/media/ghs/4df79653-2726-4a92-8232-a7c4f60ba947/13a03bd9-7548-47d6-b23a-b75f89cc87d8_696632609.jpeg?h=225&w=225
285513527,Tesco A-Z Multivitamins & Minerals 90S,https://www.tesco.com/groceries/en-GB/shop/health-and-beauty/all?department=Vitamins%2C%20Minerals%20%26%20Supplements&viewAll=department,£4.50,£0.05/each,Any 3 for 2 Clubcard Price - Cheapest Product Free - Selected Vitamins Or Supplements,,/groceries/en-GB/products/285513527,https://digitalcontent.api.tesco.com/v2/media/ghs/4a1bcac6-a831-4095-b14a-d715b68995ea/a19a078c-7500-48fa-ad33-dc3a0b80287c_1437582696.jpeg?h=225&w=225
257005518,Berocca Orange Effervescent Vitamin Energy Tablets 15S,https://www.tesco.com/groceries/en-GB/shop/health-and-beauty/all?department=Vitamins%2C%20Minerals%20%26%20Supplements&viewAll=department,£5.00,£0.33/each,Any 3 for 2 Clubcard Price - Cheapest Product Free - Selected Vitamins Or Supplements,,/groceries/en-GB/products/257005518,https://digitalcontent.api.tesco.com/v2/media/ghs/c4d5ebe2-8204-4d48-bbec-f6f31c707dc9/7ab596d0-c420-420b-84de-3e073945e75f_1959927880.jpeg?h=225&w=225
312092741,Tesco Health 50 Magnesium 375Mg Magnesium Tabs,https://www.tesco.com/groceries/en-GB/shop/health-and-beauty/all?department=Vitamins%2C%20Minerals%20%26%20Supplements&viewAll=department,£3.75,£0.08/each,Any 3 for 2 Clubcard Price - Cheapest Product Free - Selected Vitamins Or Supplements,,/groceries/en-GB/products/312092741,https://digitalcontent.api.tesco.com/v2/media/ghs/49164a93-cb4d-4071-9dc6-e3fd5566188a/fe407a18-67eb-477a-a78f-41753f0717db_979536961.jpeg?h=225&w=225
289431197,Bassetts 7-11 Multi Vitamin Raspberry,https://www.tesco.com/groceries/en-GB/shop/health-and-beauty/all?department=Vitamins%2C%20Minerals%20%26%20Supplements&viewAll=department,£5.25,£0.18/each,Any 3 for 2 Clubcard Price - Cheapest Product Free - Selected Vitamins Or Supplements,,/groceries/en-GB/products/289431197,https://digitalcontent.api.tesco.com/v2/media/ghs/b9d36a2c-8b2e-4562-bbb7-11dee65afe6a/fbebefac-da32-4abd-88d5-5821e0cc190a_115278249.jpeg?h=225&w=225
289431669,Bassetts 7-11 Multi Vitamin Plus Omega 3,https://www.tesco.com/groceries/en-GB/shop/health-and-beauty/all?department=Vitamins%2C%20Minerals%20%26%20Supplements&viewAll=department,£5.80,£0.19/each,Any 3 for 2 Clubcard Price - Cheapest Product Free - Selected Vitamins Or Supplements,,/groceries/en-GB/products/289431669,https://digitalcontent.api.tesco.com/v2/media/ghs/d2c91491-12af-40fc-8c35-7c83bfc63044/b8a924ed-6e31-4925-bbd4-cf4feaa3d367_1463195168.jpeg?h=225&w=225
265749739,Wellkid Baby And Infant 150Ml,https://www.tesco.com/groceries/en-GB/shop/health-and-beauty/all?department=Vitamins%2C%20Minerals%20%26%20Supplements&viewAll=department,£5.00,£3.34/100ml,Any 3 for 2 Clubcard Price - Cheapest Product Free - Selected Vitamins Or Supplements,,/groceries/en-GB/products/265749739,https://digitalcontent.api.tesco.com/v2/media/ghs/6508a8eb-3a08-4dd4-93cd-7abb04164912/600f0aa6-f460-4826-b53e-8abb2e162ad8_2067751267.jpeg?h=225&w=225
276940121,Centrum Women 50+ 30S,https://www.tesco.com/groceries/en-GB/shop/health-and-beauty/all?department=Vitamins%2C%20Minerals%20%26%20Supplements&viewAll=department,£6.80,£0.23/each,Any 3 for 2 Clubcard Price - Cheapest Product Free - Selected Vitamins Or Supplements,,/groceries/en-GB/products/276940121,https://digitalcontent.api.tesco.com/v2/media/ghs/ad4a2cdf-e72d-4867-a4fe-c051d8509bdc/9016c447-f328-4761-8b4a-70cb5f5f15e0_911411013.jpeg?h=225&w=225
257745258,Tesco Cod Liver Oil 1000Mg 90S,https://www.tesco.com/groceries/en-GB/shop/health-and-beauty/all?department=Vitamins%2C%20Minerals%20%26%20Supplements&viewAll=department,£4.50,£0.05/each,Any 3 for 2 Clubcard Price - Cheapest Product Free - Selected Vitamins Or Supplements,,/groceries/en-GB/products/257745258,https://digitalcontent.api.tesco.com/v2/media/ghs/24b2b2b7-9083-4376-a35c-4d64f2b9c200/e2fa3422-6421-4e30-920a-96cd998d40d2_1024296271.jpeg?h=225&w=225
312104907,Tesco Health 120 Vitamin D 12.5G Tablets,https://www.tesco.com/groceries/en-GB/shop/health-and-beauty/all?department=Vitamins%2C%20Minerals%20%26%20Supplements&viewAll=department,£4.00,£0.03/each,Any 3 for 2 Clubcard Price - Cheapest Product Free - Selected Vitamins Or Supplements,,/groceries/en-GB/products/312104907,https://digitalcontent.api.tesco.com/v2/media/ghs/3bc60838-adef-4a20-9a15-6ce07fd11e89/78a21865-ab6d-4b64-96dd-92d1c87e77fb_198185560.jpeg?h=225&w=225
273236303,Tesco Calcium & Vitamin D 90'S,https://www.tesco.com/groceries/en-GB/shop/health-and-beauty/all?department=Vitamins%2C%20Minerals%20%26%20Supplements&viewAll=department,£3.25,£0.04/each,Any 3 for 2 Clubcard Price - Cheapest Product Free - Selected Vitamins Or Supplements,,/groceries/en-GB/products/273236303,https://digitalcontent.api.tesco.com/v2/media/ghs/a88ebecf-22d0-4edc-be64-ded7352387bd/7e59607f-10a1-4f1b-a7f0-cb114bf33783_2029360759.jpeg?h=225&w=225
289431442,Bassetts 3-6 Multi Vitamin Plus Omega 3,https://www.tesco.com/groceries/en-GB/shop/health-and-beauty/all?department=Vitamins%2C%20Minerals%20%26%20Supplements&viewAll=department,£5.00,£0.17/each,Any 3 for 2 Clubcard Price - Cheapest Product Free - Selected Vitamins Or Supplements,,/groceries/en-GB/products/289431442,https://digitalcontent.api.tesco.com/v2/media/ghs/b19f79a1-5fee-4742-97eb-82edde521f9a/9a5cc4c5-412a-400a-8fcc-7c1b78f25d26_1503358234.jpeg?h=225&w=225
289431102,Bassetts 3-6 Multi Vitamin Strawberry,https://www.tesco.com/groceries/en-GB/shop/health-and-beauty/all?department=Vitamins%2C%20Minerals%20%26%20Supplements&viewAll=department,£4.70,£0.16/each,Any 3 for 2 Clubcard Price - Cheapest Product Free - Selected Vitamins Or Supplements,,/groceries/en-GB/products/289431102,https://digitalcontent.api.tesco.com/v2/media/ghs/259cdcb3-c090-405c-86c4-d6708e625a36/0c581e6c-007a-495c-86a1-e60efd3583e8_332471330.jpeg?h=225&w=225
289446502,Bassetts 12-18 Multi Vitamin Plus Evening Primrose Oil,https://www.tesco.com/groceries/en-GB/shop/health-and-beauty/all?department=Vitamins%2C%20Minerals%20%26%20Supplements&viewAll=department,£6.30,£0.21/each,Any 3 for 2 Clubcard Price - Cheapest Product Free - Selected Vitamins Or Supplements,,/groceries/en-GB/products/289446502,https://digitalcontent.api.tesco.com/v2/media/ghs/4a2ca73c-a9ae-4faa-b7e6-8b7f882d1c14/e2797b02-0501-4c31-83ee-872e11462e63_204896838.jpeg?h=225&w=225
305039239,Tesco Health 60 Childrens Multivitamins Strawberry Gummies,https://www.tesco.com/groceries/en-GB/shop/health-and-beauty/all?department=Vitamins%2C%20Minerals%20%26%20Supplements&viewAll=department,£5.25,£0.09/each,Any 3 for 2 Clubcard Price - Cheapest Product Free - Selected Vitamins Or Supplements,,/groceries/en-GB/products/305039239,https://digitalcontent.api.tesco.com/v2/media/ghs/e88202e6-781f-48f8-ba51-0f158f9d367b/c0b06227-4d8c-4261-a348-2872e485ef1a_388836391.jpeg?h=225&w=225
273211177,Tesco Kids Chewable Multivitamins Plus Minerals X 90,https://www.tesco.com/groceries/en-GB/shop/health-and-beauty/all?department=Vitamins%2C%20Minerals%20%26%20Supplements&viewAll=department,£3.50,£0.04/each,Any 3 for 2 Clubcard Price - Cheapest Product Free - Selected Vitamins Or Supplements,,/groceries/en-GB/products/273211177,https://digitalcontent.api.tesco.com/v2/media/ghs/6eee7cce-e452-4966-853f-6be80e53922b/eff1b0ba-1bd5-4c51-92d5-718efda7b66a_243321011.jpeg?h=225&w=225
289446623,Bassetts 12-18 Multi Vitamin Plus Omega 3,https://www.tesco.com/groceries/en-GB/shop/health-and-beauty/all?department=Vitamins%2C%20Minerals%20%26%20Supplements&viewAll=department,£6.25,£0.21/each,Any 3 for 2 Clubcard Price - Cheapest Product Free - Selected Vitamins Or Supplements,,/groceries/en-GB/products/289446623,https://digitalcontent.api.tesco.com/v2/media/ghs/d93cb414-dd70-4aee-84cd-d62e2f12fce6/ec140bb8-60f9-4609-a365-6240b99cd57f_1080770117.jpeg?h=225&w=225
262331587,Wellkid Multivitamins Mixture Fruit Chewable 30S,https://www.tesco.com/groceries/en-GB/shop/health-and-beauty/all?department=Vitamins%2C%20Minerals%20%26%20Supplements&viewAll=department,£6.50,£0.22/each,Any 3 for 2 Clubcard Price - Cheapest Product Free - Selected Vitamins Or Supplements,,/groceries/en-GB/products/262331587,https://digitalcontent.api.tesco.com/v2/media/ghs/29b080df-d91d-4425-a592-ac6a66923d0b/751f7669-e76c-4455-b07a-476057cdf141_1859482099.jpeg?h=225&w=225
305053378,Tesco Health 60 Childrens Multivitamins Orange Gummies,https://www.tesco.com/groceries/en-GB/shop/health-and-beauty/all?department=Vitamins%2C%20Minerals%20%26%20Supplements&viewAll=department,£5.25,£0.09/each,Any 3 for 2 Clubcard Price - Cheapest Product Free - Selected Vitamins Or Supplements,,/groceries/en-GB/products/305053378,https://digitalcontent.api.tesco.com/v2/media/ghs/4e9fc362-5726-45ab-a1c2-bb0b2fcd430a/843f1453-99aa-48c9-899c-f103acec4c59_25771693.jpeg?h=225&w=225
273682943,Haliborange Omega 3 & Multivitamins Softies 30S,https://www.tesco.com/groceries/en-GB/shop/health-and-beauty/all?department=Vitamins%2C%20Minerals%20%26%20Supplements&viewAll=department,£5.80,£0.19/each,Any 3 for 2 Clubcard Price - Cheapest Product Free - Selected Vitamins Or Supplements,,/groceries/en-GB/products/273682943,https://digitalcontent.api.tesco.com/v2/media/ghs/72006fd4-2f49-4d44-a4df-1bcc2c04069e/d4e8f2fe-83d8-4a2f-9c5b-0b7b729f0d5f_1421775997.jpeg?h=225&w=225
266458362,Vitabiotics Ultra D 96 S,https://www.tesco.com/groceries/en-GB/shop/health-and-beauty/all?department=Vitamins%2C%20Minerals%20%26%20Supplements&viewAll=department,£5.00,£0.05/each,Any 3 for 2 Clubcard Price - Cheapest Product Free - Selected Vitamins Or Supplements,,/groceries/en-GB/products/266458362,https://digitalcontent.api.tesco.com/v2/media/ghs/fcde9b6e-ff0f-417e-a7f2-1073c4a4cf67/4385a5ef-c93c-47bd-8d51-a415fdbb1c88_597760879.jpeg?h=225&w=225
255431548,Tesco Omega 3+6+9 X 90,https://www.tesco.com/groceries/en-GB/shop/health-and-beauty/all?department=Vitamins%2C%20Minerals%20%26%20Supplements&viewAll=department,£7.00,£0.08/each,Any 3 for 2 Clubcard Price - Cheapest Product Free - Selected Vitamins Or Supplements,,/groceries/en-GB/products/255431548,https://digitalcontent.api.tesco.com/v2/media/ghs/d40db1bf-df0f-404e-a2b8-1b05253d7ea2/37964e60-26cd-439f-ac6a-1618b7d2f430_1031667783.jpeg?h=225&w=225
289431364,Bassetts Adult Multi Vitamin Raspberry & Pomegranate,https://www.tesco.com/groceries/en-GB/shop/health-and-beauty/all?department=Vitamins%2C%20Minerals%20%26%20Supplements&viewAll=department,£5.80,£0.19/each,Any 3 for 2 Clubcard Price - Cheapest Product Free - Selected Vitamins Or Supplements,,/groceries/en-GB/products/289431364,https://digitalcontent.api.tesco.com/v2/media/ghs/46075177-470f-4214-aa5b-2a83b101b2f6/41ae4fa1-63c0-4e1c-b0f6-40b7c87d75bf_1806095046.jpeg?h=225&w=225
273127467,Tesco Chewable Vitamin C 1000Mg 90'S,https://www.tesco.com/groceries/en-GB/shop/health-and-beauty/all?department=Vitamins%2C%20Minerals%20%26%20Supplements&viewAll=department,£5.75,£0.06/each,Any 3 for 2 Clubcard Price - Cheapest Product Free - Selected Vitamins Or Supplements,,/groceries/en-GB/products/273127467,https://digitalcontent.api.tesco.com/v2/media/ghs/98978edb-97db-4d83-ab70-14fc91653cc6/115d2d3e-0c1a-4002-9def-9f962fceb3f4_647989826.jpeg?h=225&w=225
312224356,Tesco Health 120 High Strength Vitamin D 25G Tablets,https://www.tesco.com/groceries/en-GB/shop/health-and-beauty/all?department=Vitamins%2C%20Minerals%20%26%20Supplements&viewAll=department,£3.90,£0.03/each,Any 3 for 2 Clubcard Price - Cheapest Product Free - Selected Vitamins Or Supplements,,/groceries/en-GB/products/312224356,https://digitalcontent.api.tesco.com/v2/media/ghs/4df79653-2726-4a92-8232-a7c4f60ba947/13a03bd9-7548-47d6-b23a-b75f89cc87d8_696632609.jpeg?h=225&w=225
285513527,Tesco A-Z Multivitamins & Minerals 90S,https://www.tesco.com/groceries/en-GB/shop/health-and-beauty/all?department=Vitamins%2C%20Minerals%20%26%20Supplements&viewAll=department,£4.50,£0.05/each,Any 3 for 2 Clubcard Price - Cheapest Product Free - Selected Vitamins Or Supplements,,/groceries/en-GB/products/285513527,https://digitalcontent.api.tesco.com/v2/media/ghs/4a1bcac6-a831-4095-b14a-d715b68995ea/a19a078c-7500-48fa-ad33-dc3a0b80287c_1437582696.jpeg?h=225&w=225
257005518,Berocca Orange Effervescent Vitamin Energy Tablets 15S,https://www.tesco.com/groceries/en-GB/shop/health-and-beauty/all?department=Vitamins%2C%20Minerals%20%26%20Supplements&viewAll=department,£5.00,£0.33/each,Any 3 for 2 Clubcard Price - Cheapest Product Free - Selected Vitamins Or Supplements,,/groceries/en-GB/products/257005518,https://digitalcontent.api.tesco.com/v2/media/ghs/c4d5ebe2-8204-4d48-bbec-f6f31c707dc9/7ab596d0-c420-420b-84de-3e073945e75f_1959927880.jpeg?h=225&w=225
312092741,Tesco Health 50 Magnesium 375Mg Magnesium Tabs,https://www.tesco.com/groceries/en-GB/shop/health-and-beauty/all?department=Vitamins%2C%20Minerals%20%26%20Supplements&viewAll=department,£3.75,£0.08/each,Any 3 for 2 Clubcard Price - Cheapest Product Free - Selected Vitamins Or Supplements,,/groceries/en-GB/products/312092741,https://digitalcontent.api.tesco.com/v2/media/ghs/49164a93-cb4d-4071-9dc6-e3fd5566188a/fe407a18-67eb-477a-a78f-41753f0717db_979536961.jpeg?h=225&w=225
289431197,Bassetts 7-11 Multi Vitamin Raspberry,https://www.tesco.com/groceries/en-GB/shop/health-and-beauty/all?department=Vitamins%2C%20Minerals%20%26%20Supplements&viewAll=department,£5.25,£0.18/each,Any 3 for 2 Clubcard Price - Cheapest Product Free - Selected Vitamins Or Supplements,,/groceries/en-GB/products/289431197,https://digitalcontent.api.tesco.com/v2/media/ghs/b9d36a2c-8b2e-4562-bbb7-11dee65afe6a/fbebefac-da32-4abd-88d5-5821e0cc190a_115278249.jpeg?h=225&w=225
289431669,Bassetts 7-11 Multi Vitamin Plus Omega 3,https://www.tesco.com/groceries/en-GB/shop/health-and-beauty/all?department=Vitamins%2C%20Minerals%20%26%20Supplements&viewAll=department,£5.80,£0.19/each,Any 3 for 2 Clubcard Price - Cheapest Product Free - Selected Vitamins Or Supplements,,/groceries/en-GB/products/289431669,https://digitalcontent.api.tesco.com/v2/media/ghs/d2c91491-12af-40fc-8c35-7c83bfc63044/b8a924ed-6e31-4925-bbd4-cf4feaa3d367_1463195168.jpeg?h=225&w=225
265749739,Wellkid Baby And Infant 150Ml,https://www.tesco.com/groceries/en-GB/shop/health-and-beauty/all?department=Vitamins%2C%20Minerals%20%26%20Supplements&viewAll=department,£5.00,£3.34/100ml,Any 3 for 2 Clubcard Price - Cheapest Product Free - Selected Vitamins Or Supplements,,/groceries/en-GB/products/265749739,https://digitalcontent.api.tesco.com/v2/media/ghs/6508a8eb-3a08-4dd4-93cd-7abb04164912/600f0aa6-f460-4826-b53e-8abb2e162ad8_2067751267.jpeg?h=225&w=225
276940121,Centrum Women 50+ 30S,https://www.tesco.com/groceries/en-GB/shop/health-and-beauty/all?department=Vitamins%2C%20Minerals%20%26%20Supplements&viewAll=department,£6.80,£0.23/each,Any 3 for 2 Clubcard Price - Cheapest Product Free - Selected Vitamins Or Supplements,,/groceries/en-GB/products/276940121,https://digitalcontent.api.tesco.com/v2/media/ghs/ad4a2cdf-e72d-4867-a4fe-c051d8509bdc/9016c447-f328-4761-8b4a-70cb5f5f15e0_911411013.jpeg?h=225&w=225
257745258,Tesco Cod Liver Oil 1000Mg 90S,https://www.tesco.com/groceries/en-GB/shop/health-and-beauty/all?department=Vitamins%2C%20Minerals%20%26%20Supplements&viewAll=department,£4.50,£0.05/each,Any 3 for 2 Clubcard Price - Cheapest Product Free - Selected Vitamins Or Supplements,,/groceries/en-GB/products/257745258,https://digitalcontent.api.tesco.com/v2/media/ghs/24b2b2b7-9083-4376-a35c-4d64f2b9c200/e2fa3422-6421-4e30-920a-96cd998d40d2_1024296271.jpeg?h=225&w=225
312104907,Tesco Health 120 Vitamin D 12.5G Tablets,https://www.tesco.com/groceries/en-GB/shop/health-and-beauty/all?department=Vitamins%2C%20Minerals%20%26%20Supplements&viewAll=department,£4.00,£0.03/each,Any 3 for 2 Clubcard Price - Cheapest Product Free - Selected Vitamins Or Supplements,,/groceries/en-GB/products/312104907,https://digitalcontent.api.tesco.com/v2/media/ghs/3bc60838-adef-4a20-9a15-6ce07fd11e89/78a21865-ab6d-4b64-96dd-92d1c87e77fb_198185560.jpeg?h=225&w=225
273236303,Tesco Calcium & Vitamin D 90'S,https://www.tesco.com/groceries/en-GB/shop/health-and-beauty/all?department=Vitamins%2C%20Minerals%20%26%20Supplements&viewAll=department,£3.25,£0.04/each,Any 3 for 2 Clubcard Price - Cheapest Product Free - Selected Vitamins Or Supplements,,/groceries/en-GB/products/273236303,https://digitalcontent.api.tesco.com/v2/media/ghs/a88ebecf-22d0-4edc-be64-ded7352387bd/7e59607f-10a1-4f1b-a7f0-cb114bf33783_2029360759.jpeg?h=225&w=225
289431442,Bassetts 3-6 Multi Vitamin Plus Omega 3,https://www.tesco.com/groceries/en-GB/shop/health-and-beauty/all?department=Vitamins%2C%20Minerals%20%26%20Supplements&viewAll=department,£5.00,£0.17/each,Any 3 for 2 Clubcard Price - Cheapest Product Free - Selected Vitamins Or Supplements,,/groceries/en-GB/products/289431442,https://digitalcontent.api.tesco.com/v2/media/ghs/b19f79a1-5fee-4742-97eb-82edde521f9a/9a5cc4c5-412a-400a-8fcc-7c1b78f25d26_1503358234.jpeg?h=225&w=225
289431102,Bassetts 3-6 Multi Vitamin Strawberry,https://www.tesco.com/groceries/en-GB/shop/health-and-beauty/all?department=Vitamins%2C%20Minerals%20%26%20Supplements&viewAll=department,£4.70,£0.16/each,Any 3 for 2 Clubcard Price - Cheapest Product Free - Selected Vitamins Or Supplements,,/groceries/en-GB/products/289431102,https://digitalcontent.api.tesco.com/v2/media/ghs/259cdcb3-c090-405c-86c4-d6708e625a36/0c581e6c-007a-495c-86a1-e60efd3583e8_332471330.jpeg?h=225&w=225
289446502,Bassetts 12-18 Multi Vitamin Plus Evening Primrose Oil,https://www.tesco.com/groceries/en-GB/shop/health-and-beauty/all?department=Vitamins%2C%20Minerals%20%26%20Supplements&viewAll=department,£6.30,£0.21/each,Any 3 for 2 Clubcard Price - Cheapest Product Free - Selected Vitamins Or Supplements,,/groceries/en-GB/products/289446502,https://digitalcontent.api.tesco.com/v2/media/ghs/4a2ca73c-a9ae-4faa-b7e6-8b7f882d1c14/e2797b02-0501-4c31-83ee-872e11462e63_204896838.jpeg?h=225&w=225
305039239,Tesco Health 60 Childrens Multivitamins Strawberry Gummies,https://www.tesco.com/groceries/en-GB/shop/health-and-beauty/all?department=Vitamins%2C%20Minerals%20%26%20Supplements&viewAll=department,£5.25,£0.09/each,Any 3 for 2 Clubcard Price - Cheapest Product Free - Selected Vitamins Or Supplements,,/groceries/en-GB/products/305039239,https://digitalcontent.api.tesco.com/v2/media/ghs/e88202e6-781f-48f8-ba51-0f158f9d367b/c0b06227-4d8c-4261-a348-2872e485ef1a_388836391.jpeg?h=225&w=225
273211177,Tesco Kids Chewable Multivitamins Plus Minerals X 90,https://www.tesco.com/groceries/en-GB/shop/health-and-beauty/all?department=Vitamins%2C%20Minerals%20%26%20Supplements&viewAll=department,£3.50,£0.04/each,Any 3 for 2 Clubcard Price - Cheapest Product Free - Selected Vitamins Or Supplements,,/groceries/en-GB/products/273211177,https://digitalcontent.api.tesco.com/v2/media/ghs/6eee7cce-e452-4966-853f-6be80e53922b/eff1b0ba-1bd5-4c51-92d5-718efda7b66a_243321011.jpeg?h=225&w=225
289446623,Bassetts 12-18 Multi Vitamin Plus Omega 3,https://www.tesco.com/groceries/en-GB/shop/health-and-beauty/all?department=Vitamins%2C%20Minerals%20%26%20Supplements&viewAll=department,£6.25,£0.21/each,Any 3 for 2 Clubcard Price - Cheapest Product Free - Selected Vitamins Or Supplements,,/groceries/en-GB/products/289446623,https://digitalcontent.api.tesco.com/v2/media/ghs/d93cb414-dd70-4aee-84cd-d62e2f12fce6/ec140bb8-60f9-4609-a365-6240b99cd57f_1080770117.jpeg?h=225&w=225
262331587,Wellkid Multivitamins Mixture Fruit Chewable 30S,https://www.tesco.com/groceries/en-GB/shop/health-and-beauty/all?department=Vitamins%2C%20Minerals%20%26%20Supplements&viewAll=department,£6.50,£0.22/each,Any 3 for 2 Clubcard Price - Cheapest Product Free - Selected Vitamins Or Supplements,,/groceries/en-GB/products/262331587,https://digitalcontent.api.tesco.com/v2/media/ghs/29b080df-d91d-4425-a592-ac6a66923d0b/751f7669-e76c-4455-b07a-476057cdf141_1859482099.jpeg?h=225&w=225
305053378,Tesco Health 60 Childrens Multivitamins Orange Gummies,https://www.tesco.com/groceries/en-GB/shop/health-and-beauty/all?department=Vitamins%2C%20Minerals%20%26%20Supplements&viewAll=department,£5.25,£0.09/each,Any 3 for 2 Clubcard Price - Cheapest Product Free - Selected Vitamins Or Supplements,,/groceries/en-GB/products/305053378,https://digitalcontent.api.tesco.com/v2/media/ghs/4e9fc362-5726-45ab-a1c2-bb0b2fcd430a/843f1453-99aa-48c9-899c-f103acec4c59_25771693.jpeg?h=225&w=225
273682943,Haliborange Omega 3 & Multivitamins Softies 30S,https://www.tesco.com/groceries/en-GB/shop/health-and-beauty/all?department=Vitamins%2C%20Minerals%20%26%20Supplements&viewAll=department,£5.80,£0.19/each,Any 3 for 2 Clubcard Price - Cheapest Product Free - Selected Vitamins Or Supplements,,/groceries/en-GB/products/273682943,https://digitalcontent.api.tesco.com/v2/media/ghs/72006fd4-2f49-4d44-a4df-1bcc2c04069e/d4e8f2fe-83d8-4a2f-9c5b-0b7b729f0d5f_1421775997.jpeg?h=225&w=225
266458362,Vitabiotics Ultra D 96 S,https://www.tesco.com/groceries/en-GB/shop/health-and-beauty/all?department=Vitamins%2C%20Minerals%20%26%20Supplements&viewAll=department,£5.00,£0.05/each,Any 3 for 2 Clubcard Price - Cheapest Product Free - Selected Vitamins Or Supplements,,/groceries/en-GB/products/266458362,https://digitalcontent.api.tesco.com/v2/media/ghs/fcde9b6e-ff0f-417e-a7f2-1073c4a4cf67/4385a5ef-c93c-47bd-8d51-a415fdbb1c88_597760879.jpeg?h=225&w=225
255431548,Tesco Omega 3+6+9 X 90,https://www.tesco.com/groceries/en-GB/shop/health-and-beauty/all?department=Vitamins%2C%20Minerals%20%26%20Supplements&viewAll=department,£7.00,£0.08/each,Any 3 for 2 Clubcard Price - Cheapest Product Free - Selected Vitamins Or Supplements,,/groceries/en-GB/products/255431548,https://digitalcontent.api.tesco.com/v2/media/ghs/d40db1bf-df0f-404e-a2b8-1b05253d7ea2/37964e60-26cd-439f-ac6a-1618b7d2f430_1031667783.jpeg?h=225&w=225
289431364,Bassetts Adult Multi Vitamin Raspberry & Pomegranate,https://www.tesco.com/groceries/en-GB/shop/health-and-beauty/all?department=Vitamins%2C%20Minerals%20%26%20Supplements&viewAll=department,£5.80,£0.19/each,Any 3 for 2 Clubcard Price - Cheapest Product Free - Selected Vitamins Or Supplements,,/groceries/en-GB/products/289431364,https://digitalcontent.api.tesco.com/v2/media/ghs/46075177-470f-4214-aa5b-2a83b101b2f6/41ae4fa1-63c0-4e1c-b0f6-40b7c87d75bf_1806095046.jpeg?h=225&w=225
273127467,Tesco Chewable Vitamin C 1000Mg 90'S,https://www.tesco.com/groceries/en-GB/shop/health-and-beauty/all?department=Vitamins%2C%20Minerals%20%26%20Supplements&viewAll=department,£5.75,£0.06/each,Any 3 for 2 Clubcard Price - Cheapest Product Free - Selected Vitamins Or Supplements,,/groceries/en-GB/products/273127467,https://digitalcontent.api.tesco.com/v2/media/ghs/98978edb-97db-4d83-ab70-14fc91653cc6/115d2d3e-0c1a-4002-9def-9f962fceb3f4_647989826.jpeg?h=225&w=225
312224356,Tesco Health 120 High Strength Vitamin D 25G Tablets,https://www.tesco.com/groceries/en-GB/shop/health-and-beauty/all?department=Vitamins%2C%20Minerals%20%26%20Supplements&viewAll=department,£3.90,£0.03/each,Any 3 for 2 Clubcard Price - Cheapest Product Free - Selected Vitamins Or Supplements,,/groceries/en-GB/products/312224356,https://digitalcontent.api.tesco.com/v2/media/ghs/4df79653-2726-4a92-8232-a7c4f60ba947/13a03bd9-7548-47d6-b23a-b75f89cc87d8_696632609.jpeg?h=225&w=225
285513527,Tesco A-Z Multivitamins & Minerals 90S,https://www.tesco.com/groceries/en-GB/shop/health-and-beauty/all?department=Vitamins%2C%20Minerals%20%26%20Supplements&viewAll=department,£4.50,£0.05/each,Any 3 for 2 Clubcard Price - Cheapest Product Free - Selected Vitamins Or Supplements,,/groceries/en-GB/products/285513527,https://digitalcontent.api.tesco.com/v2/media/ghs/4a1bcac6-a831-4095-b14a-d715b68995ea/a19a078c-7500-48fa-ad33-dc3a0b80287c_1437582696.jpeg?h=225&w=225
257005518,Berocca Orange Effervescent Vitamin Energy Tablets 15S,https://www.tesco.com/groceries/en-GB/shop/health-and-beauty/all?department=Vitamins%2C%20Minerals%20%26%20Supplements&viewAll=department,£5.00,£0.33/each,Any 3 for 2 Clubcard Price - Cheapest Product Free - Selected Vitamins Or Supplements,,/groceries/en-GB/products/257005518,https://digitalcontent.api.tesco.com/v2/media/ghs/c4d5ebe2-8204-4d48-bbec-f6f31c707dc9/7ab596d0-c420-420b-84de-3e073945e75f_1959927880.jpeg?h=225&w=225
312092741,Tesco Health 50 Magnesium 375Mg Magnesium Tabs,https://www.tesco.com/groceries/en-GB/shop/health-and-beauty/all?department=Vitamins%2C%20Minerals%20%26%20Supplements&viewAll=department,£3.75,£0.08/each,Any 3 for 2 Clubcard Price - Cheapest Product Free - Selected Vitamins Or Supplements,,/groceries/en-GB/products/312092741,https://digitalcontent.api.tesco.com/v2/media/ghs/49164a93-cb4d-4071-9dc6-e3fd5566188a/fe407a18-67eb-477a-a78f-41753f0717db_979536961.jpeg?h=225&w=225
289431197,Bassetts 7-11 Multi Vitamin Raspberry,https://www.tesco.com/groceries/en-GB/shop/health-and-beauty/all?department=Vitamins%2C%20Minerals%20%26%20Supplements&viewAll=department,£5.25,£0.18/each,Any 3 for 2 Clubcard Price - Cheapest Product Free - Selected Vitamins Or Supplements,,/groceries/en-GB/products/289431197,https://digitalcontent.api.tesco.com/v2/media/ghs/b9d36a2c-8b2e-4562-bbb7-11dee65afe6a/fbebefac-da32-4abd-88d5-5821e0cc190a_115278249.jpeg?h=225&w=225
289431669,Bassetts 7-11 Multi Vitamin Plus Omega 3,https://www.tesco.com/groceries/en-GB/shop/health-and-beauty/all?department=Vitamins%2C%20Minerals%20%26%20Supplements&viewAll=department,£5.80,£0.19/each,Any 3 for 2 Clubcard Price - Cheapest Product Free - Selected Vitamins Or Supplements,,/groceries/en-GB/products/289431669,https://digitalcontent.api.tesco.com/v2/media/ghs/d2c91491-12af-40fc-8c35-7c83bfc63044/b8a924ed-6e31-4925-bbd4-cf4feaa3d367_1463195168.jpeg?h=225&w=225
265749739,Wellkid Baby And Infant 150Ml,https://www.tesco.com/groceries/en-GB/shop/health-and-beauty/all?department=Vitamins%2C%20Minerals%20%26%20Supplements&viewAll=department,£5.00,£3.34/100ml,Any 3 for 2 Clubcard Price - Cheapest Product Free - Selected Vitamins Or Supplements,,/groceries/en-GB/products/265749739,https://digitalcontent.api.tesco.com/v2/media/ghs/6508a8eb-3a08-4dd4-93cd-7abb04164912/600f0aa6-f460-4826-b53e-8abb2e162ad8_2067751267.jpeg?h=225&w=225
276940121,Centrum Women 50+ 30S,https://www.tesco.com/groceries/en-GB/shop/health-and-beauty/all?department=Vitamins%2C%20Minerals%20%26%20Supplements&viewAll=department,£6.80,£0.23/each,Any 3 for 2 Clubcard Price - Cheapest Product Free - Selected Vitamins Or Supplements,,/groceries/en-GB/products/276940121,https://digitalcontent.api.tesco.com/v2/media/ghs/ad4a2cdf-e72d-4867-a4fe-c051d8509bdc/9016c447-f328-4761-8b4a-70cb5f5f15e0_911411013.jpeg?h=225&w=225
257745258,Tesco Cod Liver Oil 1000Mg 90S,https://www.tesco.com/groceries/en-GB/shop/health-and-beauty/all?department=Vitamins%2C%20Minerals%20%26%20Supplements&viewAll=department,£4.50,£0.05/each,Any 3 for 2 Clubcard Price - Cheapest Product Free - Selected Vitamins Or Supplements,,/groceries/en-GB/products/257745258,https://digitalcontent.api.tesco.com/v2/media/ghs/24b2b2b7-9083-4376-a35c-4d64f2b9c200/e2fa3422-6421-4e30-920a-96cd998d40d2_1024296271.jpeg?h=225&w=225
312104907,Tesco Health 120 Vitamin D 12.5G Tablets,https://www.tesco.com/groceries/en-GB/shop/health-and-beauty/all?department=Vitamins%2C%20Minerals%20%26%20Supplements&viewAll=department,£4.00,£0.03/each,Any 3 for 2 Clubcard Price - Cheapest Product Free - Selected Vitamins Or Supplements,,/groceries/en-GB/products/312104907,https://digitalcontent.api.tesco.com/v2/media/ghs/3bc60838-adef-4a20-9a15-6ce07fd11e89/78a21865-ab6d-4b64-96dd-92d1c87e77fb_198185560.jpeg?h=225&w=225
273236303,Tesco Calcium & Vitamin D 90'S,https://www.tesco.com/groceries/en-GB/shop/health-and-beauty/all?department=Vitamins%2C%20Minerals%20%26%20Supplements&viewAll=department,£3.25,£0.04/each,Any 3 for 2 Clubcard Price - Cheapest Product Free - Selected Vitamins Or Supplements,,/groceries/en-GB/products/273236303,https://digitalcontent.api.tesco.com/v2/media/ghs/a88ebecf-22d0-4edc-be64-ded7352387bd/7e59607f-10a1-4f1b-a7f0-cb114bf33783_2029360759.jpeg?h=225&w=225
289431442,Bassetts 3-6 Multi Vitamin Plus Omega 3,https://www.tesco.com/groceries/en-GB/shop/health-and-beauty/all?department=Vitamins%2C%20Minerals%20%26%20Supplements&viewAll=department,£5.00,£0.17/each,Any 3 for 2 Clubcard Price - Cheapest Product Free - Selected Vitamins Or Supplements,,/groceries/en-GB/products/289431442,https://digitalcontent.api.tesco.com/v2/media/ghs/b19f79a1-5fee-4742-97eb-82edde521f9a/9a5cc4c5-412a-400a-8fcc-7c1b78f25d26_1503358234.jpeg?h=225&w=225
289431102,Bassetts 3-6 Multi Vitamin Strawberry,https://www.tesco.com/groceries/en-GB/shop/health-and-beauty/all?department=Vitamins%2C%20Minerals%20%26%20Supplements&viewAll=department,£4.70,£0.16/each,Any 3 for 2 Clubcard Price - Cheapest Product Free - Selected Vitamins Or Supplements,,/groceries/en-GB/products/289431102,https://digitalcontent.api.tesco.com/v2/media/ghs/259cdcb3-c090-405c-86c4-d6708e625a36/0c581e6c-007a-495c-86a1-e60efd3583e8_332471330.jpeg?h=225&w=225
289446502,Bassetts 12-18 Multi Vitamin Plus Evening Primrose Oil,https://www.tesco.com/groceries/en-GB/shop/health-and-beauty/all?department=Vitamins%2C%20Minerals%20%26%20Supplements&viewAll=department,£6.30,£0.21/each,Any 3 for 2 Clubcard Price - Cheapest Product Free - Selected Vitamins Or Supplements,,/groceries/en-GB/products/289446502,https://digitalcontent.api.tesco.com/v2/media/ghs/4a2ca73c-a9ae-4faa-b7e6-8b7f882d1c14/e2797b02-0501-4c31-83ee-872e11462e63_204896838.jpeg?h=225&w=225
305039239,Tesco Health 60 Childrens Multivitamins Strawberry Gummies,https://www.tesco.com/groceries/en-GB/shop/health-and-beauty/all?department=Vitamins%2C%20Minerals%20%26%20Supplements&viewAll=department,£5.25,£0.09/each,Any 3 for 2 Clubcard Price - Cheapest Product Free - Selected Vitamins Or Supplements,,/groceries/en-GB/products/305039239,https://digitalcontent.api.tesco.com/v2/media/ghs/e88202e6-781f-48f8-ba51-0f158f9d367b/c0b06227-4d8c-4261-a348-2872e485ef1a_388836391.jpeg?h=225&w=225
273211177,Tesco Kids Chewable Multivitamins Plus Minerals X 90,https://www.tesco.com/groceries/en-GB/shop/health-and-beauty/all?department=Vitamins%2C%20Minerals%20%26%20Supplements&viewAll=department,£3.50,£0.04/each,Any 3 for 2 Clubcard Price - Cheapest Product Free - Selected Vitamins Or Supplements,,/groceries/en-GB/products/273211177,https://digitalcontent.api.tesco.com/v2/media/ghs/6eee7cce-e452-4966-853f-6be80e53922b/eff1b0ba-1bd5-4c51-92d5-718efda7b66a_243321011.jpeg?h=225&w=225
289446623,Bassetts 12-18 Multi Vitamin Plus Omega 3,https://www.tesco.com/groceries/en-GB/shop/health-and-beauty/all?department=Vitamins%2C%20Minerals%20%26%20Supplements&viewAll=department,£6.25,£0.21/each,Any 3 for 2 Clubcard Price - Cheapest Product Free - Selected Vitamins Or Supplements,,/groceries/en-GB/products/289446623,https://digitalcontent.api.tesco.com/v2/media/ghs/d93cb414-dd70-4aee-84cd-d62e2f12fce6/ec140bb8-60f9-4609-a365-6240b99cd57f_1080770117.jpeg?h=225&w=225
262331587,Wellkid Multivitamins Mixture Fruit Chewable 30S,https://www.tesco.com/groceries/en-GB/shop/health-and-beauty/all?department=Vitamins%2C%20Minerals%20%26%20Supplements&viewAll=department,£6.50,£0.22/each,Any 3 for 2 Clubcard Price - Cheapest Product Free - Selected Vitamins Or Supplements,,/groceries/en-GB/products/262331587,https://digitalcontent.api.tesco.com/v2/media/ghs/29b080df-d91d-4425-a592-ac6a66923d0b/751f7669-e76c-4455-b07a-476057cdf141_1859482099.jpeg?h=225&w=225
305053378,Tesco Health 60 Childrens Multivitamins Orange Gummies,https://www.tesco.com/groceries/en-GB/shop/health-and-beauty/all?department=Vitamins%2C%20Minerals%20%26%20Supplements&viewAll=department,£5.25,£0.09/each,Any 3 for 2 Clubcard Price - Cheapest Product Free - Selected Vitamins Or Supplements,,/groceries/en-GB/products/305053378,https://digitalcontent.api.tesco.com/v2/media/ghs/4e9fc362-5726-45ab-a1c2-bb0b2fcd430a/843f1453-99aa-48c9-899c-f103acec4c59_25771693.jpeg?h=225&w=225
273682943,Haliborange Omega 3 & Multivitamins Softies 30S,https://www.tesco.com/groceries/en-GB/shop/health-and-beauty/all?department=Vitamins%2C%20Minerals%20%26%20Supplements&viewAll=department,£5.80,£0.19/each,Any 3 for 2 Clubcard Price - Cheapest Product Free - Selected Vitamins Or Supplements,,/groceries/en-GB/products/273682943,https://digitalcontent.api.tesco.com/v2/media/ghs/72006fd4-2f49-4d44-a4df-1bcc2c04069e/d4e8f2fe-83d8-4a2f-9c5b-0b7b729f0d5f_1421775997.jpeg?h=225&w=225
266458362,Vitabiotics Ultra D 96 S,https://www.tesco.com/groceries/en-GB/shop/health-and-beauty/all?department=Vitamins%2C%20Minerals%20%26%20Supplements&viewAll=department,£5.00,£0.05/each,Any 3 for 2 Clubcard Price - Cheapest Product Free - Selected Vitamins Or Supplements,,/groceries/en-GB/products/266458362,https://digitalcontent.api.tesco.com/v2/media/ghs/fcde9b6e-ff0f-417e-a7f2-1073c4a4cf67/4385a5ef-c93c-47bd-8d51-a415fdbb1c88_597760879.jpeg?h=225&w=225
255431548,Tesco Omega 3+6+9 X 90,https://www.tesco.com/groceries/en-GB/shop/health-and-beauty/all?department=Vitamins%2C%20Minerals%20%26%20Supplements&viewAll=department,£7.00,£0.08/each,Any 3 for 2 Clubcard Price - Cheapest Product Free - Selected Vitamins Or Supplements,,/groceries/en-GB/products/255431548,https://digitalcontent.api.tesco.com/v2/media/ghs/d40db1bf-df0f-404e-a2b8-1b05253d7ea2/37964e60-26cd-439f-ac6a-1618b7d2f430_1031667783.jpeg?h=225&w=225
289431364,Bassetts Adult Multi Vitamin Raspberry & Pomegranate,https://www.tesco.com/groceries/en-GB/shop/health-and-beauty/all?department=Vitamins%2C%20Minerals%20%26%20Supplements&viewAll=department,£5.80,£0.19/each,Any 3 for 2 Clubcard Price - Cheapest Product Free - Selected Vitamins Or Supplements,,/groceries/en-GB/products/289431364,https://digitalcontent.api.tesco.com/v2/media/ghs/46075177-470f-4214-aa5b-2a83b101b2f6/41ae4fa1-63c0-4e1c-b0f6-40b7c87d75bf_1806095046.jpeg?h=225&w=225
273127467,Tesco Chewable Vitamin C 1000Mg 90'S,https://www.tesco.com/groceries/en-GB/shop/health-and-beauty/all?department=Vitamins%2C%20Minerals%20%26%20Supplements&viewAll=department,£5.75,£0.06/each,Any 3 for 2 Clubcard Price - Cheapest Product Free - Selected Vitamins Or Supplements,,/groceries/en-GB/products/273127467,https://digitalcontent.api.tesco.com/v2/media/ghs/98978edb-97db-4d83-ab70-14fc91653cc6/115d2d3e-0c1a-4002-9def-9f962fceb3f4_647989826.jpeg?h=225&w=225
312224356,Tesco Health 120 High Strength Vitamin D 25G Tablets,https://www.tesco.com/groceries/en-GB/shop/health-and-beauty/all?department=Vitamins%2C%20Minerals%20%26%20Supplements&viewAll=department,£3.90,£0.03/each,Any 3 for 2 Clubcard Price - Cheapest Product Free - Selected Vitamins Or Supplements,,/groceries/en-GB/products/312224356,https://digitalcontent.api.tesco.com/v2/media/ghs/4df79653-2726-4a92-8232-a7c4f60ba947/13a03bd9-7548-47d6-b23a-b75f89cc87d8_696632609.jpeg?h=225&w=225
285513527,Tesco A-Z Multivitamins & Minerals 90S,https://www.tesco.com/groceries/en-GB/shop/health-and-beauty/all?department=Vitamins%2C%20Minerals%20%26%20Supplements&viewAll=department,£4.50,£0.05/each,Any 3 for 2 Clubcard Price - Cheapest Product Free - Selected Vitamins Or Supplements,,/groceries/en-GB/products/285513527,https://digitalcontent.api.tesco.com/v2/media/ghs/4a1bcac6-a831-4095-b14a-d715b68995ea/a19a078c-7500-48fa-ad33-dc3a0b80287c_1437582696.jpeg?h=225&w=225
257005518,Berocca Orange Effervescent Vitamin Energy Tablets 15S,https://www.tesco.com/groceries/en-GB/shop/health-and-beauty/all?department=Vitamins%2C%20Minerals%20%26%20Supplements&viewAll=department,£5.00,£0.33/each,Any 3 for 2 Clubcard Price - Cheapest Product Free - Selected Vitamins Or Supplements,,/groceries/en-GB/products/257005518,https://digitalcontent.api.tesco.com/v2/media/ghs/c4d5ebe2-8204-4d48-bbec-f6f31c707dc9/7ab596d0-c420-420b-84de-3e073945e75f_1959927880.jpeg?h=225&w=225
312092741,Tesco Health 50 Magnesium 375Mg Magnesium Tabs,https://www.tesco.com/groceries/en-GB/shop/health-and-beauty/all?department=Vitamins%2C%20Minerals%20%26%20Supplements&viewAll=department,£3.75,£0.08/each,Any 3 for 2 Clubcard Price - Cheapest Product Free - Selected Vitamins Or Supplements,,/groceries/en-GB/products/312092741,https://digitalcontent.api.tesco.com/v2/media/ghs/49164a93-cb4d-4071-9dc6-e3fd5566188a/fe407a18-67eb-477a-a78f-41753f0717db_979536961.jpeg?h=225&w=225
289431197,Bassetts 7-11 Multi Vitamin Raspberry,https://www.tesco.com/groceries/en-GB/shop/health-and-beauty/all?department=Vitamins%2C%20Minerals%20%26%20Supplements&viewAll=department,£5.25,£0.18/each,Any 3 for 2 Clubcard Price - Cheapest Product Free - Selected Vitamins Or Supplements,,/groceries/en-GB/products/289431197,https://digitalcontent.api.tesco.com/v2/media/ghs/b9d36a2c-8b2e-4562-bbb7-11dee65afe6a/fbebefac-da32-4abd-88d5-5821e0cc190a_115278249.jpeg?h=225&w=225
289431669,Bassetts 7-11 Multi Vitamin Plus Omega 3,https://www.tesco.com/groceries/en-GB/shop/health-and-beauty/all?department=Vitamins%2C%20Minerals%20%26%20Supplements&viewAll=department,£5.80,£0.19/each,Any 3 for 2 Clubcard Price - Cheapest Product Free - Selected Vitamins Or Supplements,,/groceries/en-GB/products/289431669,https://digitalcontent.api.tesco.com/v2/media/ghs/d2c91491-12af-40fc-8c35-7c83bfc63044/b8a924ed-6e31-4925-bbd4-cf4feaa3d367_1463195168.jpeg?h=225&w=225
265749739,Wellkid Baby And Infant 150Ml,https://www.tesco.com/groceries/en-GB/shop/health-and-beauty/all?department=Vitamins%2C%20Minerals%20%26%20Supplements&viewAll=department,£5.00,£3.34/100ml,Any 3 for 2 Clubcard Price - Cheapest Product Free - Selected Vitamins Or Supplements,,/groceries/en-GB/products/265749739,https://digitalcontent.api.tesco.com/v2/media/ghs/6508a8eb-3a08-4dd4-93cd-7abb04164912/600f0aa6-f460-4826-b53e-8abb2e162ad8_2067751267.jpeg?h=225&w=225
276940121,Centrum Women 50+ 30S,https://www.tesco.com/groceries/en-GB/shop/health-and-beauty/all?department=Vitamins%2C%20Minerals%20%26%20Supplements&viewAll=department,£6.80,£0.23/each,Any 3 for 2 Clubcard Price - Cheapest Product Free - Selected Vitamins Or Supplements,,/groceries/en-GB/products/276940121,https://digitalcontent.api.tesco.com/v2/media/ghs/ad4a2cdf-e72d-4867-a4fe-c051d8509bdc/9016c447-f328-4761-8b4a-70cb5f5f15e0_911411013.jpeg?h=225&w=225
257745258,Tesco Cod Liver Oil 1000Mg 90S,https://www.tesco.com/groceries/en-GB/shop/health-and-beauty/all?department=Vitamins%2C%20Minerals%20%26%20Supplements&viewAll=department,£4.50,£0.05/each,Any 3 for 2 Clubcard Price - Cheapest Product Free - Selected Vitamins Or Supplements,,/groceries/en-GB/products/257745258,https://digitalcontent.api.tesco.com/v2/media/ghs/24b2b2b7-9083-4376-a35c-4d64f2b9c200/e2fa3422-6421-4e30-920a-96cd998d40d2_1024296271.jpeg?h=225&w=225
312104907,Tesco Health 120 Vitamin D 12.5G Tablets,https://www.tesco.com/groceries/en-GB/shop/health-and-beauty/all?department=Vitamins%2C%20Minerals%20%26%20Supplements&viewAll=department,£4.00,£0.03/each,Any 3 for 2 Clubcard Price - Cheapest Product Free - Selected Vitamins Or Supplements,,/groceries/en-GB/products/312104907,https://digitalcontent.api.tesco.com/v2/media/ghs/3bc60838-adef-4a20-9a15-6ce07fd11e89/78a21865-ab6d-4b64-96dd-92d1c87e77fb_198185560.jpeg?h=225&w=225
273236303,Tesco Calcium & Vitamin D 90'S,https://www.tesco.com/groceries/en-GB/shop/health-and-beauty/all?department=Vitamins%2C%20Minerals%20%26%20Supplements&viewAll=department,£3.25,£0.04/each,Any 3 for 2 Clubcard Price - Cheapest Product Free - Selected Vitamins Or Supplements,,/groceries/en-GB/products/273236303,https://digitalcontent.api.tesco.com/v2/media/ghs/a88ebecf-22d0-4edc-be64-ded7352387bd/7e59607f-10a1-4f1b-a7f0-cb114bf33783_2029360759.jpeg?h=225&w=225
289431442,Bassetts 3-6 Multi Vitamin Plus Omega 3,https://www.tesco.com/groceries/en-GB/shop/health-and-beauty/all?department=Vitamins%2C%20Minerals%20%26%20Supplements&viewAll=department,£5.00,£0.17/each,Any 3 for 2 Clubcard Price - Cheapest Product Free - Selected Vitamins Or Supplements,,/groceries/en-GB/products/289431442,https://digitalcontent.api.tesco.com/v2/media/ghs/b19f79a1-5fee-4742-97eb-82edde521f9a/9a5cc4c5-412a-400a-8fcc-7c1b78f25d26_1503358234.jpeg?h=225&w=225
289431102,Bassetts 3-6 Multi Vitamin Strawberry,https://www.tesco.com/groceries/en-GB/shop/health-and-beauty/all?department=Vitamins%2C%20Minerals%20%26%20Supplements&viewAll=department,£4.70,£0.16/each,Any 3 for 2 Clubcard Price - Cheapest Product Free - Selected Vitamins Or Supplements,,/groceries/en-GB/products/289431102,https://digitalcontent.api.tesco.com/v2/media/ghs/259cdcb3-c090-405c-86c4-d6708e625a36/0c581e6c-007a-495c-86a1-e60efd3583e8_332471330.jpeg?h=225&w=225
289446502,Bassetts 12-18 Multi Vitamin Plus Evening Primrose Oil,https://www.tesco.com/groceries/en-GB/shop/health-and-beauty/all?department=Vitamins%2C%20Minerals%20%26%20Supplements&viewAll=department,£6.30,£0.21/each,Any 3 for 2 Clubcard Price - Cheapest Product Free - Selected Vitamins Or Supplements,,/groceries/en-GB/products/289446502,https://digitalcontent.api.tesco.com/v2/media/ghs/4a2ca73c-a9ae-4faa-b7e6-8b7f882d1c14/e2797b02-0501-4c31-83ee-872e11462e63_204896838.jpeg?h=225&w=225
305039239,Tesco Health 60 Childrens Multivitamins Strawberry Gummies,https://www.tesco.com/groceries/en-GB/shop/health-and-beauty/all?department=Vitamins%2C%20Minerals%20%26%20Supplements&viewAll=department,£5.25,£0.09/each,Any 3 for 2 Clubcard Price - Cheapest Product Free - Selected Vitamins Or Supplements,,/groceries/en-GB/products/305039239,https://digitalcontent.api.tesco.com/v2/media/ghs/e88202e6-781f-48f8-ba51-0f158f9d367b/c0b06227-4d8c-4261-a348-2872e485ef1a_388836391.jpeg?h=225&w=225
273211177,Tesco Kids Chewable Multivitamins Plus Minerals X 90,https://www.tesco.com/groceries/en-GB/shop/health-and-beauty/all?department=Vitamins%2C%20Minerals%20%26%20Supplements&viewAll=department,£3.50,£0.04/each,Any 3 for 2 Clubcard Price - Cheapest Product Free - Selected Vitamins Or Supplements,,/groceries/en-GB/products/273211177,https://digitalcontent.api.tesco.com/v2/media/ghs/6eee7cce-e452-4966-853f-6be80e53922b/eff1b0ba-1bd5-4c51-92d5-718efda7b66a_243321011.jpeg?h=225&w=225
289446623,Bassetts 12-18 Multi Vitamin Plus Omega 3,https://www.tesco.com/groceries/en-GB/shop/health-and-beauty/all?department=Vitamins%2C%20Minerals%20%26%20Supplements&viewAll=department,£6.25,£0.21/each,Any 3 for 2 Clubcard Price - Cheapest Product Free - Selected Vitamins Or Supplements,,/groceries/en-GB/products/289446623,https://digitalcontent.api.tesco.com/v2/media/ghs/d93cb414-dd70-4aee-84cd-d62e2f12fce6/ec140bb8-60f9-4609-a365-6240b99cd57f_1080770117.jpeg?h=225&w=225
262331587,Wellkid Multivitamins Mixture Fruit Chewable 30S,https://www.tesco.com/groceries/en-GB/shop/health-and-beauty/all?department=Vitamins%2C%20Minerals%20%26%20Supplements&viewAll=department,£6.50,£0.22/each,Any 3 for 2 Clubcard Price - Cheapest Product Free - Selected Vitamins Or Supplements,,/groceries/en-GB/products/262331587,https://digitalcontent.api.tesco.com/v2/media/ghs/29b080df-d91d-4425-a592-ac6a66923d0b/751f7669-e76c-4455-b07a-476057cdf141_1859482099.jpeg?h=225&w=225
305053378,Tesco Health 60 Childrens Multivitamins Orange Gummies,https://www.tesco.com/groceries/en-GB/shop/health-and-beauty/all?department=Vitamins%2C%20Minerals%20%26%20Supplements&viewAll=department,£5.25,£0.09/each,Any 3 for 2 Clubcard Price - Cheapest Product Free - Selected Vitamins Or Supplements,,/groceries/en-GB/products/305053378,https://digitalcontent.api.tesco.com/v2/media/ghs/4e9fc362-5726-45ab-a1c2-bb0b2fcd430a/843f1453-99aa-48c9-899c-f103acec4c59_25771693.jpeg?h=225&w=225
273682943,Haliborange Omega 3 & Multivitamins Softies 30S,https://www.tesco.com/groceries/en-GB/shop/health-and-beauty/all?department=Vitamins%2C%20Minerals%20%26%20Supplements&viewAll=department,£5.80,£0.19/each,Any 3 for 2 Clubcard Price - Cheapest Product Free - Selected Vitamins Or Supplements,,/groceries/en-GB/products/273682943,https://digitalcontent.api.tesco.com/v2/media/ghs/72006fd4-2f49-4d44-a4df-1bcc2c04069e/d4e8f2fe-83d8-4a2f-9c5b-0b7b729f0d5f_1421775997.jpeg?h=225&w=225
266458362,Vitabiotics Ultra D 96 S,https://www.tesco.com/groceries/en-GB/shop/health-and-beauty/all?department=Vitamins%2C%20Minerals%20%26%20Supplements&viewAll=department,£5.00,£0.05/each,Any 3 for 2 Clubcard Price - Cheapest Product Free - Selected Vitamins Or Supplements,,/groceries/en-GB/products/266458362,https://digitalcontent.api.tesco.com/v2/media/ghs/fcde9b6e-ff0f-417e-a7f2-1073c4a4cf67/4385a5ef-c93c-47bd-8d51-a415fdbb1c88_597760879.jpeg?h=225&w=225
255431548,Tesco Omega 3+6+9 X 90,https://www.tesco.com/groceries/en-GB/shop/health-and-beauty/all?department=Vitamins%2C%20Minerals%20%26%20Supplements&viewAll=department,£7.00,£0.08/each,Any 3 for 2 Clubcard Price - Cheapest Product Free - Selected Vitamins Or Supplements,,/groceries/en-GB/products/255431548,https://digitalcontent.api.tesco.com/v2/media/ghs/d40db1bf-df0f-404e-a2b8-1b05253d7ea2/37964e60-26cd-439f-ac6a-1618b7d2f430_1031667783.jpeg?h=225&w=225
289431364,Bassetts Adult Multi Vitamin Raspberry & Pomegranate,https://www.tesco.com/groceries/en-GB/shop/health-and-beauty/all?department=Vitamins%2C%20Minerals%20%26%20Supplements&viewAll=department,£5.80,£0.19/each,Any 3 for 2 Clubcard Price - Cheapest Product Free - Selected Vitamins Or Supplements,,/groceries/en-GB/products/289431364,https://digitalcontent.api.tesco.com/v2/media/ghs/46075177-470f-4214-aa5b-2a83b101b2f6/41ae4fa1-63c0-4e1c-b0f6-40b7c87d75bf_1806095046.jpeg?h=225&w=225
273127467,Tesco Chewable Vitamin C 1000Mg 90'S,https://www.tesco.com/groceries/en-GB/shop/health-and-beauty/all?department=Vitamins%2C%20Minerals%20%26%20Supplements&viewAll=department,£5.75,£0.06/each,Any 3 for 2 Clubcard Price - Cheapest Product Free - Selected Vitamins Or Supplements,,/groceries/en-GB/products/273127467,https://digitalcontent.api.tesco.com/v2/media/ghs/98978edb-97db-4d83-ab70-14fc91653cc6/115d2d3e-0c1a-4002-9def-9f962fceb3f4_647989826.jpeg?h=225&w=225
312224356,Tesco Health 120 High Strength Vitamin D 25G Tablets,https://www.tesco.com/groceries/en-GB/shop/health-and-beauty/all?department=Vitamins%2C%20Minerals%20%26%20Supplements&viewAll=department,£3.90,£0.03/each,Any 3 for 2 Clubcard Price - Cheapest Product Free - Selected Vitamins Or Supplements,,/groceries/en-GB/products/312224356,https://digitalcontent.api.tesco.com/v2/media/ghs/4df79653-2726-4a92-8232-a7c4f60ba947/13a03bd9-7548-47d6-b23a-b75f89cc87d8_696632609.jpeg?h=225&w=225
285513527,Tesco A-Z Multivitamins & Minerals 90S,https://www.tesco.com/groceries/en-GB/shop/health-and-beauty/all?department=Vitamins%2C%20Minerals%20%26%20Supplements&viewAll=department,£4.50,£0.05/each,Any 3 for 2 Clubcard Price - Cheapest Product Free - Selected Vitamins Or Supplements,,/groceries/en-GB/products/285513527,https://digitalcontent.api.tesco.com/v2/media/ghs/4a1bcac6-a831-4095-b14a-d715b68995ea/a19a078c-7500-48fa-ad33-dc3a0b80287c_1437582696.jpeg?h=225&w=225
257005518,Berocca Orange Effervescent Vitamin Energy Tablets 15S,https://www.tesco.com/groceries/en-GB/shop/health-and-beauty/all?department=Vitamins%2C%20Minerals%20%26%20Supplements&viewAll=department,£5.00,£0.33/each,Any 3 for 2 Clubcard Price - Cheapest Product Free - Selected Vitamins Or Supplements,,/groceries/en-GB/products/257005518,https://digitalcontent.api.tesco.com/v2/media/ghs/c4d5ebe2-8204-4d48-bbec-f6f31c707dc9/7ab596d0-c420-420b-84de-3e073945e75f_1959927880.jpeg?h=225&w=225
312092741,Tesco Health 50 Magnesium 375Mg Magnesium Tabs,https://www.tesco.com/groceries/en-GB/shop/health-and-beauty/all?department=Vitamins%2C%20Minerals%20%26%20Supplements&viewAll=department,£3.75,£0.08/each,Any 3 for 2 Clubcard Price - Cheapest Product Free - Selected Vitamins Or Supplements,,/groceries/en-GB/products/312092741,https://digitalcontent.api.tesco.com/v2/media/ghs/49164a93-cb4d-4071-9dc6-e3fd5566188a/fe407a18-67eb-477a-a78f-41753f0717db_979536961.jpeg?h=225&w=225
289431197,Bassetts 7-11 Multi Vitamin Raspberry,https://www.tesco.com/groceries/en-GB/shop/health-and-beauty/all?department=Vitamins%2C%20Minerals%20%26%20Supplements&viewAll=department,£5.25,£0.18/each,Any 3 for 2 Clubcard Price - Cheapest Product Free - Selected Vitamins Or Supplements,,/groceries/en-GB/products/289431197,https://digitalcontent.api.tesco.com/v2/media/ghs/b9d36a2c-8b2e-4562-bbb7-11dee65afe6a/fbebefac-da32-4abd-88d5-5821e0cc190a_115278249.jpeg?h=225&w=225
289431669,Bassetts 7-11 Multi Vitamin Plus Omega 3,https://www.tesco.com/groceries/en-GB/shop/health-and-beauty/all?department=Vitamins%2C%20Minerals%20%26%20Supplements&viewAll=department,£5.80,£0.19/each,Any 3 for 2 Clubcard Price - Cheapest Product Free - Selected Vitamins Or Supplements,,/groceries/en-GB/products/289431669,https://digitalcontent.api.tesco.com/v2/media/ghs/d2c91491-12af-40fc-8c35-7c83bfc63044/b8a924ed-6e31-4925-bbd4-cf4feaa3d367_1463195168.jpeg?h=225&w=225
265749739,Wellkid Baby And Infant 150Ml,https://www.tesco.com/groceries/en-GB/shop/health-and-beauty/all?department=Vitamins%2C%20Minerals%20%26%20Supplements&viewAll=department,£5.00,£3.34/100ml,Any 3 for 2 Clubcard Price - Cheapest Product Free - Selected Vitamins Or Supplements,,/groceries/en-GB/products/265749739,https://digitalcontent.api.tesco.com/v2/media/ghs/6508a8eb-3a08-4dd4-93cd-7abb04164912/600f0aa6-f460-4826-b53e-8abb2e162ad8_2067751267.jpeg?h=225&w=225
276940121,Centrum Women 50+ 30S,https://www.tesco.com/groceries/en-GB/shop/health-and-beauty/all?department=Vitamins%2C%20Minerals%20%26%20Supplements&viewAll=department,£6.80,£0.23/each,Any 3 for 2 Clubcard Price - Cheapest Product Free - Selected Vitamins Or Supplements,,/groceries/en-GB/products/276940121,https://digitalcontent.api.tesco.com/v2/media/ghs/ad4a2cdf-e72d-4867-a4fe-c051d8509bdc/9016c447-f328-4761-8b4a-70cb5f5f15e0_911411013.jpeg?h=225&w=225
257745258,Tesco Cod Liver Oil 1000Mg 90S,https://www.tesco.com/groceries/en-GB/shop/health-and-beauty/all?department=Vitamins%2C%20Minerals%20%26%20Supplements&viewAll=department,£4.50,£0.05/each,Any 3 for 2 Clubcard Price - Cheapest Product Free - Selected Vitamins Or Supplements,,/groceries/en-GB/products/257745258,https://digitalcontent.api.tesco.com/v2/media/ghs/24b2b2b7-9083-4376-a35c-4d64f2b9c200/e2fa3422-6421-4e30-920a-96cd998d40d2_1024296271.jpeg?h=225&w=225
312104907,Tesco Health 120 Vitamin D 12.5G Tablets,https://www.tesco.com/groceries/en-GB/shop/health-and-beauty/all?department=Vitamins%2C%20Minerals%20%26%20Supplements&viewAll=department,£4.00,£0.03/each,Any 3 for 2 Clubcard Price - Cheapest Product Free - Selected Vitamins Or Supplements,,/groceries/en-GB/products/312104907,https://digitalcontent.api.tesco.com/v2/media/ghs/3bc60838-adef-4a20-9a15-6ce07fd11e89/78a21865-ab6d-4b64-96dd-92d1c87e77fb_198185560.jpeg?h=225&w=225
273236303,Tesco Calcium & Vitamin D 90'S,https://www.tesco.com/groceries/en-GB/shop/health-and-beauty/all?department=Vitamins%2C%20Minerals%20%26%20Supplements&viewAll=department,£3.25,£0.04/each,Any 3 for 2 Clubcard Price - Cheapest Product Free - Selected Vitamins Or Supplements,,/groceries/en-GB/products/273236303,https://digitalcontent.api.tesco.com/v2/media/ghs/a88ebecf-22d0-4edc-be64-ded7352387bd/7e59607f-10a1-4f1b-a7f0-cb114bf33783_2029360759.jpeg?h=225&w=225
289431442,Bassetts 3-6 Multi Vitamin Plus Omega 3,https://www.tesco.com/groceries/en-GB/shop/health-and-beauty/all?department=Vitamins%2C%20Minerals%20%26%20Supplements&viewAll=department,£5.00,£0.17/each,Any 3 for 2 Clubcard Price - Cheapest Product Free - Selected Vitamins Or Supplements,,/groceries/en-GB/products/289431442,https://digitalcontent.api.tesco.com/v2/media/ghs/b19f79a1-5fee-4742-97eb-82edde521f9a/9a5cc4c5-412a-400a-8fcc-7c1b78f25d26_1503358234.jpeg?h=225&w=225
289431102,Bassetts 3-6 Multi Vitamin Strawberry,https://www.tesco.com/groceries/en-GB/shop/health-and-beauty/all?department=Vitamins%2C%20Minerals%20%26%20Supplements&viewAll=department,£4.70,£0.16/each,Any 3 for 2 Clubcard Price - Cheapest Product Free - Selected Vitamins Or Supplements,,/groceries/en-GB/products/289431102,https://digitalcontent.api.tesco.com/v2/media/ghs/259cdcb3-c090-405c-86c4-d6708e625a36/0c581e6c-007a-495c-86a1-e60efd3583e8_332471330.jpeg?h=225&w=225
289446502,Bassetts 12-18 Multi Vitamin Plus Evening Primrose Oil,https://www.tesco.com/groceries/en-GB/shop/health-and-beauty/all?department=Vitamins%2C%20Minerals%20%26%20Supplements&viewAll=department,£6.30,£0.21/each,Any 3 for 2 Clubcard Price - Cheapest Product Free - Selected Vitamins Or Supplements,,/groceries/en-GB/products/289446502,https://digitalcontent.api.tesco.com/v2/media/ghs/4a2ca73c-a9ae-4faa-b7e6-8b7f882d1c14/e2797b02-0501-4c31-83ee-872e11462e63_204896838.jpeg?h=225&w=225
305039239,Tesco Health 60 Childrens Multivitamins Strawberry Gummies,https://www.tesco.com/groceries/en-GB/shop/health-and-beauty/all?department=Vitamins%2C%20Minerals%20%26%20Supplements&viewAll=department,£5.25,£0.09/each,Any 3 for 2 Clubcard Price - Cheapest Product Free - Selected Vitamins Or Supplements,,/groceries/en-GB/products/305039239,https://digitalcontent.api.tesco.com/v2/media/ghs/e88202e6-781f-48f8-ba51-0f158f9d367b/c0b06227-4d8c-4261-a348-2872e485ef1a_388836391.jpeg?h=225&w=225
273211177,Tesco Kids Chewable Multivitamins Plus Minerals X 90,https://www.tesco.com/groceries/en-GB/shop/health-and-beauty/all?department=Vitamins%2C%20Minerals%20%26%20Supplements&viewAll=department,£3.50,£0.04/each,Any 3 for 2 Clubcard Price - Cheapest Product Free - Selected Vitamins Or Supplements,,/groceries/en-GB/products/273211177,https://digitalcontent.api.tesco.com/v2/media/ghs/6eee7cce-e452-4966-853f-6be80e53922b/eff1b0ba-1bd5-4c51-92d5-718efda7b66a_243321011.jpeg?h=225&w=225
289446623,Bassetts 12-18 Multi Vitamin Plus Omega 3,https://www.tesco.com/groceries/en-GB/shop/health-and-beauty/all?department=Vitamins%2C%20Minerals%20%26%20Supplements&viewAll=department,£6.25,£0.21/each,Any 3 for 2 Clubcard Price - Cheapest Product Free - Selected Vitamins Or Supplements,,/groceries/en-GB/products/289446623,https://digitalcontent.api.tesco.com/v2/media/ghs/d93cb414-dd70-4aee-84cd-d62e2f12fce6/ec140bb8-60f9-4609-a365-6240b99cd57f_1080770117.jpeg?h=225&w=225
262331587,Wellkid Multivitamins Mixture Fruit Chewable 30S,https://www.tesco.com/groceries/en-GB/shop/health-and-beauty/all?department=Vitamins%2C%20Minerals%20%26%20Supplements&viewAll=department,£6.50,£0.22/each,Any 3 for 2 Clubcard Price - Cheapest Product Free - Selected Vitamins Or Supplements,,/groceries/en-GB/products/262331587,https://digitalcontent.api.tesco.com/v2/media/ghs/29b080df-d91d-4425-a592-ac6a66923d0b/751f7669-e76c-4455-b07a-476057cdf141_1859482099.jpeg?h=225&w=225
305053378,Tesco Health 60 Childrens Multivitamins Orange Gummies,https://www.tesco.com/groceries/en-GB/shop/health-and-beauty/all?department=Vitamins%2C%20Minerals%20%26%20Supplements&viewAll=department,£5.25,£0.09/each,Any 3 for 2 Clubcard Price - Cheapest Product Free - Selected Vitamins Or Supplements,,/groceries/en-GB/products/305053378,https://digitalcontent.api.tesco.com/v2/media/ghs/4e9fc362-5726-45ab-a1c2-bb0b2fcd430a/843f1453-99aa-48c9-899c-f103acec4c59_25771693.jpeg?h=225&w=225
273682943,Haliborange Omega 3 & Multivitamins Softies 30S,https://www.tesco.com/groceries/en-GB/shop/health-and-beauty/all?department=Vitamins%2C%20Minerals%20%26%20Supplements&viewAll=department,£5.80,£0.19/each,Any 3 for 2 Clubcard Price - Cheapest Product Free - Selected Vitamins Or Supplements,,/groceries/en-GB/products/273682943,https://digitalcontent.api.tesco.com/v2/media/ghs/72006fd4-2f49-4d44-a4df-1bcc2c04069e/d4e8f2fe-83d8-4a2f-9c5b-0b7b729f0d5f_1421775997.jpeg?h=225&w=225
266458362,Vitabiotics Ultra D 96 S,https://www.tesco.com/groceries/en-GB/shop/health-and-beauty/all?department=Vitamins%2C%20Minerals%20%26%20Supplements&viewAll=department,£5.00,£0.05/each,Any 3 for 2 Clubcard Price - Cheapest Product Free - Selected Vitamins Or Supplements,,/groceries/en-GB/products/266458362,https://digitalcontent.api.tesco.com/v2/media/ghs/fcde9b6e-ff0f-417e-a7f2-1073c4a4cf67/4385a5ef-c93c-47bd-8d51-a415fdbb1c88_597760879.jpeg?h=225&w=225
255431548,Tesco Omega 3+6+9 X 90,https://www.tesco.com/groceries/en-GB/shop/health-and-beauty/all?department=Vitamins%2C%20Minerals%20%26%20Supplements&viewAll=department,£7.00,£0.08/each,Any 3 for 2 Clubcard Price - Cheapest Product Free - Selected Vitamins Or Supplements,,/groceries/en-GB/products/255431548,https://digitalcontent.api.tesco.com/v2/media/ghs/d40db1bf-df0f-404e-a2b8-1b05253d7ea2/37964e60-26cd-439f-ac6a-1618b7d2f430_1031667783.jpeg?h=225&w=225
289431364,Bassetts Adult Multi Vitamin Raspberry & Pomegranate,https://www.tesco.com/groceries/en-GB/shop/health-and-beauty/all?department=Vitamins%2C%20Minerals%20%26%20Supplements&viewAll=department,£5.80,£0.19/each,Any 3 for 2 Clubcard Price - Cheapest Product Free - Selected Vitamins Or Supplements,,/groceries/en-GB/products/289431364,https://digitalcontent.api.tesco.com/v2/media/ghs/46075177-470f-4214-aa5b-2a83b101b2f6/41ae4fa1-63c0-4e1c-b0f6-40b7c87d75bf_1806095046.jpeg?h=225&w=225
273127467,Tesco Chewable Vitamin C 1000Mg 90'S,https://www.tesco.com/groceries/en-GB/shop/health-and-beauty/all?department=Vitamins%2C%20Minerals%20%26%20Supplements&viewAll=department,£5.75,£0.06/each,Any 3 for 2 Clubcard Price - Cheapest Product Free - Selected Vitamins Or Supplements,,/groceries/en-GB/products/273127467,https://digitalcontent.api.tesco.com/v2/media/ghs/98978edb-97db-4d83-ab70-14fc91653cc6/115d2d3e-0c1a-4002-9def-9f962fceb3f4_647989826.jpeg?h=225&w=225
312224356,Tesco Health 120 High Strength Vitamin D 25G Tablets,https://www.tesco.com/groceries/en-GB/shop/health-and-beauty/all?department=Vitamins%2C%20Minerals%20%26%20Supplements&viewAll=department,£3.90,£0.03/each,Any 3 for 2 Clubcard Price - Cheapest Product Free - Selected Vitamins Or Supplements,,/groceries/en-GB/products/312224356,https://digitalcontent.api.tesco.com/v2/media/ghs/4df79653-2726-4a92-8232-a7c4f60ba947/13a03bd9-7548-47d6-b23a-b75f89cc87d8_696632609.jpeg?h=225&w=225
285513527,Tesco A-Z Multivitamins & Minerals 90S,https://www.tesco.com/groceries/en-GB/shop/health-and-beauty/all?department=Vitamins%2C%20Minerals%20%26%20Supplements&viewAll=department,£4.50,£0.05/each,Any 3 for 2 Clubcard Price - Cheapest Product Free - Selected Vitamins Or Supplements,,/groceries/en-GB/products/285513527,https://digitalcontent.api.tesco.com/v2/media/ghs/4a1bcac6-a831-4095-b14a-d715b68995ea/a19a078c-7500-48fa-ad33-dc3a0b80287c_1437582696.jpeg?h=225&w=225
257005518,Berocca Orange Effervescent Vitamin Energy Tablets 15S,https://www.tesco.com/groceries/en-GB/shop/health-and-beauty/all?department=Vitamins%2C%20Minerals%20%26%20Supplements&viewAll=department,£5.00,£0.33/each,Any 3 for 2 Clubcard Price - Cheapest Product Free - Selected Vitamins Or Supplements,,/groceries/en-GB/products/257005518,https://digitalcontent.api.tesco.com/v2/media/ghs/c4d5ebe2-8204-4d48-bbec-f6f31c707dc9/7ab596d0-c420-420b-84de-3e073945e75f_1959927880.jpeg?h=225&w=225
312092741,Tesco Health 50 Magnesium 375Mg Magnesium Tabs,https://www.tesco.com/groceries/en-GB/shop/health-and-beauty/all?department=Vitamins%2C%20Minerals%20%26%20Supplements&viewAll=department,£3.75,£0.08/each,Any 3 for 2 Clubcard Price - Cheapest Product Free - Selected Vitamins Or Supplements,,/groceries/en-GB/products/312092741,https://digitalcontent.api.tesco.com/v2/media/ghs/49164a93-cb4d-4071-9dc6-e3fd5566188a/fe407a18-67eb-477a-a78f-41753f0717db_979536961.jpeg?h=225&w=225
289431197,Bassetts 7-11 Multi Vitamin Raspberry,https://www.tesco.com/groceries/en-GB/shop/health-and-beauty/all?department=Vitamins%2C%20Minerals%20%26%20Supplements&viewAll=department,£5.25,£0.18/each,Any 3 for 2 Clubcard Price - Cheapest Product Free - Selected Vitamins Or Supplements,,/groceries/en-GB/products/289431197,https://digitalcontent.api.tesco.com/v2/media/ghs/b9d36a2c-8b2e-4562-bbb7-11dee65afe6a/fbebefac-da32-4abd-88d5-5821e0cc190a_115278249.jpeg?h=225&w=225
289431669,Bassetts 7-11 Multi Vitamin Plus Omega 3,https://www.tesco.com/groceries/en-GB/shop/health-and-beauty/all?department=Vitamins%2C%20Minerals%20%26%20Supplements&viewAll=department,£5.80,£0.19/each,Any 3 for 2 Clubcard Price - Cheapest Product Free - Selected Vitamins Or Supplements,,/groceries/en-GB/products/289431669,https://digitalcontent.api.tesco.com/v2/media/ghs/d2c91491-12af-40fc-8c35-7c83bfc63044/b8a924ed-6e31-4925-bbd4-cf4feaa3d367_1463195168.jpeg?h=225&w=225
265749739,Wellkid Baby And Infant 150Ml,https://www.tesco.com/groceries/en-GB/shop/health-and-beauty/all?department=Vitamins%2C%20Minerals%20%26%20Supplements&viewAll=department,£5.00,£3.34/100ml,Any 3 for 2 Clubcard Price - Cheapest Product Free - Selected Vitamins Or Supplements,,/groceries/en-GB/products/265749739,https://digitalcontent.api.tesco.com/v2/media/ghs/6508a8eb-3a08-4dd4-93cd-7abb04164912/600f0aa6-f460-4826-b53e-8abb2e162ad8_2067751267.jpeg?h=225&w=225
276940121,Centrum Women 50+ 30S,https://www.tesco.com/groceries/en-GB/shop/health-and-beauty/all?department=Vitamins%2C%20Minerals%20%26%20Supplements&viewAll=department,£6.80,£0.23/each,Any 3 for 2 Clubcard Price - Cheapest Product Free - Selected Vitamins Or Supplements,,/groceries/en-GB/products/276940121,https://digitalcontent.api.tesco.com/v2/media/ghs/ad4a2cdf-e72d-4867-a4fe-c051d8509bdc/9016c447-f328-4761-8b4a-70cb5f5f15e0_911411013.jpeg?h=225&w=225
257745258,Tesco Cod Liver Oil 1000Mg 90S,https://www.tesco.com/groceries/en-GB/shop/health-and-beauty/all?department=Vitamins%2C%20Minerals%20%26%20Supplements&viewAll=department,£4.50,£0.05/each,Any 3 for 2 Clubcard Price - Cheapest Product Free - Selected Vitamins Or Supplements,,/groceries/en-GB/products/257745258,https://digitalcontent.api.tesco.com/v2/media/ghs/24b2b2b7-9083-4376-a35c-4d64f2b9c200/e2fa3422-6421-4e30-920a-96cd998d40d2_1024296271.jpeg?h=225&w=225
312104907,Tesco Health 120 Vitamin D 12.5G Tablets,https://www.tesco.com/groceries/en-GB/shop/health-and-beauty/all?department=Vitamins%2C%20Minerals%20%26%20Supplements&viewAll=department,£4.00,£0.03/each,Any 3 for 2 Clubcard Price - Cheapest Product Free - Selected Vitamins Or Supplements,,/groceries/en-GB/products/312104907,https://digitalcontent.api.tesco.com/v2/media/ghs/3bc60838-adef-4a20-9a15-6ce07fd11e89/78a21865-ab6d-4b64-96dd-92d1c87e77fb_198185560.jpeg?h=225&w=225
273236303,Tesco Calcium & Vitamin D 90'S,https://www.tesco.com/groceries/en-GB/shop/health-and-beauty/all?department=Vitamins%2C%20Minerals%20%26%20Supplements&viewAll=department,£3.25,£0.04/each,Any 3 for 2 Clubcard Price - Cheapest Product Free - Selected Vitamins Or Supplements,,/groceries/en-GB/products/273236303,https://digitalcontent.api.tesco.com/v2/media/ghs/a88ebecf-22d0-4edc-be64-ded7352387bd/7e59607f-10a1-4f1b-a7f0-cb114bf33783_2029360759.jpeg?h=225&w=225
289431442,Bassetts 3-6 Multi Vitamin Plus Omega 3,https://www.tesco.com/groceries/en-GB/shop/health-and-beauty/all?department=Vitamins%2C%20Minerals%20%26%20Supplements&viewAll=department,£5.00,£0.17/each,Any 3 for 2 Clubcard Price - Cheapest Product Free - Selected Vitamins Or Supplements,,/groceries/en-GB/products/289431442,https://digitalcontent.api.tesco.com/v2/media/ghs/b19f79a1-5fee-4742-97eb-82edde521f9a/9a5cc4c5-412a-400a-8fcc-7c1b78f25d26_1503358234.jpeg?h=225&w=225
289431102,Bassetts 3-6 Multi Vitamin Strawberry,https://www.tesco.com/groceries/en-GB/shop/health-and-beauty/all?department=Vitamins%2C%20Minerals%20%26%20Supplements&viewAll=department,£4.70,£0.16/each,Any 3 for 2 Clubcard Price - Cheapest Product Free - Selected Vitamins Or Supplements,,/groceries/en-GB/products/289431102,https://digitalcontent.api.tesco.com/v2/media/ghs/259cdcb3-c090-405c-86c4-d6708e625a36/0c581e6c-007a-495c-86a1-e60efd3583e8_332471330.jpeg?h=225&w=225
289446502,Bassetts 12-18 Multi Vitamin Plus Evening Primrose Oil,https://www.tesco.com/groceries/en-GB/shop/health-and-beauty/all?department=Vitamins%2C%20Minerals%20%26%20Supplements&viewAll=department,£6.30,£0.21/each,Any 3 for 2 Clubcard Price - Cheapest Product Free - Selected Vitamins Or Supplements,,/groceries/en-GB/products/289446502,https://digitalcontent.api.tesco.com/v2/media/ghs/4a2ca73c-a9ae-4faa-b7e6-8b7f882d1c14/e2797b02-0501-4c31-83ee-872e11462e63_204896838.jpeg?h=225&w=225
305039239,Tesco Health 60 Childrens Multivitamins Strawberry Gummies,https://www.tesco.com/groceries/en-GB/shop/health-and-beauty/all?department=Vitamins%2C%20Minerals%20%26%20Supplements&viewAll=department,£5.25,£0.09/each,Any 3 for 2 Clubcard Price - Cheapest Product Free - Selected Vitamins Or Supplements,,/groceries/en-GB/products/305039239,https://digitalcontent.api.tesco.com/v2/media/ghs/e88202e6-781f-48f8-ba51-0f158f9d367b/c0b06227-4d8c-4261-a348-2872e485ef1a_388836391.jpeg?h=225&w=225
273211177,Tesco Kids Chewable Multivitamins Plus Minerals X 90,https://www.tesco.com/groceries/en-GB/shop/health-and-beauty/all?department=Vitamins%2C%20Minerals%20%26%20Supplements&viewAll=department,£3.50,£0.04/each,Any 3 for 2 Clubcard Price - Cheapest Product Free - Selected Vitamins Or Supplements,,/groceries/en-GB/products/273211177,https://digitalcontent.api.tesco.com/v2/media/ghs/6eee7cce-e452-4966-853f-6be80e53922b/eff1b0ba-1bd5-4c51-92d5-718efda7b66a_243321011.jpeg?h=225&w=225
289446623,Bassetts 12-18 Multi Vitamin Plus Omega 3,https://www.tesco.com/groceries/en-GB/shop/health-and-beauty/all?department=Vitamins%2C%20Minerals%20%26%20Supplements&viewAll=department,£6.25,£0.21/each,Any 3 for 2 Clubcard Price - Cheapest Product Free - Selected Vitamins Or Supplements,,/groceries/en-GB/products/289446623,https://digitalcontent.api.tesco.com/v2/media/ghs/d93cb414-dd70-4aee-84cd-d62e2f12fce6/ec140bb8-60f9-4609-a365-6240b99cd57f_1080770117.jpeg?h=225&w=225
262331587,Wellkid Multivitamins Mixture Fruit Chewable 30S,https://www.tesco.com/groceries/en-GB/shop/health-and-beauty/all?department=Vitamins%2C%20Minerals%20%26%20Supplements&viewAll=department,£6.50,£0.22/each,Any 3 for 2 Clubcard Price - Cheapest Product Free - Selected Vitamins Or Supplements,,/groceries/en-GB/products/262331587,https://digitalcontent.api.tesco.com/v2/media/ghs/29b080df-d91d-4425-a592-ac6a66923d0b/751f7669-e76c-4455-b07a-476057cdf141_1859482099.jpeg?h=225&w=225
305053378,Tesco Health 60 Childrens Multivitamins Orange Gummies,https://www.tesco.com/groceries/en-GB/shop/health-and-beauty/all?department=Vitamins%2C%20Minerals%20%26%20Supplements&viewAll=department,£5.25,£0.09/each,Any 3 for 2 Clubcard Price - Cheapest Product Free - Selected Vitamins Or Supplements,,/groceries/en-GB/products/305053378,https://digitalcontent.api.tesco.com/v2/media/ghs/4e9fc362-5726-45ab-a1c2-bb0b2fcd430a/843f1453-99aa-48c9-899c-f103acec4c59_25771693.jpeg?h=225&w=225
273682943,Haliborange Omega 3 & Multivitamins Softies 30S,https://www.tesco.com/groceries/en-GB/shop/health-and-beauty/all?department=Vitamins%2C%20Minerals%20%26%20Supplements&viewAll=department,£5.80,£0.19/each,Any 3 for 2 Clubcard Price - Cheapest Product Free - Selected Vitamins Or Supplements,,/groceries/en-GB/products/273682943,https://digitalcontent.api.tesco.com/v2/media/ghs/72006fd4-2f49-4d44-a4df-1bcc2c04069e/d4e8f2fe-83d8-4a2f-9c5b-0b7b729f0d5f_1421775997.jpeg?h=225&w=225
266458362,Vitabiotics Ultra D 96 S,https://www.tesco.com/groceries/en-GB/shop/health-and-beauty/all?department=Vitamins%2C%20Minerals%20%26%20Supplements&viewAll=department,£5.00,£0.05/each,Any 3 for 2 Clubcard Price - Cheapest Product Free - Selected Vitamins Or Supplements,,/groceries/en-GB/products/266458362,https://digitalcontent.api.tesco.com/v2/media/ghs/fcde9b6e-ff0f-417e-a7f2-1073c4a4cf67/4385a5ef-c93c-47bd-8d51-a415fdbb1c88_597760879.jpeg?h=225&w=225
255431548,Tesco Omega 3+6+9 X 90,https://www.tesco.com/groceries/en-GB/shop/health-and-beauty/all?department=Vitamins%2C%20Minerals%20%26%20Supplements&viewAll=department,£7.00,£0.08/each,Any 3 for 2 Clubcard Price - Cheapest Product Free - Selected Vitamins Or Supplements,,/groceries/en-GB/products/255431548,https://digitalcontent.api.tesco.com/v2/media/ghs/d40db1bf-df0f-404e-a2b8-1b05253d7ea2/37964e60-26cd-439f-ac6a-1618b7d2f430_1031667783.jpeg?h=225&w=225
289431364,Bassetts Adult Multi Vitamin Raspberry & Pomegranate,https://www.tesco.com/groceries/en-GB/shop/health-and-beauty/all?department=Vitamins%2C%20Minerals%20%26%20Supplements&viewAll=department,£5.80,£0.19/each,Any 3 for 2 Clubcard Price - Cheapest Product Free - Selected Vitamins Or Supplements,,/groceries/en-GB/products/289431364,https://digitalcontent.api.tesco.com/v2/media/ghs/46075177-470f-4214-aa5b-2a83b101b2f6/41ae4fa1-63c0-4e1c-b0f6-40b7c87d75bf_1806095046.jpeg?h=225&w=225
273127467,Tesco Chewable Vitamin C 1000Mg 90'S,https://www.tesco.com/groceries/en-GB/shop/health-and-beauty/all?department=Vitamins%2C%20Minerals%20%26%20Supplements&viewAll=department,£5.75,£0.06/each,Any 3 for 2 Clubcard Price - Cheapest Product Free - Selected Vitamins Or Supplements,,/groceries/en-GB/products/273127467,https://digitalcontent.api.tesco.com/v2/media/ghs/98978edb-97db-4d83-ab70-14fc91653cc6/115d2d3e-0c1a-4002-9def-9f962fceb3f4_647989826.jpeg?h=225&w=225
312224356,Tesco Health 120 High Strength Vitamin D 25G Tablets,https://www.tesco.com/groceries/en-GB/shop/health-and-beauty/all?department=Vitamins%2C%20Minerals%20%26%20Supplements&viewAll=department,£3.90,£0.03/each,Any 3 for 2 Clubcard Price - Cheapest Product Free - Selected Vitamins Or Supplements,,/groceries/en-GB/products/312224356,https://digitalcontent.api.tesco.com/v2/media/ghs/4df79653-2726-4a92-8232-a7c4f60ba947/13a03bd9-7548-47d6-b23a-b75f89cc87d8_696632609.jpeg?h=225&w=225
285513527,Tesco A-Z Multivitamins & Minerals 90S,https://www.tesco.com/groceries/en-GB/shop/health-and-beauty/all?department=Vitamins%2C%20Minerals%20%26%20Supplements&viewAll=department,£4.50,£0.05/each,Any 3 for 2 Clubcard Price - Cheapest Product Free - Selected Vitamins Or Supplements,,/groceries/en-GB/products/285513527,https://digitalcontent.api.tesco.com/v2/media/ghs/4a1bcac6-a831-4095-b14a-d715b68995ea/a19a078c-7500-48fa-ad33-dc3a0b80287c_1437582696.jpeg?h=225&w=225
257005518,Berocca Orange Effervescent Vitamin Energy Tablets 15S,https://www.tesco.com/groceries/en-GB/shop/health-and-beauty/all?department=Vitamins%2C%20Minerals%20%26%20Supplements&viewAll=department,£5.00,£0.33/each,Any 3 for 2 Clubcard Price - Cheapest Product Free - Selected Vitamins Or Supplements,,/groceries/en-GB/products/257005518,https://digitalcontent.api.tesco.com/v2/media/ghs/c4d5ebe2-8204-4d48-bbec-f6f31c707dc9/7ab596d0-c420-420b-84de-3e073945e75f_1959927880.jpeg?h=225&w=225
312092741,Tesco Health 50 Magnesium 375Mg Magnesium Tabs,https://www.tesco.com/groceries/en-GB/shop/health-and-beauty/all?department=Vitamins%2C%20Minerals%20%26%20Supplements&viewAll=department,£3.75,£0.08/each,Any 3 for 2 Clubcard Price - Cheapest Product Free - Selected Vitamins Or Supplements,,/groceries/en-GB/products/312092741,https://digitalcontent.api.tesco.com/v2/media/ghs/49164a93-cb4d-4071-9dc6-e3fd5566188a/fe407a18-67eb-477a-a78f-41753f0717db_979536961.jpeg?h=225&w=225
289431197,Bassetts 7-11 Multi Vitamin Raspberry,https://www.tesco.com/groceries/en-GB/shop/health-and-beauty/all?department=Vitamins%2C%20Minerals%20%26%20Supplements&viewAll=department,£5.25,£0.18/each,Any 3 for 2 Clubcard Price - Cheapest Product Free - Selected Vitamins Or Supplements,,/groceries/en-GB/products/289431197,https://digitalcontent.api.tesco.com/v2/media/ghs/b9d36a2c-8b2e-4562-bbb7-11dee65afe6a/fbebefac-da32-4abd-88d5-5821e0cc190a_115278249.jpeg?h=225&w=225
289431669,Bassetts 7-11 Multi Vitamin Plus Omega 3,https://www.tesco.com/groceries/en-GB/shop/health-and-beauty/all?department=Vitamins%2C%20Minerals%20%26%20Supplements&viewAll=department,£5.80,£0.19/each,Any 3 for 2 Clubcard Price - Cheapest Product Free - Selected Vitamins Or Supplements,,/groceries/en-GB/products/289431669,https://digitalcontent.api.tesco.com/v2/media/ghs/d2c91491-12af-40fc-8c35-7c83bfc63044/b8a924ed-6e31-4925-bbd4-cf4feaa3d367_1463195168.jpeg?h=225&w=225
265749739,Wellkid Baby And Infant 150Ml,https://www.tesco.com/groceries/en-GB/shop/health-and-beauty/all?department=Vitamins%2C%20Minerals%20%26%20Supplements&viewAll=department,£5.00,£3.34/100ml,Any 3 for 2 Clubcard Price - Cheapest Product Free - Selected Vitamins Or Supplements,,/groceries/en-GB/products/265749739,https://digitalcontent.api.tesco.com/v2/media/ghs/6508a8eb-3a08-4dd4-93cd-7abb04164912/600f0aa6-f460-4826-b53e-8abb2e162ad8_2067751267.jpeg?h=225&w=225
276940121,Centrum Women 50+ 30S,https://www.tesco.com/groceries/en-GB/shop/health-and-beauty/all?department=Vitamins%2C%20Minerals%20%26%20Supplements&viewAll=department,£6.80,£0.23/each,Any 3 for 2 Clubcard Price - Cheapest Product Free - Selected Vitamins Or Supplements,,/groceries/en-GB/products/276940121,https://digitalcontent.api.tesco.com/v2/media/ghs/ad4a2cdf-e72d-4867-a4fe-c051d8509bdc/9016c447-f328-4761-8b4a-70cb5f5f15e0_911411013.jpeg?h=225&w=225
257745258,Tesco Cod Liver Oil 1000Mg 90S,https://www.tesco.com/groceries/en-GB/shop/health-and-beauty/all?department=Vitamins%2C%20Minerals%20%26%20Supplements&viewAll=department,£4.50,£0.05/each,Any 3 for 2 Clubcard Price - Cheapest Product Free - Selected Vitamins Or Supplements,,/groceries/en-GB/products/257745258,https://digitalcontent.api.tesco.com/v2/media/ghs/24b2b2b7-9083-4376-a35c-4d64f2b9c200/e2fa3422-6421-4e30-920a-96cd998d40d2_1024296271.jpeg?h=225&w=225
312104907,Tesco Health 120 Vitamin D 12.5G Tablets,https://www.tesco.com/groceries/en-GB/shop/health-and-beauty/all?department=Vitamins%2C%20Minerals%20%26%20Supplements&viewAll=department,£4.00,£0.03/each,Any 3 for 2 Clubcard Price - Cheapest Product Free - Selected Vitamins Or Supplements,,/groceries/en-GB/products/312104907,https://digitalcontent.api.tesco.com/v2/media/ghs/3bc60838-adef-4a20-9a15-6ce07fd11e89/78a21865-ab6d-4b64-96dd-92d1c87e77fb_198185560.jpeg?h=225&w=225
273236303,Tesco Calcium & Vitamin D 90'S,https://www.tesco.com/groceries/en-GB/shop/health-and-beauty/all?department=Vitamins%2C%20Minerals%20%26%20Supplements&viewAll=department,£3.25,£0.04/each,Any 3 for 2 Clubcard Price - Cheapest Product Free - Selected Vitamins Or Supplements,,/groceries/en-GB/products/273236303,https://digitalcontent.api.tesco.com/v2/media/ghs/a88ebecf-22d0-4edc-be64-ded7352387bd/7e59607f-10a1-4f1b-a7f0-cb114bf33783_2029360759.jpeg?h=225&w=225
289431442,Bassetts 3-6 Multi Vitamin Plus Omega 3,https://www.tesco.com/groceries/en-GB/shop/health-and-beauty/all?department=Vitamins%2C%20Minerals%20%26%20Supplements&viewAll=department,£5.00,£0.17/each,Any 3 for 2 Clubcard Price - Cheapest Product Free - Selected Vitamins Or Supplements,,/groceries/en-GB/products/289431442,https://digitalcontent.api.tesco.com/v2/media/ghs/b19f79a1-5fee-4742-97eb-82edde521f9a/9a5cc4c5-412a-400a-8fcc-7c1b78f25d26_1503358234.jpeg?h=225&w=225
289431102,Bassetts 3-6 Multi Vitamin Strawberry,https://www.tesco.com/groceries/en-GB/shop/health-and-beauty/all?department=Vitamins%2C%20Minerals%20%26%20Supplements&viewAll=department,£4.70,£0.16/each,Any 3 for 2 Clubcard Price - Cheapest Product Free - Selected Vitamins Or Supplements,,/groceries/en-GB/products/289431102,https://digitalcontent.api.tesco.com/v2/media/ghs/259cdcb3-c090-405c-86c4-d6708e625a36/0c581e6c-007a-495c-86a1-e60efd3583e8_332471330.jpeg?h=225&w=225
289446502,Bassetts 12-18 Multi Vitamin Plus Evening Primrose Oil,https://www.tesco.com/groceries/en-GB/shop/health-and-beauty/all?department=Vitamins%2C%20Minerals%20%26%20Supplements&viewAll=department,£6.30,£0.21/each,Any 3 for 2 Clubcard Price - Cheapest Product Free - Selected Vitamins Or Supplements,,/groceries/en-GB/products/289446502,https://digitalcontent.api.tesco.com/v2/media/ghs/4a2ca73c-a9ae-4faa-b7e6-8b7f882d1c14/e2797b02-0501-4c31-83ee-872e11462e63_204896838.jpeg?h=225&w=225
305039239,Tesco Health 60 Childrens Multivitamins Strawberry Gummies,https://www.tesco.com/groceries/en-GB/shop/health-and-beauty/all?department=Vitamins%2C%20Minerals%20%26%20Supplements&viewAll=department,£5.25,£0.09/each,Any 3 for 2 Clubcard Price - Cheapest Product Free - Selected Vitamins Or Supplements,,/groceries/en-GB/products/305039239,https://digitalcontent.api.tesco.com/v2/media/ghs/e88202e6-781f-48f8-ba51-0f158f9d367b/c0b06227-4d8c-4261-a348-2872e485ef1a_388836391.jpeg?h=225&w=225
273211177,Tesco Kids Chewable Multivitamins Plus Minerals X 90,https://www.tesco.com/groceries/en-GB/shop/health-and-beauty/all?department=Vitamins%2C%20Minerals%20%26%20Supplements&viewAll=department,£3.50,£0.04/each,Any 3 for 2 Clubcard Price - Cheapest Product Free - Selected Vitamins Or Supplements,,/groceries/en-GB/products/273211177,https://digitalcontent.api.tesco.com/v2/media/ghs/6eee7cce-e452-4966-853f-6be80e53922b/eff1b0ba-1bd5-4c51-92d5-718efda7b66a_243321011.jpeg?h=225&w=225
289446623,Bassetts 12-18 Multi Vitamin Plus Omega 3,https://www.tesco.com/groceries/en-GB/shop/health-and-beauty/all?department=Vitamins%2C%20Minerals%20%26%20Supplements&viewAll=department,£6.25,£0.21/each,Any 3 for 2 Clubcard Price - Cheapest Product Free - Selected Vitamins Or Supplements,,/groceries/en-GB/products/289446623,https://digitalcontent.api.tesco.com/v2/media/ghs/d93cb414-dd70-4aee-84cd-d62e2f12fce6/ec140bb8-60f9-4609-a365-6240b99cd57f_1080770117.jpeg?h=225&w=225
262331587,Wellkid Multivitamins Mixture Fruit Chewable 30S,https://www.tesco.com/groceries/en-GB/shop/health-and-beauty/all?department=Vitamins%2C%20Minerals%20%26%20Supplements&viewAll=department,£6.50,£0.22/each,Any 3 for 2 Clubcard Price - Cheapest Product Free - Selected Vitamins Or Supplements,,/groceries/en-GB/products/262331587,https://digitalcontent.api.tesco.com/v2/media/ghs/29b080df-d91d-4425-a592-ac6a66923d0b/751f7669-e76c-4455-b07a-476057cdf141_1859482099.jpeg?h=225&w=225
305053378,Tesco Health 60 Childrens Multivitamins Orange Gummies,https://www.tesco.com/groceries/en-GB/shop/health-and-beauty/all?department=Vitamins%2C%20Minerals%20%26%20Supplements&viewAll=department,£5.25,£0.09/each,Any 3 for 2 Clubcard Price - Cheapest Product Free - Selected Vitamins Or Supplements,,/groceries/en-GB/products/305053378,https://digitalcontent.api.tesco.com/v2/media/ghs/4e9fc362-5726-45ab-a1c2-bb0b2fcd430a/843f1453-99aa-48c9-899c-f103acec4c59_25771693.jpeg?h=225&w=225
273682943,Haliborange Omega 3 & Multivitamins Softies 30S,https://www.tesco.com/groceries/en-GB/shop/health-and-beauty/all?department=Vitamins%2C%20Minerals%20%26%20Supplements&viewAll=department,£5.80,£0.19/each,Any 3 for 2 Clubcard Price - Cheapest Product Free - Selected Vitamins Or Supplements,,/groceries/en-GB/products/273682943,https://digitalcontent.api.tesco.com/v2/media/ghs/72006fd4-2f49-4d44-a4df-1bcc2c04069e/d4e8f2fe-83d8-4a2f-9c5b-0b7b729f0d5f_1421775997.jpeg?h=225&w=225
266458362,Vitabiotics Ultra D 96 S,https://www.tesco.com/groceries/en-GB/shop/health-and-beauty/all?department=Vitamins%2C%20Minerals%20%26%20Supplements&viewAll=department,£5.00,£0.05/each,Any 3 for 2 Clubcard Price - Cheapest Product Free - Selected Vitamins Or Supplements,,/groceries/en-GB/products/266458362,https://digitalcontent.api.tesco.com/v2/media/ghs/fcde9b6e-ff0f-417e-a7f2-1073c4a4cf67/4385a5ef-c93c-47bd-8d51-a415fdbb1c88_597760879.jpeg?h=225&w=225
255431548,Tesco Omega 3+6+9 X 90,https://www.tesco.com/groceries/en-GB/shop/health-and-beauty/all?department=Vitamins%2C%20Minerals%20%26%20Supplements&viewAll=department,£7.00,£0.08/each,Any 3 for 2 Clubcard Price - Cheapest Product Free - Selected Vitamins Or Supplements,,/groceries/en-GB/products/255431548,https://digitalcontent.api.tesco.com/v2/media/ghs/d40db1bf-df0f-404e-a2b8-1b05253d7ea2/37964e60-26cd-439f-ac6a-1618b7d2f430_1031667783.jpeg?h=225&w=225
289431364,Bassetts Adult Multi Vitamin Raspberry & Pomegranate,https://www.tesco.com/groceries/en-GB/shop/health-and-beauty/all?department=Vitamins%2C%20Minerals%20%26%20Supplements&viewAll=department,£5.80,£0.19/each,Any 3 for 2 Clubcard Price - Cheapest Product Free - Selected Vitamins Or Supplements,,/groceries/en-GB/products/289431364,https://digitalcontent.api.tesco.com/v2/media/ghs/46075177-470f-4214-aa5b-2a83b101b2f6/41ae4fa1-63c0-4e1c-b0f6-40b7c87d75bf_1806095046.jpeg?h=225&w=225
273127467,Tesco Chewable Vitamin C 1000Mg 90'S,https://www.tesco.com/groceries/en-GB/shop/health-and-beauty/all?department=Vitamins%2C%20Minerals%20%26%20Supplements&viewAll=department,£5.75,£0.06/each,Any 3 for 2 Clubcard Price - Cheapest Product Free - Selected Vitamins Or Supplements,,/groceries/en-GB/products/273127467,https://digitalcontent.api.tesco.com/v2/media/ghs/98978edb-97db-4d83-ab70-14fc91653cc6/115d2d3e-0c1a-4002-9def-9f962fceb3f4_647989826.jpeg?h=225&w=225
312224356,Tesco Health 120 High Strength Vitamin D 25G Tablets,https://www.tesco.com/groceries/en-GB/shop/health-and-beauty/all?department=Vitamins%2C%20Minerals%20%26%20Supplements&viewAll=department,£3.90,£0.03/each,Any 3 for 2 Clubcard Price - Cheapest Product Free - Selected Vitamins Or Supplements,,/groceries/en-GB/products/312224356,https://digitalcontent.api.tesco.com/v2/media/ghs/4df79653-2726-4a92-8232-a7c4f60ba947/13a03bd9-7548-47d6-b23a-b75f89cc87d8_696632609.jpeg?h=225&w=225
285513527,Tesco A-Z Multivitamins & Minerals 90S,https://www.tesco.com/groceries/en-GB/shop/health-and-beauty/all?department=Vitamins%2C%20Minerals%20%26%20Supplements&viewAll=department,£4.50,£0.05/each,Any 3 for 2 Clubcard Price - Cheapest Product Free - Selected Vitamins Or Supplements,,/groceries/en-GB/products/285513527,https://digitalcontent.api.tesco.com/v2/media/ghs/4a1bcac6-a831-4095-b14a-d715b68995ea/a19a078c-7500-48fa-ad33-dc3a0b80287c_1437582696.jpeg?h=225&w=225
257005518,Berocca Orange Effervescent Vitamin Energy Tablets 15S,https://www.tesco.com/groceries/en-GB/shop/health-and-beauty/all?department=Vitamins%2C%20Minerals%20%26%20Supplements&viewAll=department,£5.00,£0.33/each,Any 3 for 2 Clubcard Price - Cheapest Product Free - Selected Vitamins Or Supplements,,/groceries/en-GB/products/257005518,https://digitalcontent.api.tesco.com/v2/media/ghs/c4d5ebe2-8204-4d48-bbec-f6f31c707dc9/7ab596d0-c420-420b-84de-3e073945e75f_1959927880.jpeg?h=225&w=225
312092741,Tesco Health 50 Magnesium 375Mg Magnesium Tabs,https://www.tesco.com/groceries/en-GB/shop/health-and-beauty/all?department=Vitamins%2C%20Minerals%20%26%20Supplements&viewAll=department,£3.75,£0.08/each,Any 3 for 2 Clubcard Price - Cheapest Product Free - Selected Vitamins Or Supplements,,/groceries/en-GB/products/312092741,https://digitalcontent.api.tesco.com/v2/media/ghs/49164a93-cb4d-4071-9dc6-e3fd5566188a/fe407a18-67eb-477a-a78f-41753f0717db_979536961.jpeg?h=225&w=225
289431197,Bassetts 7-11 Multi Vitamin Raspberry,https://www.tesco.com/groceries/en-GB/shop/health-and-beauty/all?department=Vitamins%2C%20Minerals%20%26%20Supplements&viewAll=department,£5.25,£0.18/each,Any 3 for 2 Clubcard Price - Cheapest Product Free - Selected Vitamins Or Supplements,,/groceries/en-GB/products/289431197,https://digitalcontent.api.tesco.com/v2/media/ghs/b9d36a2c-8b2e-4562-bbb7-11dee65afe6a/fbebefac-da32-4abd-88d5-5821e0cc190a_115278249.jpeg?h=225&w=225
289431669,Bassetts 7-11 Multi Vitamin Plus Omega 3,https://www.tesco.com/groceries/en-GB/shop/health-and-beauty/all?department=Vitamins%2C%20Minerals%20%26%20Supplements&viewAll=department,£5.80,£0.19/each,Any 3 for 2 Clubcard Price - Cheapest Product Free - Selected Vitamins Or Supplements,,/groceries/en-GB/products/289431669,https://digitalcontent.api.tesco.com/v2/media/ghs/d2c91491-12af-40fc-8c35-7c83bfc63044/b8a924ed-6e31-4925-bbd4-cf4feaa3d367_1463195168.jpeg?h=225&w=225
265749739,Wellkid Baby And Infant 150Ml,https://www.tesco.com/groceries/en-GB/shop/health-and-beauty/all?department=Vitamins%2C%20Minerals%20%26%20Supplements&viewAll=department,£5.00,£3.34/100ml,Any 3 for 2 Clubcard Price - Cheapest Product Free - Selected Vitamins Or Supplements,,/groceries/en-GB/products/265749739,https://digitalcontent.api.tesco.com/v2/media/ghs/6508a8eb-3a08-4dd4-93cd-7abb04164912/600f0aa6-f460-4826-b53e-8abb2e162ad8_2067751267.jpeg?h=225&w=225
276940121,Centrum Women 50+ 30S,https://www.tesco.com/groceries/en-GB/shop/health-and-beauty/all?department=Vitamins%2C%20Minerals%20%26%20Supplements&viewAll=department,£6.80,£0.23/each,Any 3 for 2 Clubcard Price - Cheapest Product Free - Selected Vitamins Or Supplements,,/groceries/en-GB/products/276940121,https://digitalcontent.api.tesco.com/v2/media/ghs/ad4a2cdf-e72d-4867-a4fe-c051d8509bdc/9016c447-f328-4761-8b4a-70cb5f5f15e0_911411013.jpeg?h=225&w=225
257745258,Tesco Cod Liver Oil 1000Mg 90S,https://www.tesco.com/groceries/en-GB/shop/health-and-beauty/all?department=Vitamins%2C%20Minerals%20%26%20Supplements&viewAll=department,£4.50,£0.05/each,Any 3 for 2 Clubcard Price - Cheapest Product Free - Selected Vitamins Or Supplements,,/groceries/en-GB/products/257745258,https://digitalcontent.api.tesco.com/v2/media/ghs/24b2b2b7-9083-4376-a35c-4d64f2b9c200/e2fa3422-6421-4e30-920a-96cd998d40d2_1024296271.jpeg?h=225&w=225
312104907,Tesco Health 120 Vitamin D 12.5G Tablets,https://www.tesco.com/groceries/en-GB/shop/health-and-beauty/all?department=Vitamins%2C%20Minerals%20%26%20Supplements&viewAll=department,£4.00,£0.03/each,Any 3 for 2 Clubcard Price - Cheapest Product Free - Selected Vitamins Or Supplements,,/groceries/en-GB/products/312104907,https://digitalcontent.api.tesco.com/v2/media/ghs/3bc60838-adef-4a20-9a15-6ce07fd11e89/78a21865-ab6d-4b64-96dd-92d1c87e77fb_198185560.jpeg?h=225&w=225
273236303,Tesco Calcium & Vitamin D 90'S,https://www.tesco.com/groceries/en-GB/shop/health-and-beauty/all?department=Vitamins%2C%20Minerals%20%26%20Supplements&viewAll=department,£3.25,£0.04/each,Any 3 for 2 Clubcard Price - Cheapest Product Free - Selected Vitamins Or Supplements,,/groceries/en-GB/products/273236303,https://digitalcontent.api.tesco.com/v2/media/ghs/a88ebecf-22d0-4edc-be64-ded7352387bd/7e59607f-10a1-4f1b-a7f0-cb114bf33783_2029360759.jpeg?h=225&w=225
289431442,Bassetts 3-6 Multi Vitamin Plus Omega 3,https://www.tesco.com/groceries/en-GB/shop/health-and-beauty/all?department=Vitamins%2C%20Minerals%20%26%20Supplements&viewAll=department,£5.00,£0.17/each,Any 3 for 2 Clubcard Price - Cheapest Product Free - Selected Vitamins Or Supplements,,/groceries/en-GB/products/289431442,https://digitalcontent.api.tesco.com/v2/media/ghs/b19f79a1-5fee-4742-97eb-82edde521f9a/9a5cc4c5-412a-400a-8fcc-7c1b78f25d26_1503358234.jpeg?h=225&w=225
289431102,Bassetts 3-6 Multi Vitamin Strawberry,https://www.tesco.com/groceries/en-GB/shop/health-and-beauty/all?department=Vitamins%2C%20Minerals%20%26%20Supplements&viewAll=department,£4.70,£0.16/each,Any 3 for 2 Clubcard Price - Cheapest Product Free - Selected Vitamins Or Supplements,,/groceries/en-GB/products/289431102,https://digitalcontent.api.tesco.com/v2/media/ghs/259cdcb3-c090-405c-86c4-d6708e625a36/0c581e6c-007a-495c-86a1-e60efd3583e8_332471330.jpeg?h=225&w=225
289446502,Bassetts 12-18 Multi Vitamin Plus Evening Primrose Oil,https://www.tesco.com/groceries/en-GB/shop/health-and-beauty/all?department=Vitamins%2C%20Minerals%20%26%20Supplements&viewAll=department,£6.30,£0.21/each,Any 3 for 2 Clubcard Price - Cheapest Product Free - Selected Vitamins Or Supplements,,/groceries/en-GB/products/289446502,https://digitalcontent.api.tesco.com/v2/media/ghs/4a2ca73c-a9ae-4faa-b7e6-8b7f882d1c14/e2797b02-0501-4c31-83ee-872e11462e63_204896838.jpeg?h=225&w=225
305039239,Tesco Health 60 Childrens Multivitamins Strawberry Gummies,https://www.tesco.com/groceries/en-GB/shop/health-and-beauty/all?department=Vitamins%2C%20Minerals%20%26%20Supplements&viewAll=department,£5.25,£0.09/each,Any 3 for 2 Clubcard Price - Cheapest Product Free - Selected Vitamins Or Supplements,,/groceries/en-GB/products/305039239,https://digitalcontent.api.tesco.com/v2/media/ghs/e88202e6-781f-48f8-ba51-0f158f9d367b/c0b06227-4d8c-4261-a348-2872e485ef1a_388836391.jpeg?h=225&w=225
273211177,Tesco Kids Chewable Multivitamins Plus Minerals X 90,https://www.tesco.com/groceries/en-GB/shop/health-and-beauty/all?department=Vitamins%2C%20Minerals%20%26%20Supplements&viewAll=department,£3.50,£0.04/each,Any 3 for 2 Clubcard Price - Cheapest Product Free - Selected Vitamins Or Supplements,,/groceries/en-GB/products/273211177,https://digitalcontent.api.tesco.com/v2/media/ghs/6eee7cce-e452-4966-853f-6be80e53922b/eff1b0ba-1bd5-4c51-92d5-718efda7b66a_243321011.jpeg?h=225&w=225
289446623,Bassetts 12-18 Multi Vitamin Plus Omega 3,https://www.tesco.com/groceries/en-GB/shop/health-and-beauty/all?department=Vitamins%2C%20Minerals%20%26%20Supplements&viewAll=department,£6.25,£0.21/each,Any 3 for 2 Clubcard Price - Cheapest Product Free - Selected Vitamins Or Supplements,,/groceries/en-GB/products/289446623,https://digitalcontent.api.tesco.com/v2/media/ghs/d93cb414-dd70-4aee-84cd-d62e2f12fce6/ec140bb8-60f9-4609-a365-6240b99cd57f_1080770117.jpeg?h=225&w=225
262331587,Wellkid Multivitamins Mixture Fruit Chewable 30S,https://www.tesco.com/groceries/en-GB/shop/health-and-beauty/all?department=Vitamins%2C%20Minerals%20%26%20Supplements&viewAll=department,£6.50,£0.22/each,Any 3 for 2 Clubcard Price - Cheapest Product Free - Selected Vitamins Or Supplements,,/groceries/en-GB/products/262331587,https://digitalcontent.api.tesco.com/v2/media/ghs/29b080df-d91d-4425-a592-ac6a66923d0b/751f7669-e76c-4455-b07a-476057cdf141_1859482099.jpeg?h=225&w=225
305053378,Tesco Health 60 Childrens Multivitamins Orange Gummies,https://www.tesco.com/groceries/en-GB/shop/health-and-beauty/all?department=Vitamins%2C%20Minerals%20%26%20Supplements&viewAll=department,£5.25,£0.09/each,Any 3 for 2 Clubcard Price - Cheapest Product Free - Selected Vitamins Or Supplements,,/groceries/en-GB/products/305053378,https://digitalcontent.api.tesco.com/v2/media/ghs/4e9fc362-5726-45ab-a1c2-bb0b2fcd430a/843f1453-99aa-48c9-899c-f103acec4c59_25771693.jpeg?h=225&w=225
273682943,Haliborange Omega 3 & Multivitamins Softies 30S,https://www.tesco.com/groceries/en-GB/shop/health-and-beauty/all?department=Vitamins%2C%20Minerals%20%26%20Supplements&viewAll=department,£5.80,£0.19/each,Any 3 for 2 Clubcard Price - Cheapest Product Free - Selected Vitamins Or Supplements,,/groceries/en-GB/products/273682943,https://digitalcontent.api.tesco.com/v2/media/ghs/72006fd4-2f49-4d44-a4df-1bcc2c04069e/d4e8f2fe-83d8-4a2f-9c5b-0b7b729f0d5f_1421775997.jpeg?h=225&w=225
266458362,Vitabiotics Ultra D 96 S,https://www.tesco.com/groceries/en-GB/shop/health-and-beauty/all?department=Vitamins%2C%20Minerals%20%26%20Supplements&viewAll=department,£5.00,£0.05/each,Any 3 for 2 Clubcard Price - Cheapest Product Free - Selected Vitamins Or Supplements,,/groceries/en-GB/products/266458362,https://digitalcontent.api.tesco.com/v2/media/ghs/fcde9b6e-ff0f-417e-a7f2-1073c4a4cf67/4385a5ef-c93c-47bd-8d51-a415fdbb1c88_597760879.jpeg?h=225&w=225
255431548,Tesco Omega 3+6+9 X 90,https://www.tesco.com/groceries/en-GB/shop/health-and-beauty/all?department=Vitamins%2C%20Minerals%20%26%20Supplements&viewAll=department,£7.00,£0.08/each,Any 3 for 2 Clubcard Price - Cheapest Product Free - Selected Vitamins Or Supplements,,/groceries/en-GB/products/255431548,https://digitalcontent.api.tesco.com/v2/media/ghs/d40db1bf-df0f-404e-a2b8-1b05253d7ea2/37964e60-26cd-439f-ac6a-1618b7d2f430_1031667783.jpeg?h=225&w=225
289431364,Bassetts Adult Multi Vitamin Raspberry & Pomegranate,https://www.tesco.com/groceries/en-GB/shop/health-and-beauty/all?department=Vitamins%2C%20Minerals%20%26%20Supplements&viewAll=department,£5.80,£0.19/each,Any 3 for 2 Clubcard Price - Cheapest Product Free - Selected Vitamins Or Supplements,,/groceries/en-GB/products/289431364,https://digitalcontent.api.tesco.com/v2/media/ghs/46075177-470f-4214-aa5b-2a83b101b2f6/41ae4fa1-63c0-4e1c-b0f6-40b7c87d75bf_1806095046.jpeg?h=225&w=225
273127467,Tesco Chewable Vitamin C 1000Mg 90'S,https://www.tesco.com/groceries/en-GB/shop/health-and-beauty/all?department=Vitamins%2C%20Minerals%20%26%20Supplements&viewAll=department,£5.75,£0.06/each,Any 3 for 2 Clubcard Price - Cheapest Product Free - Selected Vitamins Or Supplements,,/groceries/en-GB/products/273127467,https://digitalcontent.api.tesco.com/v2/media/ghs/98978edb-97db-4d83-ab70-14fc91653cc6/115d2d3e-0c1a-4002-9def-9f962fceb3f4_647989826.jpeg?h=225&w=225
312224356,Tesco Health 120 High Strength Vitamin D 25G Tablets,https://www.tesco.com/groceries/en-GB/shop/health-and-beauty/all?department=Vitamins%2C%20Minerals%20%26%20Supplements&viewAll=department,£3.90,£0.03/each,Any 3 for 2 Clubcard Price - Cheapest Product Free - Selected Vitamins Or Supplements,,/groceries/en-GB/products/312224356,https://digitalcontent.api.tesco.com/v2/media/ghs/4df79653-2726-4a92-8232-a7c4f60ba947/13a03bd9-7548-47d6-b23a-b75f89cc87d8_696632609.jpeg?h=225&w=225
285513527,Tesco A-Z Multivitamins & Minerals 90S,https://www.tesco.com/groceries/en-GB/shop/health-and-beauty/all?department=Vitamins%2C%20Minerals%20%26%20Supplements&viewAll=department,£4.50,£0.05/each,Any 3 for 2 Clubcard Price - Cheapest Product Free - Selected Vitamins Or Supplements,,/groceries/en-GB/products/285513527,https://digitalcontent.api.tesco.com/v2/media/ghs/4a1bcac6-a831-4095-b14a-d715b68995ea/a19a078c-7500-48fa-ad33-dc3a0b80287c_1437582696.jpeg?h=225&w=225
257005518,Berocca Orange Effervescent Vitamin Energy Tablets 15S,https://www.tesco.com/groceries/en-GB/shop/health-and-beauty/all?department=Vitamins%2C%20Minerals%20%26%20Supplements&viewAll=department,£5.00,£0.33/each,Any 3 for 2 Clubcard Price - Cheapest Product Free - Selected Vitamins Or Supplements,,/groceries/en-GB/products/257005518,https://digitalcontent.api.tesco.com/v2/media/ghs/c4d5ebe2-8204-4d48-bbec-f6f31c707dc9/7ab596d0-c420-420b-84de-3e073945e75f_1959927880.jpeg?h=225&w=225
312092741,Tesco Health 50 Magnesium 375Mg Magnesium Tabs,https://www.tesco.com/groceries/en-GB/shop/health-and-beauty/all?department=Vitamins%2C%20Minerals%20%26%20Supplements&viewAll=department,£3.75,£0.08/each,Any 3 for 2 Clubcard Price - Cheapest Product Free - Selected Vitamins Or Supplements,,/groceries/en-GB/products/312092741,https://digitalcontent.api.tesco.com/v2/media/ghs/49164a93-cb4d-4071-9dc6-e3fd5566188a/fe407a18-67eb-477a-a78f-41753f0717db_979536961.jpeg?h=225&w=225
289431197,Bassetts 7-11 Multi Vitamin Raspberry,https://www.tesco.com/groceries/en-GB/shop/health-and-beauty/all?department=Vitamins%2C%20Minerals%20%26%20Supplements&viewAll=department,£5.25,£0.18/each,Any 3 for 2 Clubcard Price - Cheapest Product Free - Selected Vitamins Or Supplements,,/groceries/en-GB/products/289431197,https://digitalcontent.api.tesco.com/v2/media/ghs/b9d36a2c-8b2e-4562-bbb7-11dee65afe6a/fbebefac-da32-4abd-88d5-5821e0cc190a_115278249.jpeg?h=225&w=225
289431669,Bassetts 7-11 Multi Vitamin Plus Omega 3,https://www.tesco.com/groceries/en-GB/shop/health-and-beauty/all?department=Vitamins%2C%20Minerals%20%26%20Supplements&viewAll=department,£5.80,£0.19/each,Any 3 for 2 Clubcard Price - Cheapest Product Free - Selected Vitamins Or Supplements,,/groceries/en-GB/products/289431669,https://digitalcontent.api.tesco.com/v2/media/ghs/d2c91491-12af-40fc-8c35-7c83bfc63044/b8a924ed-6e31-4925-bbd4-cf4feaa3d367_1463195168.jpeg?h=225&w=225
265749739,Wellkid Baby And Infant 150Ml,https://www.tesco.com/groceries/en-GB/shop/health-and-beauty/all?department=Vitamins%2C%20Minerals%20%26%20Supplements&viewAll=department,£5.00,£3.34/100ml,Any 3 for 2 Clubcard Price - Cheapest Product Free - Selected Vitamins Or Supplements,,/groceries/en-GB/products/265749739,https://digitalcontent.api.tesco.com/v2/media/ghs/6508a8eb-3a08-4dd4-93cd-7abb04164912/600f0aa6-f460-4826-b53e-8abb2e162ad8_2067751267.jpeg?h=225&w=225
276940121,Centrum Women 50+ 30S,https://www.tesco.com/groceries/en-GB/shop/health-and-beauty/all?department=Vitamins%2C%20Minerals%20%26%20Supplements&viewAll=department,£6.80,£0.23/each,Any 3 for 2 Clubcard Price - Cheapest Product Free - Selected Vitamins Or Supplements,,/groceries/en-GB/products/276940121,https://digitalcontent.api.tesco.com/v2/media/ghs/ad4a2cdf-e72d-4867-a4fe-c051d8509bdc/9016c447-f328-4761-8b4a-70cb5f5f15e0_911411013.jpeg?h=225&w=225
257745258,Tesco Cod Liver Oil 1000Mg 90S,https://www.tesco.com/groceries/en-GB/shop/health-and-beauty/all?department=Vitamins%2C%20Minerals%20%26%20Supplements&viewAll=department,£4.50,£0.05/each,Any 3 for 2 Clubcard Price - Cheapest Product Free - Selected Vitamins Or Supplements,,/groceries/en-GB/products/257745258,https://digitalcontent.api.tesco.com/v2/media/ghs/24b2b2b7-9083-4376-a35c-4d64f2b9c200/e2fa3422-6421-4e30-920a-96cd998d40d2_1024296271.jpeg?h=225&w=225
312104907,Tesco Health 120 Vitamin D 12.5G Tablets,https://www.tesco.com/groceries/en-GB/shop/health-and-beauty/all?department=Vitamins%2C%20Minerals%20%26%20Supplements&viewAll=department,£4.00,£0.03/each,Any 3 for 2 Clubcard Price - Cheapest Product Free - Selected Vitamins Or Supplements,,/groceries/en-GB/products/312104907,https://digitalcontent.api.tesco.com/v2/media/ghs/3bc60838-adef-4a20-9a15-6ce07fd11e89/78a21865-ab6d-4b64-96dd-92d1c87e77fb_198185560.jpeg?h=225&w=225
273236303,Tesco Calcium & Vitamin D 90'S,https://www.tesco.com/groceries/en-GB/shop/health-and-beauty/all?department=Vitamins%2C%20Minerals%20%26%20Supplements&viewAll=department,£3.25,£0.04/each,Any 3 for 2 Clubcard Price - Cheapest Product Free - Selected Vitamins Or Supplements,,/groceries/en-GB/products/273236303,https://digitalcontent.api.tesco.com/v2/media/ghs/a88ebecf-22d0-4edc-be64-ded7352387bd/7e59607f-10a1-4f1b-a7f0-cb114bf33783_2029360759.jpeg?h=225&w=225
289431442,Bassetts 3-6 Multi Vitamin Plus Omega 3,https://www.tesco.com/groceries/en-GB/shop/health-and-beauty/all?department=Vitamins%2C%20Minerals%20%26%20Supplements&viewAll=department,£5.00,£0.17/each,Any 3 for 2 Clubcard Price - Cheapest Product Free - Selected Vitamins Or Supplements,,/groceries/en-GB/products/289431442,https://digitalcontent.api.tesco.com/v2/media/ghs/b19f79a1-5fee-4742-97eb-82edde521f9a/9a5cc4c5-412a-400a-8fcc-7c1b78f25d26_1503358234.jpeg?h=225&w=225
289431102,Bassetts 3-6 Multi Vitamin Strawberry,https://www.tesco.com/groceries/en-GB/shop/health-and-beauty/all?department=Vitamins%2C%20Minerals%20%26%20Supplements&viewAll=department,£4.70,£0.16/each,Any 3 for 2 Clubcard Price - Cheapest Product Free - Selected Vitamins Or Supplements,,/groceries/en-GB/products/289431102,https://digitalcontent.api.tesco.com/v2/media/ghs/259cdcb3-c090-405c-86c4-d6708e625a36/0c581e6c-007a-495c-86a1-e60efd3583e8_332471330.jpeg?h=225&w=225
289446502,Bassetts 12-18 Multi Vitamin Plus Evening Primrose Oil,https://www.tesco.com/groceries/en-GB/shop/health-and-beauty/all?department=Vitamins%2C%20Minerals%20%26%20Supplements&viewAll=department,£6.30,£0.21/each,Any 3 for 2 Clubcard Price - Cheapest Product Free - Selected Vitamins Or Supplements,,/groceries/en-GB/products/289446502,https://digitalcontent.api.tesco.com/v2/media/ghs/4a2ca73c-a9ae-4faa-b7e6-8b7f882d1c14/e2797b02-0501-4c31-83ee-872e11462e63_204896838.jpeg?h=225&w=225
305039239,Tesco Health 60 Childrens Multivitamins Strawberry Gummies,https://www.tesco.com/groceries/en-GB/shop/health-and-beauty/all?department=Vitamins%2C%20Minerals%20%26%20Supplements&viewAll=department,£5.25,£0.09/each,Any 3 for 2 Clubcard Price - Cheapest Product Free - Selected Vitamins Or Supplements,,/groceries/en-GB/products/305039239,https://digitalcontent.api.tesco.com/v2/media/ghs/e88202e6-781f-48f8-ba51-0f158f9d367b/c0b06227-4d8c-4261-a348-2872e485ef1a_388836391.jpeg?h=225&w=225
273211177,Tesco Kids Chewable Multivitamins Plus Minerals X 90,https://www.tesco.com/groceries/en-GB/shop/health-and-beauty/all?department=Vitamins%2C%20Minerals%20%26%20Supplements&viewAll=department,£3.50,£0.04/each,Any 3 for 2 Clubcard Price - Cheapest Product Free - Selected Vitamins Or Supplements,,/groceries/en-GB/products/273211177,https://digitalcontent.api.tesco.com/v2/media/ghs/6eee7cce-e452-4966-853f-6be80e53922b/eff1b0ba-1bd5-4c51-92d5-718efda7b66a_243321011.jpeg?h=225&w=225
289446623,Bassetts 12-18 Multi Vitamin Plus Omega 3,https://www.tesco.com/groceries/en-GB/shop/health-and-beauty/all?department=Vitamins%2C%20Minerals%20%26%20Supplements&viewAll=department,£6.25,£0.21/each,Any 3 for 2 Clubcard Price - Cheapest Product Free - Selected Vitamins Or Supplements,,/groceries/en-GB/products/289446623,https://digitalcontent.api.tesco.com/v2/media/ghs/d93cb414-dd70-4aee-84cd-d62e2f12fce6/ec140bb8-60f9-4609-a365-6240b99cd57f_1080770117.jpeg?h=225&w=225
262331587,Wellkid Multivitamins Mixture Fruit Chewable 30S,https://www.tesco.com/groceries/en-GB/shop/health-and-beauty/all?department=Vitamins%2C%20Minerals%20%26%20Supplements&viewAll=department,£6.50,£0.22/each,Any 3 for 2 Clubcard Price - Cheapest Product Free - Selected Vitamins Or Supplements,,/groceries/en-GB/products/262331587,https://digitalcontent.api.tesco.com/v2/media/ghs/29b080df-d91d-4425-a592-ac6a66923d0b/751f7669-e76c-4455-b07a-476057cdf141_1859482099.jpeg?h=225&w=225
305053378,Tesco Health 60 Childrens Multivitamins Orange Gummies,https://www.tesco.com/groceries/en-GB/shop/health-and-beauty/all?department=Vitamins%2C%20Minerals%20%26%20Supplements&viewAll=department,£5.25,£0.09/each,Any 3 for 2 Clubcard Price - Cheapest Product Free - Selected Vitamins Or Supplements,,/groceries/en-GB/products/305053378,https://digitalcontent.api.tesco.com/v2/media/ghs/4e9fc362-5726-45ab-a1c2-bb0b2fcd430a/843f1453-99aa-48c9-899c-f103acec4c59_25771693.jpeg?h=225&w=225
295253963,Gaviscon Double Action Mint 48 Tablets,https://www.tesco.com/groceries/en-GB/shop/health-and-beauty/all?department=Medicine&viewAll=department&page=,£9.00,£0.19/each,,,/groceries/en-GB/products/295253963,https://digitalcontent.api.tesco.com/v2/media/ghs/93e498f4-d034-4da1-8173-c5a45cd99dfb/b56a1360-1b89-4688-8c71-9fbbc8150bc8_1066394237.jpeg?h=225&w=225
251483642,Panadol Extra Soluble Tablets 24S,https://www.tesco.com/groceries/en-GB/shop/health-and-beauty/all?department=Medicine&viewAll=department&page=,£5.25,£0.22/each,,,/groceries/en-GB/products/251483642,https://digitalcontent.api.tesco.com/v2/media/ghs/5beab51b-3e7a-48e6-9f54-32b758f1e732/a935fbd3-f70f-4f9c-8910-e5455fd005d0_552484769.jpeg?h=225&w=225
253026467,Tesco Heartburn And Indigestion Liquid Aniseed 500Ml,https://www.tesco.com/groceries/en-GB/shop/health-and-beauty/all?department=Medicine&viewAll=department&page=,£6.00,£1.20/100ml,,,/groceries/en-GB/products/253026467,https://digitalcontent.api.tesco.com/v2/media/ghs/b4a9d293-6204-4925-983e-86249c8d10e0/8052ace6-9203-4682-9ab7-d795045eed27_839098603.jpeg?h=225&w=225
260943367,Rennie Peppermint Indigestion Tablets 72S,https://www.tesco.com/groceries/en-GB/shop/health-and-beauty/all?department=Medicine&viewAll=department&page=,£5.45,£0.08/each,,,/groceries/en-GB/products/260943367,https://digitalcontent.api.tesco.com/v2/media/ghs/54f1a3fe-6942-41af-8080-0ce0aad9eb1d/0dfa2132-dfb7-4f31-b2e7-d2ec449b52ec_2026912354.jpeg?h=225&w=225
295253928,Gaviscon Double Action Mint 24 Tablets,https://www.tesco.com/groceries/en-GB/shop/health-and-beauty/all?department=Medicine&viewAll=department&page=,£5.50,£0.23/each,,,/groceries/en-GB/products/295253928,https://digitalcontent.api.tesco.com/v2/media/ghs/e31cdcf3-10ff-48e7-831c-cc501a45b5a7/19f561e1-16a9-44f3-a95f-532516a8fe14_1810479119.jpeg?h=225&w=225
282027376,Tesco Hayfever & Allergy 30 Tablets,https://www.tesco.com/groceries/en-GB/shop/health-and-beauty/all?department=Medicine&viewAll=department&page=,£2.90,£0.10/each,,,/groceries/en-GB/products/282027376,https://digitalcontent.api.tesco.com/v2/media/ghs/49263ff8-e109-47b8-98e1-a68e97ce9612/a78290cd-5024-43ce-9639-408f8498d9cd_1026890346.jpeg?h=225&w=225
262487327,Nurofen Express Ibuprofen 200Mg Liquid Capsules 16S,https://www.tesco.com/groceries/en-GB/shop/health-and-beauty/all?department=Medicine&viewAll=department&page=,£4.00,£0.25/each,,,/groceries/en-GB/products/262487327,https://digitalcontent.api.tesco.com/v2/media/ghs/7e519eef-fe47-4cfa-884c-07fa4c61bc2f/d0b1dd30-a019-45de-b902-f42e24eb6ba1_21566286.jpeg?h=225&w=225
267397702,Sudafed Block Nose Spray 15Ml,https://www.tesco.com/groceries/en-GB/shop/health-and-beauty/all?department=Medicine&viewAll=department&page=,£4.05,£27.00/100ml,£3.60 Clubcard Price,,/groceries/en-GB/products/267397702,https://digitalcontent.api.tesco.com/v2/media/ghs/9508ff35-5f47-4657-b636-5bb3746779b2/d5a166dc-c48e-4f26-bfd1-256d306f06fc_1508247161.jpeg?h=225&w=225
256930060,Lemsip Cold & Flu 10'S Max Strength,https://www.tesco.com/groceries/en-GB/shop/health-and-beauty/all?department=Medicine&viewAll=department&page=,£4.75,£0.48/each,£4.00 Clubcard Price,,/groceries/en-GB/products/256930060,https://digitalcontent.api.tesco.com/v2/media/ghs/62c78591-0fef-4573-8534-81748c91662d/de21e4a9-087c-4a57-a733-e7f146e40607_2100282770.jpeg?h=225&w=225
258606349,Tesco Maximum Strength Cold And Flu 16S,https://www.tesco.com/groceries/en-GB/shop/health-and-beauty/all?department=Medicine&viewAll=department&page=,£2.15,£0.14/each,,,/groceries/en-GB/products/258606349,https://digitalcontent.api.tesco.com/v2/media/ghs/4347f682-53d0-4fac-9c73-0777ec1b8e4a/93f8016f-9577-4fd8-9a8b-751c00af117d_1501787013.jpeg?h=225&w=225
268408027,Panadol Extra Advance Tablets 14S,https://www.tesco.com/groceries/en-GB/shop/health-and-beauty/all?department=Medicine&viewAll=department&page=,£2.90,£0.21/each,£2.00 Clubcard Price,,/groceries/en-GB/products/268408027,https://digitalcontent.api.tesco.com/v2/media/ghs/1f592a99-94e3-4305-866c-afa3e780c774/efc2b43b-0173-4e61-8245-408e85f73a51_1521183690.jpeg?h=225&w=225
256725735,Calpol Infant Sugar Free 100Ml,https://www.tesco.com/groceries/en-GB/shop/health-and-beauty/all?department=Medicine&viewAll=department&page=,£3.30,£3.30/100ml,,,/groceries/en-GB/products/256725735,https://digitalcontent.api.tesco.com/v2/media/ghs/8727da78-1130-4e90-b26d-7019251f434d/dcce8121-0790-48e0-8163-e9f7490e0792_530587795.jpeg?h=225&w=225
305942432,Kleenex Allergy Comfort Tissues 56 Sheets X 2,https://www.tesco.com/groceries/en-GB/shop/health-and-beauty/all?department=Medicine&viewAll=department&page=,£4.00,£3.58/100sht,,,/groceries/en-GB/products/305942432,https://digitalcontent.api.tesco.com/v2/media/ghs/db77493f-1f1d-4a66-bdbc-b8cb798bdd09/eb3fc68b-56dd-4fec-b513-0bbcb23379c8_279997412.jpeg?h=225&w=225
305729759,Senokot Max Strength Adult 10 Tablets,https://www.tesco.com/groceries/en-GB/shop/health-and-beauty/all?department=Medicine&viewAll=department&page=,£3.00,£0.30/each,,,/groceries/en-GB/products/305729759,https://digitalcontent.api.tesco.com/v2/media/ghs/39988c15-4d66-4d09-b75e-966f8a51175d/d34bec09-9fbc-4cf9-a4f5-92e7a2b9219f_2015852313.jpeg?h=225&w=225
259454098,Calpol 6+ Sugar Free 80Ml,https://www.tesco.com/groceries/en-GB/shop/health-and-beauty/all?department=Medicine&viewAll=department&page=,£3.30,£4.13/100ml,,,/groceries/en-GB/products/259454098,https://digitalcontent.api.tesco.com/v2/media/ghs/165f53e8-c1fa-4ee7-9672-54565f5ee380/1203f2bc-a237-449c-8e6a-dbdd8e11c556_1689333865.jpeg?h=225&w=225
253300488,Imodium Instants 6 Pack,https://www.tesco.com/groceries/en-GB/shop/health-and-beauty/all?department=Medicine&viewAll=department&page=,£3.35,£0.56/each,£3.00 Clubcard Price,,/groceries/en-GB/products/253300488,https://digitalcontent.api.tesco.com/v2/media/ghs/704ab0ba-e516-41b0-82ea-9f763b1cd5fa/0764f29c-a322-4795-ba83-ae723043f4ef.jpeg?h=225&w=225
261266435,Tesco Migraine Relief 342Mg 12S,https://www.tesco.com/groceries/en-GB/shop/health-and-beauty/all?department=Medicine&viewAll=department&page=,£2.35,£0.20/each,,,/groceries/en-GB/products/261266435,https://digitalcontent.api.tesco.com/v2/media/ghs/d22b8b06-f819-4758-8565-f1d2b41f149e/56d88c00-75c7-49a4-8a7f-cebfecbfddc6_1928325272.jpeg?h=225&w=225
271367168,Tesco Luxury Soft Balm Regular Tissues 80S,https://www.tesco.com/groceries/en-GB/shop/health-and-beauty/all?department=Medicine&viewAll=department&page=,£1.55,£1.94/100sht,,,/groceries/en-GB/products/271367168,https://digitalcontent.api.tesco.com/v2/media/ghs/20bfa7a4-de0d-4f1c-9f74-85d09777cb72/b300ffb9-ff14-48ea-9ac9-93429c563a6d_1433773158.jpeg?h=225&w=225
301979435,Kleenex Balsam Twin Pack Tissues 64S,https://www.tesco.com/groceries/en-GB/shop/health-and-beauty/all?department=Medicine&viewAll=department&page=,£3.50,£2.74/100sht,,,/groceries/en-GB/products/301979435,https://digitalcontent.api.tesco.com/v2/media/ghs/9ed7edd0-8b0e-4637-9ad2-f610cd7e9960/4269c993-4d40-4db9-9b15-fc1bb119d9e0_970112601.jpeg?h=225&w=225
304392352,Loritax Diarrhoea Relief 2Mg Capsules X6,https://www.tesco.com/groceries/en-GB/shop/health-and-beauty/all?department=Medicine&viewAll=department&page=,£1.15,£0.19/each,,,/groceries/en-GB/products/304392352,https://digitalcontent.api.tesco.com/v2/media/ghs/c009199f-c391-4bbd-ab88-7ec376aaac94/4cb0364e-af04-49ad-a1c8-b62fb1fa5e48_1394611078.jpeg?h=225&w=225
257095683,Tesco 24'S Paracetamol Effervescent 500Mg,https://www.tesco.com/groceries/en-GB/shop/health-and-beauty/all?department=Medicine&viewAll=department&page=,£3.50,£0.15/each,,,/groceries/en-GB/products/257095683,https://digitalcontent.api.tesco.com/v2/media/ghs/19bd2c36-fc43-45d2-9ddb-9a49c4f45425/47e5376f-5607-4290-8f42-624271e3c8e4_1008986735.jpeg?h=225&w=225
265827136,Tesco Rapid Pain Relief Ibuprofen 12S.,https://www.tesco.com/groceries/en-GB/shop/health-and-beauty/all?department=Medicine&viewAll=department&page=,£2.15,£0.18/each,,,/groceries/en-GB/products/265827136,https://digitalcontent.api.tesco.com/v2/media/ghs/e5ca5501-c098-4460-a87d-ab5318f9a0da/2b561695-ace5-4ce3-a3f8-4b77862d45e8_1508111521.jpeg?h=225&w=225
257976954,Tesco Antacid Peppermint Flavour 48S,https://www.tesco.com/groceries/en-GB/shop/health-and-beauty/all?department=Medicine&viewAll=department&page=,£2.40,£0.05/each,,,/groceries/en-GB/products/257976954,https://digitalcontent.api.tesco.com/v2/media/ghs/70273746-1539-42da-9d83-6590af493acf/55785a7f-2f0f-4085-91da-364300618ea8_1144749791.jpeg?h=225&w=225
256637874,Solpadeine Soluble 16S,https://www.tesco.com/groceries/en-GB/shop/health-and-beauty/all?department=Medicine&viewAll=department&page=,£2.25,£0.14/each,,,/groceries/en-GB/products/256637874,https://digitalcontent.api.tesco.com/v2/media/ghs/ab2f0a4c-eb39-4389-9c36-fd5454b7ed3b/6457553c-c06b-4426-9c83-d0051cf4f5f5_1031024085.jpeg?h=225&w=225
282027318,Tesco Allergy & Hayfever Cetirizine 14S,https://www.tesco.com/groceries/en-GB/shop/health-and-beauty/all?department=Medicine&viewAll=department&page=,£1.95,£0.14/each,,,/groceries/en-GB/products/282027318,https://digitalcontent.api.tesco.com/v2/media/ghs/a06f6230-1c32-4583-b078-8302a9dca9dc/b3969365-8b19-435c-a3bb-cb32f8f03f8d_200501228.jpeg?h=225&w=225
265630384,Tesco Hayfever/Allergy Relief 14S,https://www.tesco.com/groceries/en-GB/shop/health-and-beauty/all?department=Medicine&viewAll=department&page=,£1.95,£0.14/each,,,/groceries/en-GB/products/265630384,https://digitalcontent.api.tesco.com/v2/media/ghs/cddeca9b-e873-4212-bc6c-6b292dd60fd4/f8760f88-5dcd-49a4-b0e0-7e0ceaa24c94_1578340579.jpeg?h=225&w=225
260294057,Tesco Children's Paracetamol 2 Month Plus 100Ml,https://www.tesco.com/groceries/en-GB/shop/health-and-beauty/all?department=Medicine&viewAll=department&page=,£2.10,£2.10/100ml,,,/groceries/en-GB/products/260294057,https://digitalcontent.api.tesco.com/v2/media/ghs/e84d3075-ef58-466a-9bb8-828f2001a67c/324f4efa-f4b3-45d9-99d5-3204d955f7b6_1984085623.jpeg?h=225&w=225
261750334,Nurofen For Children Strawberry 100Ml,https://www.tesco.com/groceries/en-GB/shop/health-and-beauty/all?department=Medicine&viewAll=department&page=,£2.99,£2.99/100ml,,,/groceries/en-GB/products/261750334,https://digitalcontent.api.tesco.com/v2/media/ghs/915b38c4-f02a-4908-99e0-251b1af09d36/b7184056-55f7-4c8b-92e8-465cfb117b58_1878689430.jpeg?h=225&w=225
257865826,Nurofen Ibuprofen 200Mg Caplets 16 Pack,https://www.tesco.com/groceries/en-GB/shop/health-and-beauty/all?department=Medicine&viewAll=department&page=,£1.90,£0.12/each,,,/groceries/en-GB/products/257865826,https://digitalcontent.api.tesco.com/v2/media/ghs/0c80e43d-73a3-4ab0-85d0-be642fe0a528/5c37c1cd-93e2-4469-8d1b-0b8610f76bd6_827540432.jpeg?h=225&w=225
256445087,Anadin Extra Caplets 16S,https://www.tesco.com/groceries/en-GB/shop/health-and-beauty/all?department=Medicine&viewAll=department&page=,£2.20,£0.14/each,,,/groceries/en-GB/products/256445087,https://digitalcontent.api.tesco.com/v2/media/ghs/e6dff049-394b-4f37-a648-81002ef74af2/6151f922-1d07-4ae8-8956-58b5407c58bf_1318520177.jpeg?h=225&w=225
256352409,Nurofen Ibuprofen 200Mg Tablets 16 Pack,https://www.tesco.com/groceries/en-GB/shop/health-and-beauty/all?department=Medicine&viewAll=department&page=,£1.90,£0.12/each,,,/groceries/en-GB/products/256352409,https://digitalcontent.api.tesco.com/v2/media/ghs/fec0eec0-8635-4930-b4f8-c8be802fdd02/fd398161-3b81-405f-9cd0-158c8a36794f_1806109765.jpeg?h=225&w=225
285767284,Kleenex Balsam Pocket Tissues 8 Pack 9S,https://www.tesco.com/groceries/en-GB/shop/health-and-beauty/all?department=Medicine&viewAll=department&page=,£2.00,£2.78/100sht,,,/groceries/en-GB/products/285767284,https://digitalcontent.api.tesco.com/v2/media/ghs/6963834e-bfcb-4081-8af7-8b0aee96377b/2ace3782-2cef-4070-bca4-ae4f59840362_1346413962.jpeg?h=225&w=225
312360620,Jakemans Throat & Chest Soothing Lozenges 160G,https://www.tesco.com/groceries/en-GB/shop/health-and-beauty/all?department=Medicine&viewAll=department&page=,£1.60,£0.01/each,,,/groceries/en-GB/products/312360620,https://digitalcontent.api.tesco.com/v2/media/ghs/28c58ce1-1949-483a-8e93-8990cfc6c6d0/064d26bb-fead-4a33-bfa2-495981dbe5a1_1945716949.jpeg?h=225&w=225
256428816,Germolene Antiseptic Cream 55G,https://www.tesco.com/groceries/en-GB/shop/health-and-beauty/all?department=Medicine&viewAll=department&page=,£2.00,£3.64/100g,,,/groceries/en-GB/products/256428816,https://digitalcontent.api.tesco.com/v2/media/ghs/b7c7226a-7356-4412-8cd5-9223d9927227/12178a96-c82c-4f55-b44a-8497d2bad83b_243181336.jpeg?h=225&w=225
312109637,Jakemans Honey & Lemon Soothing Lozenges 160G,https://www.tesco.com/groceries/en-GB/shop/health-and-beauty/all?department=Medicine&viewAll=department&page=,£1.60,£1.00/100g,,,/groceries/en-GB/products/312109637,https://digitalcontent.api.tesco.com/v2/media/ghs/fd76a75d-034a-4bc7-b30b-f6069841bc64/f3299776-8ae4-4ffe-888b-84bb45f32277_1813992271.jpeg?h=225&w=225
255488642,Tesco Paracetamol Extra 16'S,https://www.tesco.com/groceries/en-GB/shop/health-and-beauty/all?department=Medicine&viewAll=department&page=,£0.85,£0.05/each,,,/groceries/en-GB/products/255488642,https://digitalcontent.api.tesco.com/v2/media/ghs/eb0358d4-ef44-4d48-b3de-12441f3e89ce/e59c392e-78a8-4760-9d2b-1d7b64fc2ae2_633912401.jpeg?h=225&w=225
259738393,Halls Sugar Free Mentholyptus Cherry 32G,https://www.tesco.com/groceries/en-GB/shop/health-and-beauty/all?department=Medicine&viewAll=department&page=,£0.75,£2.35/100g,,,/groceries/en-GB/products/259738393,https://digitalcontent.api.tesco.com/v2/media/ghs/ac2fe003-e2dd-4e8f-8c1c-813a53147990/b306d00d-6ec1-476a-b7f9-bb90e7ee9994_1520080179.jpeg?h=225&w=225
256706499,Tesco Medium Assorted Fabric Plasters 40'S,https://www.tesco.com/groceries/en-GB/shop/health-and-beauty/all?department=Medicine&viewAll=department&page=,£1.25,£0.03/each,,,/groceries/en-GB/products/256706499,https://digitalcontent.api.tesco.com/v2/media/ghs/a94fb593-4963-44e5-813f-75333237f3e4/c7b69411-1c2e-4336-aef9-3ce5eb1d5586_599265379.jpeg?h=225&w=225
256678709,Halls Mentho-Lyptus Extra Strong 9'S,https://www.tesco.com/groceries/en-GB/shop/health-and-beauty/all?department=Medicine&viewAll=department&page=,£0.75,£2.24/100g,,,/groceries/en-GB/products/256678709,https://digitalcontent.api.tesco.com/v2/media/ghs/b6e4904b-c307-4053-b0f2-c7dbaf49b41f/05079f65-3117-4d30-a80c-907a1922b73c_1505838426.jpeg?h=225&w=225
309759015,Andrex Pure Care Washlets Toilet Tissue 36 Sheets,https://www.tesco.com/groceries/en-GB/shop/health-and-beauty/all?department=Medicine&viewAll=department&page=,£1.75,£4.87/100sht,£1.00 Clubcard Price,,/groceries/en-GB/products/309759015,https://digitalcontent.api.tesco.com/v2/media/ghs/973235f9-440a-46b2-ac00-27b8f337b7aa/2ae334e4-1a2e-4baa-be88-ddf11dcb14e8_1070036876.jpeg?h=225&w=225
259538693,Panadol Advance Tablets 16S,https://www.tesco.com/groceries/en-GB/shop/health-and-beauty/all?department=Medicine&viewAll=department&page=,£1.35,£0.08/each,,,/groceries/en-GB/products/259538693,https://digitalcontent.api.tesco.com/v2/media/ghs/59f41518-e8fb-468a-b03c-59ef565bf82b/b296c8e0-2d86-41c2-a594-1a68ea16062b_216198598.jpeg?h=225&w=225
257620362,Halls Soothers Blackcurrant 45G,https://www.tesco.com/groceries/en-GB/shop/health-and-beauty/all?department=Medicine&viewAll=department&page=,£0.75,£1.67/100g,,,/groceries/en-GB/products/257620362,https://digitalcontent.api.tesco.com/v2/media/ghs/7ccc90cf-8b15-41bc-895c-e826da65d02e/88d2135f-3572-4d58-ab1c-b1dba564c1a3_41627836.jpeg?h=225&w=225
255124647,Tesco Aspirin 300Mg 16 Tablet,https://www.tesco.com/groceries/en-GB/shop/health-and-beauty/all?department=Medicine&viewAll=department&page=,£0.55,£0.04/each,,,/groceries/en-GB/products/255124647,https://digitalcontent.api.tesco.com/v2/media/ghs/b48346ad-a96d-4b99-b970-c9a54e14c505/df881a2f-d9e3-4565-9e6d-edb1ecf81390_160425279.jpeg?h=225&w=225
289500522,Halls Soothers Honey & Lemon 45G,https://www.tesco.com/groceries/en-GB/shop/health-and-beauty/all?department=Medicine&viewAll=department&page=,£0.75,£1.67/100g,,,/groceries/en-GB/products/289500522,https://digitalcontent.api.tesco.com/v2/media/ghs/3c61ced6-a5ae-4a78-a5b1-f1c95f44bf75/d545059b-589e-4c80-83aa-667b674c6498_484662709.jpeg?h=225&w=225
255488740,Tesco Paracetamol 500Mg 16 Capsules,https://www.tesco.com/groceries/en-GB/shop/health-and-beauty/all?department=Medicine&viewAll=department&page=,,,,,/groceries/en-GB/products/255488740,https://digitalcontent.api.tesco.com/v2/media/ghs/5cfff0d7-965d-4c00-b0fc-c4aeac0fc72a/dc32b74c-fdae-4a4b-bae4-75919911b44d_1511913563.jpeg?h=225&w=225
254434587,Tesco Ibuprofen 200Mg 16 Tablets,https://www.tesco.com/groceries/en-GB/shop/health-and-beauty/all?department=Medicine&viewAll=department&page=,£0.39,£0.02/each,Aldi Price Match,,/groceries/en-GB/products/254434587,https://digitalcontent.api.tesco.com/v2/media/ghs/8c60a5f0-b6bf-4599-99d6-850170505d8f/1b4b8e99-958d-4107-a7ce-71b387f55083_1855096132.jpeg?h=225&w=225
257107498,Tesco Paracetamol Tablets 500Mg 16 Pack,https://www.tesco.com/groceries/en-GB/shop/health-and-beauty/all?department=Medicine&viewAll=department&page=,£0.29,£0.02/each,Aldi Price Match,,/groceries/en-GB/products/257107498,https://digitalcontent.api.tesco.com/v2/media/ghs/d57cbc6f-6b8b-4e52-b774-ee0b60543c32/76b0837a-be52-40a4-b51e-8514f692a7c8_255714314.jpeg?h=225&w=225
301401060,Voltarol 2.32% Joint Pain Relief Gel 50G,https://www.tesco.com/groceries/en-GB/shop/health-and-beauty/all?department=Medicine&viewAll=department&page=,£10.00,£20.00/100g,,,/groceries/en-GB/products/301401060,
306952089,Calpol Vapour Plug Refills 10 Pads,https://www.tesco.com/groceries/en-GB/shop/health-and-beauty/all?department=Medicine&viewAll=department&page=,£10.50,£1.05/each,£9.45 Clubcard Price,,/groceries/en-GB/products/306952089,https://digitalcontent.api.tesco.com/v2/media/ghs/ef5995cd-4e63-4777-bf84-1bd4668a32c1/7f1631dd-c05b-453b-84e2-59ac9e69fb17_1458352379.jpeg?h=225&w=225
261785293,Strepsils Honey And Lemon 36S,https://www.tesco.com/groceries/en-GB/shop/health-and-beauty/all?department=Medicine&viewAll=department&page=,£5.50,£0.15/each,,,/groceries/en-GB/products/261785293,https://digitalcontent.api.tesco.com/v2/media/ghs/5ae0c92d-9326-4928-b14e-64fd999c965a/b976ed88-aa9e-4e17-b433-35991ae5249f_1188691589.jpeg?h=225&w=225
286266691,Tesco Hayfever Cetirizine 30S Tablets,https://www.tesco.com/groceries/en-GB/shop/health-and-beauty/all?department=Medicine&viewAll=department&page=,£2.90,£0.10/each,,,/groceries/en-GB/products/286266691,https://digitalcontent.api.tesco.com/v2/media/ghs/1d56cff9-a9e9-4446-a6a7-3dce75efe2fe/7881a382-e293-4806-98ec-172dbeb9dd34_1432439481.jpeg?h=225&w=225
265974103,Otrivine Adult Sinusitis Spray 10Ml,https://www.tesco.com/groceries/en-GB/shop/health-and-beauty/all?department=Medicine&viewAll=department&page=,£4.25,£42.50/100ml,,,/groceries/en-GB/products/265974103,https://digitalcontent.api.tesco.com/v2/media/ghs/eea1eaba-39d3-4f7a-afb8-17a139dcc77e/2b57a7bf-fcf7-407e-a436-91171b2f3c25_1888803089.jpeg?h=225&w=225
267401382,Otrivine Blocked Nose Relief Nasal Spray 10Ml,https://www.tesco.com/groceries/en-GB/shop/health-and-beauty/all?department=Medicine&viewAll=department&page=,£4.50,£45.00/100ml,£3.50 Clubcard Price,,/groceries/en-GB/products/267401382,https://digitalcontent.api.tesco.com/v2/media/ghs/cfecf98f-7f89-4051-9754-eca26abed4d9/0286ae42-f8de-4885-8ca4-c32daa50aad0_1538518902.jpeg?h=225&w=225
267398344,Sudafed Sinus Max Strength Capsules 16S,https://www.tesco.com/groceries/en-GB/shop/health-and-beauty/all?department=Medicine&viewAll=department&page=,£4.00,£0.25/each,£3.60 Clubcard Price,,/groceries/en-GB/products/267398344,https://digitalcontent.api.tesco.com/v2/media/ghs/970dff84-ed51-4f88-85ac-be070dc165b6/98502312-4ce5-461c-ae5d-a717c0cd5c63_1484910460.jpeg?h=225&w=225
289546021,Strepsils Extra Blackcurrant 24`S,https://www.tesco.com/groceries/en-GB/shop/health-and-beauty/all?department=Medicine&viewAll=department&page=,£4.95,£0.21/each,,,/groceries/en-GB/products/289546021,https://digitalcontent.api.tesco.com/v2/media/ghs/262765e5-f6cc-4e63-8163-39ee48555bab/d0eb7d50-d7ae-454a-be0a-2560f8e1accb_1999393611.jpeg?h=225&w=225
301340062,Imodium Capsules 12 'S,https://www.tesco.com/groceries/en-GB/shop/health-and-beauty/all?department=Medicine&viewAll=department&page=,£5.50,£0.46/each,£4.95 Clubcard Price,,/groceries/en-GB/products/301340062,https://digitalcontent.api.tesco.com/v2/media/ghs/829359f9-7bcd-4c4e-a39d-ec909b4bb508/125c6a46-07bf-4bd7-82b7-fbbf2aa46418_948373978.jpeg?h=225&w=225
253579463,Alka Seltzer Xs Double Action Tablets 20S,https://www.tesco.com/groceries/en-GB/shop/health-and-beauty/all?department=Medicine&viewAll=department&page=,£4.00,£0.20/each,,,/groceries/en-GB/products/253579463,https://digitalcontent.api.tesco.com/v2/media/ghs/a85dae18-d30e-40ea-b1f0-1e95063749db/27cc3bca-b5bb-460e-906c-9def413cce2a_1066763436.jpeg?h=225&w=225
259231911,Nurofen Express Ibuprofen 256Mg Caplets 16 Pack,https://www.tesco.com/groceries/en-GB/shop/health-and-beauty/all?department=Medicine&viewAll=department&page=,£4.00,£0.25/each,,,/groceries/en-GB/products/259231911,https://digitalcontent.api.tesco.com/v2/media/ghs/bf54fce0-aaff-4496-af72-8601a66b5db2/e47de657-4f27-4d06-8781-5501382a17fe_1791560669.jpeg?h=225&w=225
290900465,Nurofen 8Hr Pain Relief Ibuprofen 256Mg 16 Caplets,https://www.tesco.com/groceries/en-GB/shop/health-and-beauty/all?department=Medicine&viewAll=department&page=,£3.80,£0.24/each,,,/groceries/en-GB/products/290900465,https://digitalcontent.api.tesco.com/v2/media/ghs/2e0b6270-631f-4a4c-b08d-7c4369d0a6bc/069b8f4c-bfa8-43a3-ada4-8365325a2bcf_1778271028.jpeg?h=225&w=225
256993514,Tesco Heartburn And Indigestion Liquid Aniseed 200Ml,https://www.tesco.com/groceries/en-GB/shop/health-and-beauty/all?department=Medicine&viewAll=department&page=,£2.40,£1.20/100ml,,,/groceries/en-GB/products/256993514,https://digitalcontent.api.tesco.com/v2/media/ghs/013c8cd9-198f-4962-8f7f-b6d3a16302a8/c9956dc4-1685-43d3-8ddf-c0aa15bb208f_656081995.jpeg?h=225&w=225
260439360,Tesco Max Strength Day And Night Cold And Flu 16S,https://www.tesco.com/groceries/en-GB/shop/health-and-beauty/all?department=Medicine&viewAll=department&page=,£2.15,£0.14/each,,,/groceries/en-GB/products/260439360,https://digitalcontent.api.tesco.com/v2/media/ghs/27ac07ea-b622-4fba-b1ab-fd803766e2d7/f9e54325-8e1e-411c-a469-d887231ea946_359737401.jpeg?h=225&w=225
252040779,Dulcolax Tablets 20'S,https://www.tesco.com/groceries/en-GB/shop/health-and-beauty/all?department=Medicine&viewAll=department&page=,£3.00,£0.15/each,,,/groceries/en-GB/products/252040779,https://digitalcontent.api.tesco.com/v2/media/ghs/12cb2c3e-ae3e-4d47-bfc5-1e80d43b7d24/8dd685d4-d78a-4d1e-914d-c43477c2c16d_1087204153.jpeg?h=225&w=225
268406939,Calpol Infant Colour Free & Sugar Free 100Ml,https://www.tesco.com/groceries/en-GB/shop/health-and-beauty/all?department=Medicine&viewAll=department&page=,£3.30,£3.30/100ml,,,/groceries/en-GB/products/268406939,https://digitalcontent.api.tesco.com/v2/media/ghs/8a68142a-1177-46a2-b477-0f3ed734c897/0f100d52-3692-40a6-a410-8e1aa3264cab_1412794491.jpeg?h=225&w=225
257120049,Deep Heat Rub 67G,https://www.tesco.com/groceries/en-GB/shop/health-and-beauty/all?department=Medicine&viewAll=department&page=,£3.00,£4.48/100g,,,/groceries/en-GB/products/257120049,https://digitalcontent.api.tesco.com/v2/media/ghs/985fa228-19e0-4d64-baaf-e89fe6f7cd93/bd8a39ef-f004-4c74-8657-6ad0f7c8830f_1887766614.jpeg?h=225&w=225
253795688,Tesco Nasal Decongestant Spray 15Ml,https://www.tesco.com/groceries/en-GB/shop/health-and-beauty/all?department=Medicine&viewAll=department&page=,£1.90,£12.67/100ml,,,/groceries/en-GB/products/253795688,https://digitalcontent.api.tesco.com/v2/media/ghs/7eebdf72-c344-4768-9ec5-4fa63e26e834/6c258328-7d0f-48c4-b33e-601248f65805_1166653410.jpeg?h=225&w=225
254989310,Tesco Ibuprofen Gel 35G,https://www.tesco.com/groceries/en-GB/shop/health-and-beauty/all?department=Medicine&viewAll=department&page=,£2.00,£5.72/100g,,,/groceries/en-GB/products/254989310,https://digitalcontent.api.tesco.com/v2/media/ghs/c4fe7483-292a-4ec8-9060-43dce71e74c6/14a614cb-ad66-4c8d-a374-e07dcd9bbda8_934129602.jpeg?h=225&w=225
256761568,Rennie Spearmint Indigestion Tablet 24S,https://www.tesco.com/groceries/en-GB/shop/health-and-beauty/all?department=Medicine&viewAll=department&page=,£2.45,£0.10/each,,,/groceries/en-GB/products/256761568,https://digitalcontent.api.tesco.com/v2/media/ghs/9938cd43-1baf-4214-9dcd-b380a78ff9d0/3f926ad0-1846-46f5-bd3a-96c2e9a55320_1025869245.jpeg?h=225&w=225
301455646,Tesco Health Sterile Dressing Large 5 Pack,https://www.tesco.com/groceries/en-GB/shop/health-and-beauty/all?department=Medicine&viewAll=department&page=,£1.50,£0.30/each,,,/groceries/en-GB/products/301455646,https://digitalcontent.api.tesco.com/v2/media/ghs/4fde2e3f-0feb-4682-adf6-50deb9dd86ef/34706b60-2881-461d-995d-c3ac036bfd3e_2008291976.jpeg?h=225&w=225
253880007,Vicks Inhaler,https://www.tesco.com/groceries/en-GB/shop/health-and-beauty/all?department=Medicine&viewAll=department&page=,£2.50,£2.50/each,,,/groceries/en-GB/products/253880007,https://digitalcontent.api.tesco.com/v2/media/ghs/bd4f949a-3586-4612-ac06-5e5d4ad5cd47/6ca9bde4-e909-4d68-8b34-6347e26d236b_512354892.jpeg?h=225&w=225
261038389,Calpol Infant 100Ml,https://www.tesco.com/groceries/en-GB/shop/health-and-beauty/all?department=Medicine&viewAll=department&page=,£3.30,£3.30/100ml,,,/groceries/en-GB/products/261038389,https://digitalcontent.api.tesco.com/v2/media/ghs/053206a3-9f8b-408e-bbe4-596c8c33dbaa/5a28c5a6-635c-4049-9fb0-ca048f703233_2136485407.jpeg?h=225&w=225
306939274,Tesco Health 36 Sore Throat Lozenges Blackcurrant,https://www.tesco.com/groceries/en-GB/shop/health-and-beauty/all?department=Medicine&viewAll=department&page=,£2.50,£0.07/each,,,/groceries/en-GB/products/306939274,https://digitalcontent.api.tesco.com/v2/media/ghs/ff748f74-2472-4669-a693-f1e388763a3b/2640656d-0515-4826-ba42-79a5ffe7abb8_897377804.jpeg?h=225&w=225
303193819,Gaviscon Double Action Mixed Berry 12S,https://www.tesco.com/groceries/en-GB/shop/health-and-beauty/all?department=Medicine&viewAll=department&page=,£2.69,£0.22/each,,,/groceries/en-GB/products/303193819,https://digitalcontent.api.tesco.com/v2/media/ghs/0bcdfe28-cecb-430b-9f42-1951a1910069/49794ce8-ecdd-4871-8a90-3476e6dd35e6_1587224049.jpeg?h=225&w=225
261822457,Tesco Fabric Dressing Strips 10'S 10 X 6Cm,https://www.tesco.com/groceries/en-GB/shop/health-and-beauty/all?department=Medicine&viewAll=department&page=,£1.40,£0.14/each,,,/groceries/en-GB/products/261822457,https://digitalcontent.api.tesco.com/v2/media/ghs/86207508-a8c6-4492-adeb-ad26e6a3faad/4950f158-c0b3-40ca-af56-9c74a10bd820_254972864.jpeg?h=225&w=225
301178755,Tesco Health+ Dry Tickly Cough 300Ml,https://www.tesco.com/groceries/en-GB/shop/health-and-beauty/all?department=Medicine&viewAll=department&page=,£2.35,£0.78/100ml,,,/groceries/en-GB/products/301178755,https://digitalcontent.api.tesco.com/v2/media/ghs/f8a5a496-6343-4362-ae72-6b0eed66202c/1b3eb87b-efc8-4c3a-9cfe-8c1d912b3149_1578088330.jpeg?h=225&w=225
253420455,Elastoplast Fabric Plasters 40'S,https://www.tesco.com/groceries/en-GB/shop/health-and-beauty/all?department=Medicine&viewAll=department&page=,£2.65,£0.07/each,,,/groceries/en-GB/products/253420455,https://digitalcontent.api.tesco.com/v2/media/ghs/cfd44535-074b-4ef4-ad12-b3038d8e3f27/5ae58182-f472-40eb-a436-c61293659df5_1201590570.jpeg?h=225&w=225
255907891,Tesco Microporous Tape 5Mx2.5Cm,https://www.tesco.com/groceries/en-GB/shop/health-and-beauty/all?department=Medicine&viewAll=department&page=,£1.25,£1.25/each,,,/groceries/en-GB/products/255907891,https://digitalcontent.api.tesco.com/v2/media/ghs/f75ed7a3-3159-4e43-8c54-27a63c059284/baf6a616-3802-4a3a-b9ca-9e81d4a89014_715394283.jpeg?h=225&w=225
266021153,Tesco Ibuprofen Long Lasting 8 Capsules,https://www.tesco.com/groceries/en-GB/shop/health-and-beauty/all?department=Medicine&viewAll=department&page=,£1.90,£0.24/each,,,/groceries/en-GB/products/266021153,https://digitalcontent.api.tesco.com/v2/media/ghs/fcfd9542-5d22-4306-89c3-13a637d46f3d/dbe66faf-3dff-4d1f-9826-6e0cb4974f24_214507836.jpeg?h=225&w=225
306661797,Tesco Health 36 Dual Action Lozenges Honey Lemon,https://www.tesco.com/groceries/en-GB/shop/health-and-beauty/all?department=Medicine&viewAll=department&page=,£2.50,£0.07/each,,,/groceries/en-GB/products/306661797,https://digitalcontent.api.tesco.com/v2/media/ghs/594cd31c-c682-4310-acb8-e048c231c124/cf4ff13c-98d2-4ccd-b49a-5bef7488db97_1486795035.jpeg?h=225&w=225
261734636,Tesco Clear Washproof Plasters 40S,https://www.tesco.com/groceries/en-GB/shop/health-and-beauty/all?department=Medicine&viewAll=department&page=,£1.25,£0.03/each,,,/groceries/en-GB/products/261734636,https://digitalcontent.api.tesco.com/v2/media/ghs/0b21f816-d60b-4c02-b14e-9b565fa662c2/8739a53e-84b2-4262-8be2-b3d7d179ade3_1278079228.jpeg?h=225&w=225
259183414,Vicks Vaporub 100G,https://www.tesco.com/groceries/en-GB/shop/health-and-beauty/all?department=Medicine&viewAll=department&page=,£4.00,£4.00/100g,,,/groceries/en-GB/products/259183414,https://digitalcontent.api.tesco.com/v2/media/ghs/bc3395e1-2117-45c7-b814-dca8b1564adf/25be9029-4b31-4901-a515-c361665a8f5a_1222955510.jpeg?h=225&w=225
250537374,Tesco Cushioned Plasters 20'S,https://www.tesco.com/groceries/en-GB/shop/health-and-beauty/all?department=Medicine&viewAll=department&page=,£1.15,£0.06/each,,,/groceries/en-GB/products/250537374,https://digitalcontent.api.tesco.com/v2/media/ghs/f77f5977-f581-4fe0-911b-9cc4b3a8510b/591d520f-e075-4e0f-b693-0cdadde4b268_755727046.jpeg?h=225&w=225
285021078,Savlon Antiseptic Cream 100G,https://www.tesco.com/groceries/en-GB/shop/health-and-beauty/all?department=Medicine&viewAll=department&page=,£3.50,£3.50/100g,,,/groceries/en-GB/products/285021078,https://digitalcontent.api.tesco.com/v2/media/ghs/984c73ea-7b55-4cfd-8b8a-225332620e1b/c4152178-9bf9-4dc1-a145-a56c452cdbfb_1727503050.jpeg?h=225&w=225
312365488,Jakemans Cherry Soothing Menthol Lozenges 160G,https://www.tesco.com/groceries/en-GB/shop/health-and-beauty/all?department=Medicine&viewAll=department&page=,£1.60,£1.00/100g,,,/groceries/en-GB/products/312365488,https://digitalcontent.api.tesco.com/v2/media/ghs/111fb588-7d42-4837-bff1-350094b4ef99/5aea6db8-a1cb-46eb-b891-1a80cc999d25_1382155119.jpeg?h=225&w=225
260255526,Tesco Antiseptic Wipes 10S,https://www.tesco.com/groceries/en-GB/shop/health-and-beauty/all?department=Medicine&viewAll=department&page=,£1.00,£10.00/100sht,,,/groceries/en-GB/products/260255526,https://digitalcontent.api.tesco.com/v2/media/ghs/2abaa5df-d5b6-479f-9bad-ca61b0037f03/4fdba4de-0012-4f75-8d10-138f16cdb996_1607611.jpeg?h=225&w=225
254857985,Tesco Ibuprofen 200Mg Liquid Caps 16S,https://www.tesco.com/groceries/en-GB/shop/health-and-beauty/all?department=Medicine&viewAll=department&page=,£2.10,£0.13/each,,,/groceries/en-GB/products/254857985,https://digitalcontent.api.tesco.com/v2/media/ghs/25685a16-1440-4061-bfc3-093723f074cb/f27b22d8-aa7f-474b-afbd-a55a8e9b29c5_237841054.jpeg?h=225&w=225
251051733,Tesco Cystitis Relief 6 Sachet,https://www.tesco.com/groceries/en-GB/shop/health-and-beauty/all?department=Medicine&viewAll=department&page=,£1.50,£0.25/each,,,/groceries/en-GB/products/251051733,https://digitalcontent.api.tesco.com/v2/media/ghs/4abc6bc2-070b-48fc-9798-1a435f869aca/66f303c6-c87a-4dcd-9713-917a3c956c28_145667553.jpeg?h=225&w=225
275977160,Tesco Blocked Nose Relief 12 Capsules,https://www.tesco.com/groceries/en-GB/shop/health-and-beauty/all?department=Medicine&viewAll=department&page=,£1.50,£0.12/each,,,/groceries/en-GB/products/275977160,https://digitalcontent.api.tesco.com/v2/media/ghs/429b5cb8-e6fd-4dfb-87aa-30881d920039/292b3675-86af-4b13-851f-2a64eac02679_357416477.jpeg?h=225&w=225
255489065,Tesco Dispersible Aspirin 300Mg 16 Tablets,https://www.tesco.com/groceries/en-GB/shop/health-and-beauty/all?department=Medicine&viewAll=department&page=,£0.55,£0.04/each,,,/groceries/en-GB/products/255489065,https://digitalcontent.api.tesco.com/v2/media/ghs/bb7811e6-54d0-469f-97fb-c787faf8908f/77424513-65a9-43d8-925d-c4cd6cf2685c_1303805589.jpeg?h=225&w=225
301645364,Panadol Original 500Mg 12 Tablets,https://www.tesco.com/groceries/en-GB/shop/health-and-beauty/all?department=Medicine&viewAll=department&page=,£1.00,£0.08/each,,,/groceries/en-GB/products/301645364,https://digitalcontent.api.tesco.com/v2/media/ghs/fcd3a7b1-44f4-42a7-8599-6d5e1a840d8b/4a56bf88-af98-42c4-92f9-bf826d6432b8_2144624690.jpeg?h=225&w=225
284540703,Nexium Control 14 Tablet Pack,https://www.tesco.com/groceries/en-GB/shop/health-and-beauty/all?department=Medicine&viewAll=department&page=,£14.00,£1.00/each,,,/groceries/en-GB/products/284540703,https://digitalcontent.api.tesco.com/v2/media/ghs/60c7e665-7eba-4b14-8da2-efd39d838667/e77a0867-036e-4b76-a9d6-240d845d8a91_938383959.jpeg?h=225&w=225
257661748,Gaviscon Peppermint Heartburn Liquid 600Ml,https://www.tesco.com/groceries/en-GB/shop/health-and-beauty/all?department=Medicine&viewAll=department&page=,£9.90,£1.65/100ml,,,/groceries/en-GB/products/257661748,https://digitalcontent.api.tesco.com/v2/media/ghs/fc7b3dda-ee07-4516-ad2e-5ce66664962d/c75fd8a0-38ef-46cf-b0bb-0d5de27b8ac2_870905403.jpeg?h=225&w=225
260626616,Gaviscon Double Action Heartburn Liquid Mint 300Ml,https://www.tesco.com/groceries/en-GB/shop/health-and-beauty/all?department=Medicine&viewAll=department&page=,£8.00,£2.67/100ml,,,/groceries/en-GB/products/260626616,https://digitalcontent.api.tesco.com/v2/media/ghs/f31b35fb-50ad-4102-b299-0f548d54de14/66e5fa7e-5f67-46a6-b9b3-9f59f125ed19_1199821915.jpeg?h=225&w=225
284540634,Nexium Control 7 Tablet Pack,https://www.tesco.com/groceries/en-GB/shop/health-and-beauty/all?department=Medicine&viewAll=department&page=,£7.50,£1.08/each,£6.50 Clubcard Price,,/groceries/en-GB/products/284540634,https://digitalcontent.api.tesco.com/v2/media/ghs/8c7d0310-e853-41e5-90d1-56bc279620a7/e1ae34ce-5e67-4dc9-bbe2-9950c51ee20b_1305133587.jpeg?h=225&w=225
284736207,Bronchostop Syrup 200Ml,https://www.tesco.com/groceries/en-GB/shop/health-and-beauty/all?department=Medicine&viewAll=department&page=,£9.00,£4.50/100ml,£6.70 Clubcard Price,,/groceries/en-GB/products/284736207,https://digitalcontent.api.tesco.com/v2/media/ghs/ad0a3a72-a851-42a3-82b5-3df75a8e325f/b19d8936-9cbf-49a7-8770-07a1a7448634_2093222725.jpeg?h=225&w=225
268717180,Vagisil Medicated Cream 30G,https://www.tesco.com/groceries/en-GB/shop/health-and-beauty/all?department=Medicine&viewAll=department&page=,£5.00,£16.67/100g,,,/groceries/en-GB/products/268717180,https://digitalcontent.api.tesco.com/v2/media/ghs/b6d0bd00-65bd-4adc-928d-80793f73b276/9a2a6414-9133-44ef-9476-69b9453b1b75_1730999645.jpeg?h=225&w=225
303193831,Gaviscon Double Action Mixed Berry 24S,https://www.tesco.com/groceries/en-GB/shop/health-and-beauty/all?department=Medicine&viewAll=department&page=,£5.50,£0.23/each,,,/groceries/en-GB/products/303193831,https://digitalcontent.api.tesco.com/v2/media/ghs/3b84b15d-9533-40b8-b521-f1b53a3c05b4/92b210c8-bf9c-4b3e-b81b-c3eb71649248_1772832639.jpeg?h=225&w=225
258036637,Germoloids Haemorrhoids Cream 55G,https://www.tesco.com/groceries/en-GB/shop/health-and-beauty/all?department=Medicine&viewAll=department&page=,£5.75,£10.46/100g,,,/groceries/en-GB/products/258036637,https://digitalcontent.api.tesco.com/v2/media/ghs/ce85a161-fbc1-40fb-8519-4a2ab86c8497/b4cf103d-4596-4452-be58-84c00f268328_1349200787.jpeg?h=225&w=225
256260754,Bonjela 15G,https://www.tesco.com/groceries/en-GB/shop/health-and-beauty/all?department=Medicine&viewAll=department&page=,£5.30,£35.34/100g,,,/groceries/en-GB/products/256260754,https://digitalcontent.api.tesco.com/v2/media/ghs/32e59065-a3f1-4d2b-a417-a49f62589469/d07b7ec6-fe2a-4d7e-9583-0cdce10ac3f7_2038219825.jpeg?h=225&w=225
301340049,Calprofen 20Mg/Ml 100Gb,https://www.tesco.com/groceries/en-GB/shop/health-and-beauty/all?department=Medicine&viewAll=department&page=,£4.25,£4.25/100ml,£3.80 Clubcard Price,,/groceries/en-GB/products/301340049,https://digitalcontent.api.tesco.com/v2/media/ghs/2a9c1f29-2fc8-4385-9277-3ef9dd41e006/3302110b-18b1-438c-bbae-974d9e557ec3_112598594.jpeg?h=225&w=225
257048481,Lemsip Max Cold And Flu Capsules X 16,https://www.tesco.com/groceries/en-GB/shop/health-and-beauty/all?department=Medicine&viewAll=department&page=,£4.25,£0.27/each,,,/groceries/en-GB/products/257048481,https://digitalcontent.api.tesco.com/v2/media/ghs/f35ae7e0-5f9e-479e-916a-7baac7918071/24fd3abd-6a0e-476e-8b62-5cd4690d8a3e_508548269.jpeg?h=225&w=225
301340085,Sudafed Sinus Sinus Ease Spray 15Ml,https://www.tesco.com/groceries/en-GB/shop/health-and-beauty/all?department=Medicine&viewAll=department&page=,£5.10,£34.00/100ml,£3.80 Clubcard Price,,/groceries/en-GB/products/301340085,https://digitalcontent.api.tesco.com/v2/media/ghs/fa502e21-2276-470f-97e1-763c34e07753/f36648ab-1292-4d8d-9fe3-df14d4e77255_484082748.jpeg?h=225&w=225
259237663,Strepsils Strawberry Sugar Free 36S,https://www.tesco.com/groceries/en-GB/shop/health-and-beauty/all?department=Medicine&viewAll=department&page=,£5.00,£0.14/each,,,/groceries/en-GB/products/259237663,https://digitalcontent.api.tesco.com/v2/media/ghs/fa52a851-9681-4d0f-b6de-b2b2297b2088/3730b1ef-bdf2-4433-a92f-38eb7a69bdf1_958418912.jpeg?h=225&w=225
259596594,Otex Express 10Ml,https://www.tesco.com/groceries/en-GB/shop/health-and-beauty/all?department=Medicine&viewAll=department&page=,£6.00,£60.00/100ml,£4.50 Clubcard Price,,/groceries/en-GB/products/259596594,https://digitalcontent.api.tesco.com/v2/media/ghs/2c2a3914-c2d6-47d5-bbcf-00ce8da13700/bef367d8-1340-4eff-a3d0-45042e64dd1a_1840049950.jpeg?h=225&w=225
295253888,Gaviscon Original Peppermint 24 Tablets,https://www.tesco.com/groceries/en-GB/shop/health-and-beauty/all?department=Medicine&viewAll=department&page=,£4.00,£0.17/each,,,/groceries/en-GB/products/295253888,https://digitalcontent.api.tesco.com/v2/media/ghs/7774aaa8-20f6-4ba5-9310-24a6cbba7921/5188048f-aaf4-402a-8814-17fec75107f2_516838401.jpeg?h=225&w=225
254470779,Kool'n'soothe Migraine X4,https://www.tesco.com/groceries/en-GB/shop/health-and-beauty/all?department=Medicine&viewAll=department&page=,£3.30,£0.82/each,,,/groceries/en-GB/products/254470779,https://digitalcontent.api.tesco.com/v2/media/ghs/5312cf98-9b5b-4a3e-b336-d8f6d8b78fa6/2c4752fe-aafe-44eb-b47f-c1c7a64d7be1_1298096233.jpeg?h=225&w=225
263034183,Benylin Chesty Non Drowsy Cough 150Ml,https://www.tesco.com/groceries/en-GB/shop/health-and-beauty/all?department=Medicine&viewAll=department&page=,£4.75,£3.17/100ml,£4.25 Clubcard Price,,/groceries/en-GB/products/263034183,https://digitalcontent.api.tesco.com/v2/media/ghs/08ad5bc6-e0cc-45f7-9235-b04d233c3b26/2fc8bf1f-3f6a-402e-b6f2-700611ea3966_1538267153.jpeg?h=225&w=225
284742522,Benylin Kids Dry Cough & Sore Throat 125Ml,https://www.tesco.com/groceries/en-GB/shop/health-and-beauty/all?department=Medicine&viewAll=department&page=,£4.20,£3.36/100ml,£3.75 Clubcard Price,,/groceries/en-GB/products/284742522,https://digitalcontent.api.tesco.com/v2/media/ghs/b0d39b59-5968-4b4f-a803-6d788906c666/e823feef-df3c-4c43-829a-3adfaddfcbe6_1719621235.jpeg?h=225&w=225
303193779,Piriteze Allergy Antihistamine Tablets 14S,https://www.tesco.com/groceries/en-GB/shop/health-and-beauty/all?department=Medicine&viewAll=department&page=,£5.50,£0.39/each,,,/groceries/en-GB/products/303193779,https://digitalcontent.api.tesco.com/v2/media/ghs/d6517869-9617-427b-8da0-d257b5506b4a/25f0298f-e230-4ff8-8da3-719a8dfa36ac_1769469249.jpeg?h=225&w=225
261045743,Lemsip Max Cold & Flu Day&Night Capsules X 16,https://www.tesco.com/groceries/en-GB/shop/health-and-beauty/all?department=Medicine&viewAll=department&page=,£5.00,£0.31/each,,,/groceries/en-GB/products/261045743,https://digitalcontent.api.tesco.com/v2/media/ghs/4974455a-2126-4fea-855b-41894facd26b/4ef555da-0f29-468f-9bf8-17f3d19357d0_846430398.jpeg?h=225&w=225
272013027,Anadin Extra Soluble 12 Tablets,https://www.tesco.com/groceries/en-GB/shop/health-and-beauty/all?department=Medicine&viewAll=department&page=,£3.50,£0.29/each,,,/groceries/en-GB/products/272013027,https://digitalcontent.api.tesco.com/v2/media/ghs/7ced7495-8af5-4998-bc97-19269059e20a/ca2aae39-69de-46b6-a306-6be3eb47cc04_466451533.jpeg?h=225&w=225
259192115,Fybogel High Fibre Orange 10S,https://www.tesco.com/groceries/en-GB/shop/health-and-beauty/all?department=Medicine&viewAll=department&page=,£4.10,£0.41/each,,,/groceries/en-GB/products/259192115,https://digitalcontent.api.tesco.com/v2/media/ghs/66233f25-8e6c-4af6-91f7-ea6c5183a345/c58ada75-2899-4897-9703-8adf306a6768_1254919697.jpeg?h=225&w=225
256385192,Panadol Actifast 14S,https://www.tesco.com/groceries/en-GB/shop/health-and-beauty/all?department=Medicine&viewAll=department&page=,£3.50,£0.25/each,,,/groceries/en-GB/products/256385192,https://digitalcontent.api.tesco.com/v2/media/ghs/820a70e8-b152-4947-9dc2-b54d41adaa0c/a0029638-a0d9-4052-9708-9fc26ea1a4f1_2053404011.jpeg?h=225&w=225
257168315,Cura Heat Heat Pack 3 Pack,https://www.tesco.com/groceries/en-GB/shop/health-and-beauty/all?department=Medicine&viewAll=department&page=,£3.50,£1.17/each,,,/groceries/en-GB/products/257168315,https://digitalcontent.api.tesco.com/v2/media/ghs/4fdbae18-6df3-4f9d-af86-b306e6c1f3f4/67fef26a-5682-4f39-a007-69bdfbc97a16_630550045.jpeg?h=225&w=225
258071871,Zovirax Cold Sore Cream 2G Tube,https://www.tesco.com/groceries/en-GB/shop/health-and-beauty/all?department=Medicine&viewAll=department&page=,£5.50,£275.00/100g,£4.70 Clubcard Price,,/groceries/en-GB/products/258071871,https://digitalcontent.api.tesco.com/v2/media/ghs/272de753-9f19-44c7-9318-53c06f191d1c/d13c9fb0-cbff-41e6-b0b5-b11c9a535677_295058580.jpeg?h=225&w=225
253797452,Imodium Capsules 2Mg 6 Pack,https://www.tesco.com/groceries/en-GB/shop/health-and-beauty/all?department=Medicine&viewAll=department&page=,£3.10,£0.52/each,,,/groceries/en-GB/products/253797452,https://digitalcontent.api.tesco.com/v2/media/ghs/a7f44b8a-1411-4ab3-92c0-a251486fbfe2/89a21039-afc9-425b-a9a3-685648419ef8.jpeg?h=225&w=225
257097859,Tesco Constipation Relief 20S,https://www.tesco.com/groceries/en-GB/shop/health-and-beauty/all?department=Medicine&viewAll=department&page=,£2.50,£0.12/each,,,/groceries/en-GB/products/257097859,https://digitalcontent.api.tesco.com/v2/media/ghs/b4f7293d-fa72-4c1b-9513-82819b4090ae/a8198b1e-438d-4d49-b8b0-03bde87ae245_1831700919.jpeg?h=225&w=225
255452857,Elastoplast Fabric Strip 6.0Cmx10cm 1M,https://www.tesco.com/groceries/en-GB/shop/health-and-beauty/all?department=Medicine&viewAll=department&page=,£3.00,£3.00/each,,,/groceries/en-GB/products/255452857,https://digitalcontent.api.tesco.com/v2/media/ghs/391f7ea5-6144-4a53-878d-57f118adc2c2/2d2670c7-882e-49b9-a771-4bbb9d612e26_2003366647.jpeg?h=225&w=225
254242218,T C P Antiseptic 200 Ml Bottle.,https://www.tesco.com/groceries/en-GB/shop/health-and-beauty/all?department=Medicine&viewAll=department&page=,£4.50,£2.25/100ml,,,/groceries/en-GB/products/254242218,https://digitalcontent.api.tesco.com/v2/media/ghs/18faaa32-0b74-4b5e-86f0-c61bbac963b3/43d9ddd7-d9ef-49d3-b2a5-50aca0c01a92_619455353.jpeg?h=225&w=225
289622305,Optrex Intensive Eyedrops 10Ml,https://www.tesco.com/groceries/en-GB/shop/health-and-beauty/all?department=Medicine&viewAll=department&page=,£4.00,£40.00/100ml,,,/groceries/en-GB/products/289622305,https://digitalcontent.api.tesco.com/v2/media/ghs/19d0a3aa-ccd5-4a57-8401-9c0e02181c68/ff66046e-eeea-459a-98f9-1da5a9b8f9b6_714710886.jpeg?h=225&w=225
256875508,Breathe Right Nasal Strips Clear 10 Strips,https://www.tesco.com/groceries/en-GB/shop/health-and-beauty/all?department=Medicine&viewAll=department&page=,£4.00,£0.40/each,,,/groceries/en-GB/products/256875508,https://digitalcontent.api.tesco.com/v2/media/ghs/70601dc3-fbca-45f3-8594-1f69f3f403e3/71622870-a6fc-45f2-8070-a81fab399c8b_921677616.jpeg?h=225&w=225
301178732,Tesco Health+ Menth Bronchial Balsam 300Ml,https://www.tesco.com/groceries/en-GB/shop/health-and-beauty/all?department=Medicine&viewAll=department&page=,£2.35,£0.78/100ml,,,/groceries/en-GB/products/301178732,https://digitalcontent.api.tesco.com/v2/media/ghs/c72fe5a5-5060-4df0-b940-f628b0bcc282/aadbf80c-f349-40d4-958e-4eb48eec841e_592317266.jpeg?h=225&w=225
301455669,Tesco Health Sterile Dressing Small 5 Pack,https://www.tesco.com/groceries/en-GB/shop/health-and-beauty/all?department=Medicine&viewAll=department&page=,£1.50,£0.30/each,,,/groceries/en-GB/products/301455669,https://digitalcontent.api.tesco.com/v2/media/ghs/1c17641a-0ced-46fd-a9db-3e8b8056629d/c9998788-3836-43d5-af94-d196506d6736_1619709645.jpeg?h=225&w=225
252897433,Anadin Ultra Caps 200Mg 16S,https://www.tesco.com/groceries/en-GB/shop/health-and-beauty/all?department=Medicine&viewAll=department&page=,£3.00,£0.19/each,£2.00 Clubcard Price,,/groceries/en-GB/products/252897433,https://digitalcontent.api.tesco.com/v2/media/ghs/d645554b-8a49-4dac-9a63-8403072658f0/d0a5fde6-d826-4f56-8bc6-eb0eb45057ab_1350120537.jpeg?h=225&w=225
253365923,Elastoplast Water Resistant Strips 40S,https://www.tesco.com/groceries/en-GB/shop/health-and-beauty/all?department=Medicine&viewAll=department&page=,£2.65,£0.07/each,,,/groceries/en-GB/products/253365923,https://digitalcontent.api.tesco.com/v2/media/ghs/20a8e282-eab5-4bd9-8874-469c7d6e0947/10fe4d37-6509-4247-97a5-f8d7d75d96b1_1183377078.jpeg?h=225&w=225
301178778,Tesco Health+ Chesty Cough Relief 300Ml,https://www.tesco.com/groceries/en-GB/shop/health-and-beauty/all?department=Medicine&viewAll=department&page=,£2.35,£0.78/100ml,,,/groceries/en-GB/products/301178778,https://digitalcontent.api.tesco.com/v2/media/ghs/a186b696-7e27-49b1-9151-7cc0b188eb9e/59a4886f-9b07-4d1f-8279-e0128b888bdc_1696642695.jpeg?h=225&w=225
311680277,Ricola Soothe & Clear Honey Lemon Lozenges 75G,https://www.tesco.com/groceries/en-GB/shop/health-and-beauty/all?department=Medicine&viewAll=department&page=,£1.50,£2.00/100g,£1.25 Clubcard Price,,/groceries/en-GB/products/311680277,https://digitalcontent.api.tesco.com/v2/media/ghs/3eb008e8-d271-4f2a-866a-2a1e47c8e607/8b8ced45-31ea-48ef-9c1f-92249e12ba21_457559382.jpeg?h=225&w=225
265335706,Calpol Saline Nasal Spray 15Ml,https://www.tesco.com/groceries/en-GB/shop/health-and-beauty/all?department=Medicine&viewAll=department&page=,£3.50,£23.34/100ml,£3.15 Clubcard Price,,/groceries/en-GB/products/265335706,https://digitalcontent.api.tesco.com/v2/media/ghs/a6c1b6ec-ac14-49b2-8d6c-8d1143b45927/550d70a2-e679-49bc-b962-37a4cc72a4a0_1631219871.jpeg?h=225&w=225
301455789,Tesco Health Extra Strong Fabric Plaster 20 Pack,https://www.tesco.com/groceries/en-GB/shop/health-and-beauty/all?department=Medicine&viewAll=department&page=,£1.30,£0.06/each,,,/groceries/en-GB/products/301455789,https://digitalcontent.api.tesco.com/v2/media/ghs/d18174bc-fccf-4e99-9d94-c295859adf16/3ddb5846-7b98-424b-a6d5-b85a6b7b634f_2041630470.jpeg?h=225&w=225
305054319,Tesco Health Light Fabric Plasters 40S,https://www.tesco.com/groceries/en-GB/shop/health-and-beauty/all?department=Medicine&viewAll=department&page=,£1.25,£0.03/each,,,/groceries/en-GB/products/305054319,https://digitalcontent.api.tesco.com/v2/media/ghs/0d864a21-43ca-47d9-8392-13c565b77f78/93df5b70-07af-4d56-aed9-3d8a5d01f4f1_373734734.jpeg?h=225&w=225
271613148,Nurofen Ibuprofen 200Mg Tablets 8S,https://www.tesco.com/groceries/en-GB/shop/health-and-beauty/all?department=Medicine&viewAll=department&page=,£1.00,£0.12/each,,,/groceries/en-GB/products/271613148,https://digitalcontent.api.tesco.com/v2/media/ghs/cf7224d4-cf0c-455d-8489-8e65ea4752f4/2699d5f2-cf3f-4b9c-a219-29c1cb6abf92_1401150973.jpeg?h=225&w=225
305249153,Solpadeine Headache Tablets 16 Pack,https://www.tesco.com/groceries/en-GB/shop/health-and-beauty/all?department=Medicine&viewAll=department&page=,£1.30,£0.08/each,,,/groceries/en-GB/products/305249153,https://digitalcontent.api.tesco.com/v2/media/ghs/5fc66af0-543c-40ae-b488-c1936209dddd/fe63c3bb-a0f2-451a-a874-631f63057e8e_1294754784.jpeg?h=225&w=225
303193791,Vicks Triple Action Blackcurrant Throat Sweet 42G,https://www.tesco.com/groceries/en-GB/shop/health-and-beauty/all?department=Medicine&viewAll=department&page=,£1.05,£2.50/100g,,,/groceries/en-GB/products/303193791,https://digitalcontent.api.tesco.com/v2/media/ghs/9bdbbe9c-825b-4536-9639-02d5cd46cc52/aebd4227-9f2b-4d3d-95c2-43fdec6be867_1131629221.jpeg?h=225&w=225
265330819,Gaviscon Double Action 600Ml,https://www.tesco.com/groceries/en-GB/shop/health-and-beauty/all?department=Medicine&viewAll=department&page=,£14.00,£2.34/100ml,,,/groceries/en-GB/products/265330819,https://digitalcontent.api.tesco.com/v2/media/ghs/06b7168d-0f7b-490f-a521-5d6615b8a3ac/42e5654e-a51f-4235-bad8-6a1d71a192b4_2052772084.jpeg?h=225&w=225
279994017,Voltarol Pain-Eve 1.16% Emulgel 100G,https://www.tesco.com/groceries/en-GB/shop/health-and-beauty/all?department=Medicine&viewAll=department&page=,£13.00,£13.00/100g,,,/groceries/en-GB/products/279994017,https://digitalcontent.api.tesco.com/v2/media/ghs/aa06b605-9a53-4c22-ba8d-1f5dc3c2832d/fbeaf509-b784-4c80-9c16-d0446d6c5604_1987518510.jpeg?h=225&w=225
308111449,Ibuleve Max Strength Pain Relief 10% Gel 50G,https://www.tesco.com/groceries/en-GB/shop/health-and-beauty/all?department=Medicine&viewAll=department&page=,£9.00,£18.00/100g,,,/groceries/en-GB/products/308111449,https://digitalcontent.api.tesco.com/v2/media/ghs/7421f7cd-3c37-4bcf-9420-291c122ea494/e6d52426-7144-4bbb-9ebf-85d41b89f775_1454894643.jpeg?h=225&w=225
287809486,Piriteze 30'S,https://www.tesco.com/groceries/en-GB/shop/health-and-beauty/all?department=Medicine&viewAll=department&page=,£10.00,£0.33/each,,,/groceries/en-GB/products/287809486,https://digitalcontent.api.tesco.com/v2/media/ghs/b9f471a6-37bc-4a7d-9e1e-ccf4e8472252/83e31e9a-4aeb-461d-8627-c72301d9f780_864657460.jpeg?h=225&w=225
256325903,Covonia Chesty Cough Mixture 300Ml,https://www.tesco.com/groceries/en-GB/shop/health-and-beauty/all?department=Medicine&viewAll=department&page=,£6.00,£2.00/100ml,,,/groceries/en-GB/products/256325903,https://digitalcontent.api.tesco.com/v2/media/ghs/bf831f17-08c2-4005-af7e-213dbc9de3ca/2acebaca-1e3b-4116-b646-336a26e22ad3_1720289113.jpeg?h=225&w=225
271529104,Bio-Kult 30 Capsules,https://www.tesco.com/groceries/en-GB/shop/health-and-beauty/all?department=Medicine&viewAll=department&page=,£10.00,£0.33/each,Any 3 for 2 Clubcard Price - Cheapest Product Free - Selected Vitamins Or Supplements,,/groceries/en-GB/products/271529104,https://digitalcontent.api.tesco.com/v2/media/ghs/c508dd8f-81bc-4ca3-a103-eb0521ead423/36672667-3947-4184-a159-6b685261212c_1140719794.jpeg?h=225&w=225
312718319,Be You Monthly Patches 5 Pack,https://www.tesco.com/groceries/en-GB/shop/health-and-beauty/all?department=Medicine&viewAll=department&page=,£8.00,£1.60/each,,,/groceries/en-GB/products/312718319,https://digitalcontent.api.tesco.com/v2/media/ghs/e738ebf2-b736-460b-ad45-87eb5d741350/ef13ea16-4532-4fff-82ac-0de92d4a4552_1935920361.jpeg?h=225&w=225
302284823,Anusol Soothing And Cleansing 30 Wipes,https://www.tesco.com/groceries/en-GB/shop/health-and-beauty/all?department=Medicine&viewAll=department&page=,£5.00,£0.17/each,,,/groceries/en-GB/products/302284823,https://digitalcontent.api.tesco.com/v2/media/ghs/c8d7dc61-453f-433d-8c50-464b44a9ba71/56feb35f-b313-4018-8161-96fef8d5fb50_6263474.jpeg?h=225&w=225
260981350,Deep Heat Patch 4 Pack,https://www.tesco.com/groceries/en-GB/shop/health-and-beauty/all?department=Medicine&viewAll=department&page=,£5.75,£1.44/each,,,/groceries/en-GB/products/260981350,https://digitalcontent.api.tesco.com/v2/media/ghs/1beb3af0-09d6-4657-b289-801f48125379/1174fd3e-6718-4ea7-ada0-deb757a33f1e_1737678421.jpeg?h=225&w=225
309486337,Flarin Joint & Muscular Pain Relief Capsules 12S,https://www.tesco.com/groceries/en-GB/shop/health-and-beauty/all?department=Medicine&viewAll=department&page=,£5.25,£0.44/each,,,/groceries/en-GB/products/309486337,https://digitalcontent.api.tesco.com/v2/media/ghs/b9a4c51e-aa1c-476d-9459-d1e6f6a902ec/ad010945-688c-46f5-8ab8-2ea49cd4e903_150047286.jpeg?h=225&w=225
265327225,Lemsip Max Cold & Flu All In One Capsules X 16,https://www.tesco.com/groceries/en-GB/shop/health-and-beauty/all?department=Medicine&viewAll=department&page=,£5.75,£0.36/each,,,/groceries/en-GB/products/265327225,https://digitalcontent.api.tesco.com/v2/media/ghs/587a0a16-3764-4362-b2b5-3e94ac885064/d5c53541-3d04-471e-b119-79dd357c11b7_1844547168.jpeg?h=225&w=225
303204244,Chewy Vites Adult Probiotics 30S,https://www.tesco.com/groceries/en-GB/shop/health-and-beauty/all?department=Medicine&viewAll=department&page=,£8.25,£0.28/each,Any 3 for 2 Clubcard Price - Cheapest Product Free - Selected Vitamins Or Supplements,,/groceries/en-GB/products/303204244,https://digitalcontent.api.tesco.com/v2/media/ghs/111ddc94-13f1-4919-ad10-9d92f23243ba/603cddd2-01dd-41f9-a690-89ffeaf7f090_1901942604.jpeg?h=225&w=225
302273669,Olbas Oil For Children 12Ml,https://www.tesco.com/groceries/en-GB/shop/health-and-beauty/all?department=Medicine&viewAll=department&page=,£4.50,£37.50/100ml,,,/groceries/en-GB/products/302273669,https://digitalcontent.api.tesco.com/v2/media/ghs/bf92fff6-80af-443d-b041-01e38c4e846b/1f498d82-24a1-4081-9690-dbb903a8b73c_182431718.jpeg?h=225&w=225
309762391,Gaviscon Heartburn Liquid Aniseed 200Ml,https://www.tesco.com/groceries/en-GB/shop/health-and-beauty/all?department=Medicine&viewAll=department&page=,£5.50,£2.75/100ml,,,/groceries/en-GB/products/309762391,https://digitalcontent.api.tesco.com/v2/media/ghs/b7dcb684-a044-42f2-b243-d45d67d271df/ac1f33ad-c727-4eae-a097-5be6ed43aae0_1259679492.jpeg?h=225&w=225
263800307,Piriteze Allergy Syrup 70Ml,https://www.tesco.com/groceries/en-GB/shop/health-and-beauty/all?department=Medicine&viewAll=department&page=,£5.00,£7.15/100ml,,,/groceries/en-GB/products/263800307,https://digitalcontent.api.tesco.com/v2/media/ghs/be1e3f62-442e-44a1-944c-9ff4397b1880/b13d2b90-a2f8-4870-a49a-e9c545ebcc2c_249778425.jpeg?h=225&w=225
285019934,Otrivine Congestion Relief 10Ml,https://www.tesco.com/groceries/en-GB/shop/health-and-beauty/all?department=Medicine&viewAll=department&page=,£5.25,£52.50/100ml,£4.50 Clubcard Price,,/groceries/en-GB/products/285019934,https://digitalcontent.api.tesco.com/v2/media/ghs/a331e00f-3f46-4938-81b4-21f00e059845/7e6503bb-74a0-4704-a965-e59917b4780d_753651989.jpeg?h=225&w=225
256074859,Beechams 160Ml All-In-One,https://www.tesco.com/groceries/en-GB/shop/health-and-beauty/all?department=Medicine&viewAll=department&page=,£5.00,£3.13/100ml,£4.25 Clubcard Price,,/groceries/en-GB/products/256074859,https://digitalcontent.api.tesco.com/v2/media/ghs/23358415-75c4-4c92-b9f9-eee7f19a8c09/78ecf5b6-092f-4b2e-ac1d-6abf067627ce_872907189.jpeg?h=225&w=225
253716267,Andrews Salts 150G,https://www.tesco.com/groceries/en-GB/shop/health-and-beauty/all?department=Medicine&viewAll=department&page=,£5.00,£3.34/100g,,,/groceries/en-GB/products/253716267,https://digitalcontent.api.tesco.com/v2/media/ghs/f285552e-142c-4fb8-94f6-b039518c2c7c/0e224133-a5ca-47a5-b607-1c67167be3fd_1926768543.jpeg?h=225&w=225
255211728,Beconase Allergy 100Dose,https://www.tesco.com/groceries/en-GB/shop/health-and-beauty/all?department=Medicine&viewAll=department&page=,£6.50,£6.50/each,,,/groceries/en-GB/products/255211728,https://digitalcontent.api.tesco.com/v2/media/ghs/2dd2cdff-57b3-4093-aea5-e4afce053992/e4d69072-6f01-420a-8c5e-4957419f9ff6_277090881.jpeg?h=225&w=225
255351504,Anusol Cream 23G,https://www.tesco.com/groceries/en-GB/shop/health-and-beauty/all?department=Medicine&viewAll=department&page=,£4.30,£18.70/100g,,,/groceries/en-GB/products/255351504,https://digitalcontent.api.tesco.com/v2/media/ghs/a7006bd6-fac4-41d9-b048-910c6bc70b22/a0b58b73-a63e-4bea-b0b1-0c55caa25e85_902898226.jpeg?h=225&w=225
303805593,Vicks Sinex Micromist Pump 15Ml,https://www.tesco.com/groceries/en-GB/shop/health-and-beauty/all?department=Medicine&viewAll=department&page=,£4.00,£26.67/100ml,,,/groceries/en-GB/products/303805593,https://digitalcontent.api.tesco.com/v2/media/ghs/eec44147-0545-42ac-8b0d-aae31de5504e/665d5b2d-14d8-46bd-a2f4-73eea69a5896_1579874329.jpeg?h=225&w=225
301340125,Benylin Mucus Max 150Ml,https://www.tesco.com/groceries/en-GB/shop/health-and-beauty/all?department=Medicine&viewAll=department&page=,£4.60,£3.07/100ml,£4.10 Clubcard Price,,/groceries/en-GB/products/301340125,https://digitalcontent.api.tesco.com/v2/media/ghs/9a65b5e1-8bb5-46a6-a69d-7097f04b55e9/4b31cb3c-c3c5-4d84-aae2-dfc504bac89f_592005149.jpeg?h=225&w=225
297764712,Benylin Dry & Tickly Cough Syrup 150Ml,https://www.tesco.com/groceries/en-GB/shop/health-and-beauty/all?department=Medicine&viewAll=department&page=,£4.75,£3.17/100ml,£4.25 Clubcard Price,,/groceries/en-GB/products/297764712,https://digitalcontent.api.tesco.com/v2/media/ghs/8f37d0a5-c893-4c03-b162-a5316b6dc051/03348c30-8b4c-4fbf-b754-18a3de061349_1346525833.jpeg?h=225&w=225
262315751,Vicks Sinex Soother Pump 15Ml,https://www.tesco.com/groceries/en-GB/shop/health-and-beauty/all?department=Medicine&viewAll=department&page=,£3.50,£23.34/100ml,,,/groceries/en-GB/products/262315751,https://digitalcontent.api.tesco.com/v2/media/ghs/45760aaa-5307-4cce-8302-a12156101928/11df7838-561c-4bbc-a98d-cc966c1e6c05_829474055.jpeg?h=225&w=225
287853046,Otex Olive Oil Ear Drops 10Ml,https://www.tesco.com/groceries/en-GB/shop/health-and-beauty/all?department=Medicine&viewAll=department&page=,£4.00,£40.00/100ml,£3.20 Clubcard Price,,/groceries/en-GB/products/287853046,https://digitalcontent.api.tesco.com/v2/media/ghs/3ebf0be5-ae83-4972-9446-d7ee713da21c/cdb92869-6441-4b8f-b6a6-f43f159faa49_21829774.jpeg?h=225&w=225
271331873,Sudafed Mucus Relief Tablets 16S,https://www.tesco.com/groceries/en-GB/shop/health-and-beauty/all?department=Medicine&viewAll=department&page=,£4.00,£0.25/each,,,/groceries/en-GB/products/271331873,https://digitalcontent.api.tesco.com/v2/media/ghs/af8f63f1-7916-4078-b1b4-52b3df253979/39a586b3-f768-456d-97ff-40b731ff14b9_1983677770.jpeg?h=225&w=225
285096795,Potters Mucus Cough 20 Pastilles,https://www.tesco.com/groceries/en-GB/shop/health-and-beauty/all?department=Medicine&viewAll=department&page=,£3.00,£0.15/each,,,/groceries/en-GB/products/285096795,https://digitalcontent.api.tesco.com/v2/media/ghs/d31967d4-4135-493f-9d9c-6783e27c5438/0fd76283-d659-43c0-ab33-319e23a3794c_174274041.jpeg?h=225&w=225
285096737,Potters Chesty Cough 20 Pastilles,https://www.tesco.com/groceries/en-GB/shop/health-and-beauty/all?department=Medicine&viewAll=department&page=,£3.00,£0.15/each,,,/groceries/en-GB/products/285096737,https://digitalcontent.api.tesco.com/v2/media/ghs/93379437-d9e0-42b7-adae-6ffb194d7d6c/3fd70f08-b73b-4a84-b3e3-29a2b7ee03dd_21252713.jpeg?h=225&w=225
303193854,Bonjela Soothing Teething Gel 15Ml,https://www.tesco.com/groceries/en-GB/shop/health-and-beauty/all?department=Medicine&viewAll=department&page=,£3.60,£24.00/100ml,,,/groceries/en-GB/products/303193854,https://digitalcontent.api.tesco.com/v2/media/ghs/7077c253-364c-47a8-93a0-dbda285bdd56/c8ef1edd-7646-43c2-9208-d4db2643b08a_543572679.jpeg?h=225&w=225
272105644,Elastoplast Extra Tough Waterproof Fabric 12S 10,https://www.tesco.com/groceries/en-GB/shop/health-and-beauty/all?department=Medicine&viewAll=department&page=,£2.70,£0.22/each,,,/groceries/en-GB/products/272105644,https://digitalcontent.api.tesco.com/v2/media/ghs/0a68bf3b-98b2-4f49-bc89-d1b1e4ba7c08/610f4757-e1db-48e7-89ad-013f2289d329_859917267.jpeg?h=225&w=225
308484024,Beechams Cold & Flu Powders 10 Sachets,https://www.tesco.com/groceries/en-GB/shop/health-and-beauty/all?department=Medicine&viewAll=department&page=,£2.65,£0.26/each,,,/groceries/en-GB/products/308484024,https://digitalcontent.api.tesco.com/v2/media/ghs-mktg/b0b04216-fa73-466d-a9d7-c9fcfa1ce9b3/no-image.jpeg
253885371,Tesco Health Sterile Wound Pads 5 Pack,https://www.tesco.com/groceries/en-GB/shop/health-and-beauty/all?department=Medicine&viewAll=department&page=,£1.50,£0.30/each,,,/groceries/en-GB/products/253885371,https://digitalcontent.api.tesco.com/v2/media/ghs/d0a17abb-f7d3-40e1-93bc-b2caa0a7e67e/2949eef4-78a5-402f-8db7-5006454358a9_688247640.jpeg?h=225&w=225
257427672,Rennie Sugar Free 24S,https://www.tesco.com/groceries/en-GB/shop/health-and-beauty/all?department=Medicine&viewAll=department&page=,£2.20,£0.09/each,,,/groceries/en-GB/products/257427672,https://digitalcontent.api.tesco.com/v2/media/ghs/6d5d8ccd-fb41-4b60-96ca-1a6fbd1bcc99/c54ccd1c-f17e-4c1e-b949-84f056a8034c_7562696.jpeg?h=225&w=225
256076949,Beechams Flu Plus Caplets 16S,https://www.tesco.com/groceries/en-GB/shop/health-and-beauty/all?department=Medicine&viewAll=department&page=,£2.40,£0.15/each,,,/groceries/en-GB/products/256076949,https://digitalcontent.api.tesco.com/v2/media/ghs/3acf1000-f489-4cd2-a282-81cd7f70565f/445db501-b3a9-46e3-b618-e1cd10ec6af4_25031472.jpeg?h=225&w=225
277842973,Tesco Faster Healing Hydrocolloid Dressings 5S,https://www.tesco.com/groceries/en-GB/shop/health-and-beauty/all?department=Medicine&viewAll=department&page=,£2.60,£0.52/each,,,/groceries/en-GB/products/277842973,https://digitalcontent.api.tesco.com/v2/media/ghs/7cc2a187-2a55-4148-8aae-111e5c6723db/073271ca-022b-40ab-84e4-9601edeb2934_2021450419.jpeg?h=225&w=225
301455829,Tesco Health Childrens Plaster 20 Pack,https://www.tesco.com/groceries/en-GB/shop/health-and-beauty/all?department=Medicine&viewAll=department&page=,£1.20,£0.06/each,,,/groceries/en-GB/products/301455829,https://digitalcontent.api.tesco.com/v2/media/ghs/94987dd0-c63b-44bc-b19e-d7a465fc3420/3eba90df-1f54-440e-883c-815ce486ae27_1488573703.jpeg?h=225&w=225
303182660,Anadin Paracetamol 12S Tablets,https://www.tesco.com/groceries/en-GB/shop/health-and-beauty/all?department=Medicine&viewAll=department&page=,£1.60,£0.13/each,,,/groceries/en-GB/products/303182660,https://digitalcontent.api.tesco.com/v2/media/ghs/b1ca113d-faa7-42df-99e7-41ce13322c3f/733aa849-349a-4058-9feb-ef1bbcf63b2e_956333059.jpeg?h=225&w=225
305972880,Tesco Health Senna 7.5G Tablets Adult 20'S,https://www.tesco.com/groceries/en-GB/shop/health-and-beauty/all?department=Medicine&viewAll=department&page=,£1.50,£0.08/each,,,/groceries/en-GB/products/305972880,https://digitalcontent.api.tesco.com/v2/media/ghs/59be9221-a673-4b5e-a903-7a8d3fb1d5b4/76488f40-0b04-4abe-ad5d-92ec78185b54_247083044.jpeg?h=225&w=225
290276811,Tesco Adult Vapour Rub 50G,https://www.tesco.com/groceries/en-GB/shop/health-and-beauty/all?department=Medicine&viewAll=department&page=,£1.35,£2.70/100g,,,/groceries/en-GB/products/290276811,https://digitalcontent.api.tesco.com/v2/media/ghs/8b27e91d-bd64-4e7c-a734-cba28cd7f7bc/0008d987-27b8-4299-bee7-509b55507a82_362775467.jpeg?h=225&w=225
308490609,Gaviscon Heartburn Tabs Mixed Berry 48'S,https://www.tesco.com/groceries/en-GB/shop/health-and-beauty/all?department=Medicine&viewAll=department&page=,£9.00,£0.19/each,,,/groceries/en-GB/products/308490609,https://digitalcontent.api.tesco.com/v2/media/ghs/594b5a90-47a6-461a-bc41-107411da6207/6322705e-691e-4db8-9413-c1abf6c091ab_1807252320.jpeg?h=225&w=225
259542368,E45 Cream 350G,https://www.tesco.com/groceries/en-GB/shop/health-and-beauty/all?department=Medicine&viewAll=department&page=,£9.50,£2.72/100g,,,/groceries/en-GB/products/259542368,https://digitalcontent.api.tesco.com/v2/media/ghs/23edf069-f956-43c0-bd52-c373bf7f2d21/0eab70eb-6fdb-4d35-aa16-ba81b29a6a84_2058546665.jpeg?h=225&w=225
280878120,Calpol Night Plug In Refills 5 Pads,https://www.tesco.com/groceries/en-GB/shop/health-and-beauty/all?department=Medicine&viewAll=department&page=,£7.00,£1.40/each,,,/groceries/en-GB/products/280878120,https://digitalcontent.api.tesco.com/v2/media/ghs/de6efa0a-a018-4fb0-906f-20d1b4af5723/a658590f-7e9f-4e62-819b-dbe70e534692_1661723349.jpeg?h=225&w=225
301401048,Voltarol 2.32% Joint Pain Relief Gel 30G,https://www.tesco.com/groceries/en-GB/shop/health-and-beauty/all?department=Medicine&viewAll=department&page=,£7.50,£25.00/100g,,,/groceries/en-GB/products/301401048,https://digitalcontent.api.tesco.com/v2/media/ghs/6c0cff3f-f9b2-4bdd-bb5d-f1bdcd03402e/66e4ea59-efa6-473d-87ac-f144dcbe075a_28228336.jpeg?h=225&w=225
259538687,Voltarol Paineze Emulgel 50G,https://www.tesco.com/groceries/en-GB/shop/health-and-beauty/all?department=Medicine&viewAll=department&page=,£7.50,£15.00/100g,£6.50 Clubcard Price,,/groceries/en-GB/products/259538687,https://digitalcontent.api.tesco.com/v2/media/ghs/7f9dcdce-d43f-4176-a1fc-dada22cb293b/7208a335-392b-4b0b-8776-3ece9d69a75a_993705464.jpeg?h=225&w=225
302274759,Guardium Acid Reflux Tablets 20Mg 7 Pack,https://www.tesco.com/groceries/en-GB/shop/health-and-beauty/all?department=Medicine&viewAll=department&page=,£7.00,£1.00/each,,,/groceries/en-GB/products/302274759,https://digitalcontent.api.tesco.com/v2/media/ghs/9377a0e0-a8c9-4b04-a349-ad2a8ade0672/c1b13e93-0d52-4a5b-bd90-776479e736c3_1715706859.jpeg?h=225&w=225
275301494,Germoloids Haemorrhoids Ointment 55Ml,https://www.tesco.com/groceries/en-GB/shop/health-and-beauty/all?department=Medicine&viewAll=department&page=,£6.50,£11.82/100ml,,,/groceries/en-GB/products/275301494,https://digitalcontent.api.tesco.com/v2/media/ghs/dd8a0ee9-6de8-4e7e-ae2a-7a9c21c09312/10cda624-1e6a-4290-bda5-dead8664e8d5_2019780923.jpeg?h=225&w=225
284718638,Buttercup Original Syrup 200Ml,https://www.tesco.com/groceries/en-GB/shop/health-and-beauty/all?department=Medicine&viewAll=department&page=,£6.40,£3.20/100ml,,,/groceries/en-GB/products/284718638,https://digitalcontent.api.tesco.com/v2/media/ghs/315017c9-5672-4e73-9e66-414345a30053/dc12a9a5-0d26-44f6-be09-e417e0ac79c5_1645084351.jpeg?h=225&w=225
263623880,Fybogel High Fibre Orange 30S,https://www.tesco.com/groceries/en-GB/shop/health-and-beauty/all?department=Medicine&viewAll=department&page=,£7.50,£0.25/each,,,/groceries/en-GB/products/263623880,https://digitalcontent.api.tesco.com/v2/media/ghs/7c7a1c28-e57b-439d-b94f-2ee33c41d0f0/1dcd9d8d-82e5-4796-9bd1-5c847efa7963_168069576.jpeg?h=225&w=225
302310200,Bronchostop Junior Cough Syrup 120Ml,https://www.tesco.com/groceries/en-GB/shop/health-and-beauty/all?department=Medicine&viewAll=department&page=,£6.75,£5.63/100ml,,,/groceries/en-GB/products/302310200,https://digitalcontent.api.tesco.com/v2/media/ghs/6789dcfa-85c8-4cb7-9fe3-2cd1902b0859/3825b653-4880-4073-bff0-631faee23d5f_368220205.jpeg?h=225&w=225
255351602,Germoloids Haemorrhoids 24 Suppositories,https://www.tesco.com/groceries/en-GB/shop/health-and-beauty/all?department=Medicine&viewAll=department&page=,£6.50,£0.27/each,,,/groceries/en-GB/products/255351602,https://digitalcontent.api.tesco.com/v2/media/ghs/4b94f6ea-87c2-499e-a089-904136a50d9f/96861271-3c48-4e4e-b996-932c0949fbad_1866042764.jpeg?h=225&w=225
282525792,Anusol Cream 43G,https://www.tesco.com/groceries/en-GB/shop/health-and-beauty/all?department=Medicine&viewAll=department&page=,£6.30,£14.66/100g,,,/groceries/en-GB/products/282525792,https://digitalcontent.api.tesco.com/v2/media/ghs/bc3d8e09-0964-4b1a-b794-088ca5cc32f9/9ab09f09-402d-428a-91d5-7774169cc777_320331835.jpeg?h=225&w=225
312830787,Benylin Herbal Chesty Coughs Syrup 100Ml,https://www.tesco.com/groceries/en-GB/shop/health-and-beauty/all?department=Medicine&viewAll=department&page=,£6.00,£6.00/100ml,,New,/groceries/en-GB/products/312830787,https://digitalcontent.api.tesco.com/v2/media/ghs/186e4b0d-d093-4069-a5d6-6addab4bf8a3/0c6b9acf-66b7-4c0f-bbc8-331b95deffaf_2067861512.jpeg?h=225&w=225
284736000,Bronchostop Pastilles 20 Pack,https://www.tesco.com/groceries/en-GB/shop/health-and-beauty/all?department=Medicine&viewAll=department&page=,£6.00,£0.30/each,,,/groceries/en-GB/products/284736000,https://digitalcontent.api.tesco.com/v2/media/ghs/53bbd3ef-57aa-4ebd-a991-f273246185ba/295dd56b-a4d7-46e2-afe9-34fcb929ec80_738075645.jpeg?h=225&w=225
258386176,Tesco Aciclovir Antiviral Cold Sore Cream 2G,https://www.tesco.com/groceries/en-GB/shop/health-and-beauty/all?department=Medicine&viewAll=department&page=,£3.50,£175.00/100g,,,/groceries/en-GB/products/258386176,https://digitalcontent.api.tesco.com/v2/media/ghs/aeffc200-aaf7-4ca0-bd0d-9c2a9faf8fa9/9e252ba8-89be-4977-a39b-502f4633855b_535321307.jpeg?h=225&w=225
282191272,Anusol Soothing Relief Suppositories 12,https://www.tesco.com/groceries/en-GB/shop/health-and-beauty/all?department=Medicine&viewAll=department&page=,£6.80,£0.57/each,,,/groceries/en-GB/products/282191272,https://digitalcontent.api.tesco.com/v2/media/ghs/fc63b519-68e8-48ba-936c-94ae172f1d50/2e5138e2-cbac-407a-bff6-9f6006155db3_2037891527.jpeg?h=225&w=225
310692950,Imodium Dual Action Relief Tablets 6'S,https://www.tesco.com/groceries/en-GB/shop/health-and-beauty/all?department=Medicine&viewAll=department&page=,£4.50,£0.75/each,£4.00 Clubcard Price,,/groceries/en-GB/products/310692950,https://digitalcontent.api.tesco.com/v2/media/ghs/d30d72f3-4d3f-42ad-b397-8fa2f732f610/f5985b77-7084-4734-9d99-d8e0059f1157_578333802.jpeg?h=225&w=225
255840908,Full Marks Solution 100Ml,https://www.tesco.com/groceries/en-GB/shop/health-and-beauty/all?department=Medicine&viewAll=department&page=,£5.25,£5.25/100ml,,,/groceries/en-GB/products/255840908,https://digitalcontent.api.tesco.com/v2/media/ghs/e39f06b4-2a40-4c52-b315-842f014f0dd5/4f132944-cb8e-4f01-bed5-8aa0ba479ff5_165789119.jpeg?h=225&w=225
259587023,Deep Freeze Cold Gel 100G,https://www.tesco.com/groceries/en-GB/shop/health-and-beauty/all?department=Medicine&viewAll=department&page=,£4.75,£4.75/100g,,,/groceries/en-GB/products/259587023,https://digitalcontent.api.tesco.com/v2/media/ghs/8eafcec9-67dd-4e0c-9104-acb78df7cfdf/98eb9f55-68e6-439a-86f7-ca8c1b819af4_1016819080.jpeg?h=225&w=225
305522859,Tesco Health Aqueous Cream Bp Pump 500Ml,https://www.tesco.com/groceries/en-GB/shop/health-and-beauty/all?department=Medicine&viewAll=department&page=,£5.25,£1.05/100ml,,,/groceries/en-GB/products/305522859,https://digitalcontent.api.tesco.com/v2/media/ghs/80f41f8c-e1c3-40cf-af8e-46bb4a732bb4/dc7bb98b-2d9a-4cee-b1b1-e72686a4dc9a_2143605068.jpeg?h=225&w=225
265306417,Feminax Express Period Pain Relief Tablets 16S,https://www.tesco.com/groceries/en-GB/shop/health-and-beauty/all?department=Medicine&viewAll=department&page=,£4.50,£0.28/each,,,/groceries/en-GB/products/265306417,https://digitalcontent.api.tesco.com/v2/media/ghs/80ddbfa3-4f80-4b83-ac56-d53e4e5a3e45/a34f4a1b-9591-47c6-ac9f-ab6351ee2cf5_499095518.jpeg?h=225&w=225
289490385,Deep Heat Muscle Massage Roll-On Lotion 50Ml,https://www.tesco.com/groceries/en-GB/shop/health-and-beauty/all?department=Medicine&viewAll=department&page=,£5.00,£10.00/100ml,,,/groceries/en-GB/products/289490385,https://digitalcontent.api.tesco.com/v2/media/ghs/cb1442f6-fa62-4cf3-b01a-04c3dc79aa67/8f38b5c4-4321-44da-8439-990ef7458f57_465759699.jpeg?h=225&w=225
272490664,Otrivine Allergy 0.1% Nasal Spray10ml,https://www.tesco.com/groceries/en-GB/shop/health-and-beauty/all?department=Medicine&viewAll=department&page=,£4.50,£45.00/100ml,,,/groceries/en-GB/products/272490664,https://digitalcontent.api.tesco.com/v2/media/ghs/00b38d32-21ad-4471-a262-7c306743be7f/391d6a8e-3a74-4d85-8bfa-b8860fff1120_10857115.jpeg?h=225&w=225
252633971,Covonia Chesty Cough Mixture 150Ml,https://www.tesco.com/groceries/en-GB/shop/health-and-beauty/all?department=Medicine&viewAll=department&page=,£4.50,£3.00/100ml,,,/groceries/en-GB/products/252633971,https://digitalcontent.api.tesco.com/v2/media/ghs/93cfff0c-a7c4-4987-8ae4-fc797dc83f0a/ecaf5f08-7983-4a9b-9b42-027c138186d1_249191587.jpeg?h=225&w=225
257129685,Anusol Ointment 25G,https://www.tesco.com/groceries/en-GB/shop/health-and-beauty/all?department=Medicine&viewAll=department&page=,£4.30,£17.20/100g,,,/groceries/en-GB/products/257129685,https://digitalcontent.api.tesco.com/v2/media/ghs/2eacfbb5-cc73-4898-a2ac-b1f528175d98/deaf868f-eb4b-4ee7-947b-ad7aed3e7d2b_857039354.jpeg?h=225&w=225
258821981,Anthisan Cream 20G,https://www.tesco.com/groceries/en-GB/shop/health-and-beauty/all?department=Medicine&viewAll=department&page=,£4.00,£20.00/100g,,,/groceries/en-GB/products/258821981,https://digitalcontent.api.tesco.com/v2/media/ghs/948289bd-9301-4b96-a472-972cf0807933/f55f78bc-2da9-46a2-956a-d4acc4365235_2006439353.jpeg?h=225&w=225
264480815,Deep Freeze Spray 150Ml,https://www.tesco.com/groceries/en-GB/shop/health-and-beauty/all?department=Medicine&viewAll=department&page=,£4.00,£2.67/100ml,,,/groceries/en-GB/products/264480815,https://digitalcontent.api.tesco.com/v2/media/ghs/e649b213-9799-466b-a40b-b406d89299dd/199a4cdd-7d50-401a-879f-b2a152befa40_1471180475.jpeg?h=225&w=225
284738384,Sudafed Headache Day & Night Capsules 16'S,https://www.tesco.com/groceries/en-GB/shop/health-and-beauty/all?department=Medicine&viewAll=department&page=,£4.50,£0.28/each,£3.60 Clubcard Price,,/groceries/en-GB/products/284738384,https://digitalcontent.api.tesco.com/v2/media/ghs/8bcf3702-85cf-400b-93a0-58361eecd86d/2a174cac-1903-40b8-afca-c7384f96bc22_641520096.jpeg?h=225&w=225
299487294,Elastoplast Fabric Strapping 2.5Cm X 3M 1Pc,https://www.tesco.com/groceries/en-GB/shop/health-and-beauty/all?department=Medicine&viewAll=department&page=,£3.25,£3.25/each,,,/groceries/en-GB/products/299487294,https://digitalcontent.api.tesco.com/v2/media/ghs/fe20b487-163d-49ae-ab32-8fd539099178/a73b9a12-14c7-4c54-9c96-d90813fdc61b_928163000.jpeg?h=225&w=225
256876248,Bonjela Cool 15G,https://www.tesco.com/groceries/en-GB/shop/health-and-beauty/all?department=Medicine&viewAll=department&page=,£5.50,£36.67/100g,,,/groceries/en-GB/products/256876248,https://digitalcontent.api.tesco.com/v2/media/ghs/eb51e2e6-13e9-4cb8-8dd9-957d17eb8aea/7efd367b-145d-4c36-ad36-2b54adc9f04e_843900799.jpeg?h=225&w=225
267397420,Calcough Childrens Syrup Blackcurrant 125Ml,https://www.tesco.com/groceries/en-GB/shop/health-and-beauty/all?department=Medicine&viewAll=department&page=,£4.00,£3.20/100ml,£3.60 Clubcard Price,,/groceries/en-GB/products/267397420,https://digitalcontent.api.tesco.com/v2/media/ghs/09cf6ed9-bdb9-441a-bd01-61a1e63d88e0/183f0335-dfde-4dca-8364-5cba6070aa00_213879056.jpeg?h=225&w=225
258012936,4Head Headache Treatment 3.6G,https://www.tesco.com/groceries/en-GB/shop/health-and-beauty/all?department=Medicine&viewAll=department&page=,£4.50,£125.00/100g,,,/groceries/en-GB/products/258012936,https://digitalcontent.api.tesco.com/v2/media/ghs/07dc1d2a-0f48-434f-ac9c-55407fde6525/f690f04c-fb62-45fc-8107-51c4477727e6_1183984420.jpeg?h=225&w=225
252562461,Deep Heat Spray 150Ml,https://www.tesco.com/groceries/en-GB/shop/health-and-beauty/all?department=Medicine&viewAll=department&page=,£3.50,£2.34/100ml,,,/groceries/en-GB/products/252562461,https://digitalcontent.api.tesco.com/v2/media/ghs/5b4fa804-3170-4255-9f1e-7f43c1e5076e/983652c6-2bca-402b-90ca-3d5f4d587e24_1878784913.jpeg?h=225&w=225
253942563,Elastoplast Finger Strips 16S,https://www.tesco.com/groceries/en-GB/shop/health-and-beauty/all?department=Medicine&viewAll=department&page=,£2.85,£0.18/each,,,/groceries/en-GB/products/253942563,https://digitalcontent.api.tesco.com/v2/media/ghs/5abb222e-2d58-48d5-98c6-eab45ab0c362/097fc7ed-e3df-480c-b2df-3ecc59238f03_506354436.jpeg?h=225&w=225
308103718,Rennie Dual Action 12S Chewable Tablets,https://www.tesco.com/groceries/en-GB/shop/health-and-beauty/all?department=Medicine&viewAll=department&page=,£2.60,£0.22/each,,,/groceries/en-GB/products/308103718,https://digitalcontent.api.tesco.com/v2/media/ghs/2c710816-72ec-400b-8cea-af2bc886f196/d723de89-536a-4195-8cc0-c0d58636c136_357994934.jpeg?h=225&w=225
310137284,Nuromol Tablets Ibuprofen & Paracetamol 6S,https://www.tesco.com/groceries/en-GB/shop/health-and-beauty/all?department=Medicine&viewAll=department&page=,£2.50,£0.42/each,,,/groceries/en-GB/products/310137284,https://digitalcontent.api.tesco.com/v2/media/ghs/4454fe91-2a71-421f-baae-7a04a50567cd/5507755a-7e03-4efd-a9a7-152496dfc260_637566356.jpeg?h=225&w=225
280319760,Tesco Max Strength All In One Cold & Flu 16 Capsule,https://www.tesco.com/groceries/en-GB/shop/health-and-beauty/all?department=Medicine&viewAll=department&page=,£1.75,£0.11/each,,,/groceries/en-GB/products/280319760,https://digitalcontent.api.tesco.com/v2/media/ghs/1bb8a2d3-334b-469a-8e8b-7805a5037bff/d446cb82-1c89-4153-bfcc-62ba586d40c1_180669834.jpeg?h=225&w=225
277842593,Tesco Skin Closure Strips 8'S,https://www.tesco.com/groceries/en-GB/shop/health-and-beauty/all?department=Medicine&viewAll=department&page=,£1.15,£0.14/each,,,/groceries/en-GB/products/277842593,https://digitalcontent.api.tesco.com/v2/media/ghs/534277ab-e962-4b22-834f-e8582944dbf2/12b68a78-3667-4214-86b0-8fb167fd146a_2096392779.jpeg?h=225&w=225
277842063,Tesco Faster Healing Plasters Hydrocolloid 16S,https://www.tesco.com/groceries/en-GB/shop/health-and-beauty/all?department=Medicine&viewAll=department&page=,£2.25,£0.14/each,,,/groceries/en-GB/products/277842063,https://digitalcontent.api.tesco.com/v2/media/ghs/a3e61b01-db72-4581-9618-3d010873abfc/e69d3923-3ec2-4c7e-813d-1d9cda7af1d7_248395569.jpeg?h=225&w=225
258031717,Canesten Thrush Pessary & Cream Combination,https://www.tesco.com/groceries/en-GB/shop/health-and-beauty/all?department=Medicine&viewAll=department&page=,£14.30,£14.30/each,,,/groceries/en-GB/products/258031717,https://digitalcontent.api.tesco.com/v2/media/ghs/1ce2768b-6755-4484-9389-71b2fac1c30e/746f506c-5db0-4ac0-be24-ed5a9e59e9fb_617831530.jpeg?h=225&w=225
257022428,Canesten Thrush Cream Combination,https://www.tesco.com/groceries/en-GB/shop/health-and-beauty/all?department=Medicine&viewAll=department&page=,£15.50,£15.50/each,,,/groceries/en-GB/products/257022428,https://digitalcontent.api.tesco.com/v2/media/ghs/c06910d5-41c6-409f-9042-36d4a2451f66/07f8c1f4-3ddd-46b6-8893-a7aed7a2033e_351515611.jpeg?h=225&w=225
297386020,Nexium Control Capsules 14 Pack,https://www.tesco.com/groceries/en-GB/shop/health-and-beauty/all?department=Medicine&viewAll=department&page=,£14.00,£1.00/each,,,/groceries/en-GB/products/297386020,https://digitalcontent.api.tesco.com/v2/media/ghs/4a83ddc1-85a8-4b6c-8556-ef09cdbc716a/d9829d8b-0b80-4229-ae5f-2f6d2297b363_2114320633.jpeg?h=225&w=225
305959015,Neo G Neotape Therapy Aid Tape Blue 5Cm X 5M,https://www.tesco.com/groceries/en-GB/shop/health-and-beauty/all?department=Medicine&viewAll=department&page=,£15.00,£15.00/each,,,/groceries/en-GB/products/305959015,https://digitalcontent.api.tesco.com/v2/media/ghs/e0c86715-ac1b-4775-b9ee-c313571fb356/c50df480-e9c6-4189-8da7-7a6816050990_39856429.jpeg?h=225&w=225
306805980,Tesco Health 20Mg Heartburn & Acid Reflux 14 Capsules,https://www.tesco.com/groceries/en-GB/shop/health-and-beauty/all?department=Medicine&viewAll=department&page=,£8.00,£0.57/each,,,/groceries/en-GB/products/306805980,https://digitalcontent.api.tesco.com/v2/media/ghs/00e60009-3982-491c-a82d-fdc666d9100c/fa6930f6-8b1e-4aaa-895a-b6462cba5f4a_1676935486.jpeg?h=225&w=225
297630076,Gaviscon Advance Aniseed 300Ml,https://www.tesco.com/groceries/en-GB/shop/health-and-beauty/all?department=Medicine&viewAll=department&page=,£10.50,£3.50/100ml,,,/groceries/en-GB/products/297630076,https://digitalcontent.api.tesco.com/v2/media/ghs/d9485552-9a10-48e1-b0ec-d22e69eb76e3/5a2d3c24-5d68-4093-b030-a45fea9d4cb8_1053679274.jpeg?h=225&w=225
306498817,Gaviscon Advance Oral Suspension Peppermint 300Ml,https://www.tesco.com/groceries/en-GB/shop/health-and-beauty/all?department=Medicine&viewAll=department&page=,£10.50,£3.50/100ml,,,/groceries/en-GB/products/306498817,https://digitalcontent.api.tesco.com/v2/media/ghs/74fb46c1-108d-4528-979d-6deedf3832b9/64e0a2e5-c9ff-499a-b330-1995620fd663_755074531.jpeg?h=225&w=225
255601428,Benadryl Allergy Relief 24 Caps,https://www.tesco.com/groceries/en-GB/shop/health-and-beauty/all?department=Medicine&viewAll=department&page=,£10.00,£0.42/each,,,/groceries/en-GB/products/255601428,https://digitalcontent.api.tesco.com/v2/media/ghs/dc565dc9-afaa-477f-b1ff-39533737a39a/54acb504-da2a-4c5f-bef8-b65999f1a092_1748964091.jpeg?h=225&w=225
301340148,Benylin Mucus Max Honey & Lemon 300Ml,https://www.tesco.com/groceries/en-GB/shop/health-and-beauty/all?department=Medicine&viewAll=department&page=,£8.00,£2.67/100ml,,,/groceries/en-GB/products/301340148,https://digitalcontent.api.tesco.com/v2/media/ghs/8eb9144b-0f6a-4e69-bf6f-03cb5edfb189/b2c9f358-5f07-4e3b-a75b-eab1c2c77a04_1381697784.jpeg?h=225&w=225
297519641,Gaviscon Double Action Aniseed 300Ml,https://www.tesco.com/groceries/en-GB/shop/health-and-beauty/all?department=Medicine&viewAll=department&page=,£8.00,£2.67/100ml,,,/groceries/en-GB/products/297519641,https://digitalcontent.api.tesco.com/v2/media/ghs/2b4cd2d1-72da-4c4a-976b-4f5bcee6da05/5d9c65e9-8eca-4e11-b272-7f0d6c46163b_434031853.jpeg?h=225&w=225
297519589,E45 Lotion 500Ml,https://www.tesco.com/groceries/en-GB/shop/health-and-beauty/all?department=Medicine&viewAll=department&page=,£8.50,£1.70/100ml,,,/groceries/en-GB/products/297519589,https://digitalcontent.api.tesco.com/v2/media/ghs/2b60b8c7-9348-4b5b-8e48-c54b96056e5a/c73b2486-006c-417e-8a5b-627dc633f257_1421573275.jpeg?h=225&w=225
308852476,Tesco Heartburn & Acid Reflux Control 20Mg 7Caps,https://www.tesco.com/groceries/en-GB/shop/health-and-beauty/all?department=Medicine&viewAll=department&page=,£5.00,£0.72/each,,,/groceries/en-GB/products/308852476,https://digitalcontent.api.tesco.com/v2/media/ghs/be71596d-b094-411f-8f65-dccde3f40356/202a7148-4b95-48d8-9b1c-c6d69d62c639_1136989952.jpeg?h=225&w=225
272557276,Preparation H Soothing 30 Wipes,https://www.tesco.com/groceries/en-GB/shop/health-and-beauty/all?department=Medicine&viewAll=department&page=,£4.60,£0.15/each,,,/groceries/en-GB/products/272557276,https://digitalcontent.api.tesco.com/v2/media/ghs/64ad00c6-d1de-47b3-b508-58ee147415b2/5f6bdee8-1e99-440a-a4a6-81a8013ffa04_1391476596.jpeg?h=225&w=225
291746248,Califig 100Ml,https://www.tesco.com/groceries/en-GB/shop/health-and-beauty/all?department=Medicine&viewAll=department&page=,£6.00,£6.00/100ml,,,/groceries/en-GB/products/291746248,https://digitalcontent.api.tesco.com/v2/media/ghs/e606ffe2-15ee-4db3-8740-ab2b11745459/1fcaf561-d724-4f05-b59b-d3995fb434fc_376282759.jpeg?h=225&w=225
264873420,Ultra Chloroseptic Spray Cherry 15Ml,https://www.tesco.com/groceries/en-GB/shop/health-and-beauty/all?department=Medicine&viewAll=department&page=,£5.50,£36.67/100ml,,,/groceries/en-GB/products/264873420,https://digitalcontent.api.tesco.com/v2/media/ghs/58941f84-702c-4cdd-8aac-c639f0e42eeb/75e1f683-8c4e-42aa-ad19-e7349e29f929_493744458.jpeg?h=225&w=225
285392902,Covonia Chesty Cough Sugar Free 150Ml,https://www.tesco.com/groceries/en-GB/shop/health-and-beauty/all?department=Medicine&viewAll=department&page=,£5.25,£3.50/100ml,,,/groceries/en-GB/products/285392902,https://digitalcontent.api.tesco.com/v2/media/ghs/7aeb9f4b-0d0b-4e76-87d6-89587d6e07d8/a3abc09b-8928-4ac9-a400-0190c7df5651_665704179.jpeg?h=225&w=225
264873282,Ultra Chloroseptic Spray 15Ml,https://www.tesco.com/groceries/en-GB/shop/health-and-beauty/all?department=Medicine&viewAll=department&page=,£5.50,£36.67/100ml,,,/groceries/en-GB/products/264873282,https://digitalcontent.api.tesco.com/v2/media/ghs/f81a411e-af61-4a5f-aa1e-56c149181c9a/191f5e15-36b4-4d27-b263-4c8c7e2902af_2023203172.jpeg?h=225&w=225
264540906,Optrex Itchy Eyes 10Ml,https://www.tesco.com/groceries/en-GB/shop/health-and-beauty/all?department=Medicine&viewAll=department&page=,£5.00,£50.00/100ml,,,/groceries/en-GB/products/264540906,https://digitalcontent.api.tesco.com/v2/media/ghs/0cd79ab9-c896-46af-8d87-e46b13c81f4a/e5aca82c-a7a6-4fe7-8759-4d7a2fa0bf6c_887670913.jpeg?h=225&w=225
267308562,Vicks First Defence Nasal Spray 15Ml,https://www.tesco.com/groceries/en-GB/shop/health-and-beauty/all?department=Medicine&viewAll=department&page=,£7.00,£46.67/100ml,,,/groceries/en-GB/products/267308562,https://digitalcontent.api.tesco.com/v2/media/ghs/d3303dba-a2aa-4307-8905-0b100be59ec8/d9634f51-32c1-424c-bd2f-d21b0eee8b96_1869227830.jpeg?h=225&w=225
310097537,Nuromol Tablets Ibuprofen & Paracetamol 16S,https://www.tesco.com/groceries/en-GB/shop/health-and-beauty/all?department=Medicine&viewAll=department&page=,£5.00,£0.31/each,,,/groceries/en-GB/products/310097537,https://digitalcontent.api.tesco.com/v2/media/ghs/377b2fe2-ecc3-4668-8987-51d05adb53ff/d89e9cb1-f156-4d8e-bf53-5498e790a6c1_171849346.jpeg?h=225&w=225
308109188,Sterimar Allergy & Hayfever Relief 50Ml,https://www.tesco.com/groceries/en-GB/shop/health-and-beauty/all?department=Medicine&viewAll=department&page=,£5.00,£10.00/100ml,,,/groceries/en-GB/products/308109188,https://digitalcontent.api.tesco.com/v2/media/ghs/b39f9a3c-26f8-4bcf-8360-916b59514645/8cff8686-ecc3-4da5-8a11-e05f61415ec3_261377108.jpeg?h=225&w=225
265749676,Immunace. 30S,https://www.tesco.com/groceries/en-GB/shop/health-and-beauty/all?department=Medicine&viewAll=department&page=,£7.00,£0.23/each,Any 3 for 2 Clubcard Price - Cheapest Product Free - Selected Vitamins Or Supplements,,/groceries/en-GB/products/265749676,https://digitalcontent.api.tesco.com/v2/media/ghs/e77ce083-c655-40a3-9a1d-7fdbc22d9812/d1ee142f-48eb-439c-adac-8d7f37f97186_485959369.jpeg?h=225&w=225
285348129,Deep Heat Max Strength 35G,https://www.tesco.com/groceries/en-GB/shop/health-and-beauty/all?department=Medicine&viewAll=department&page=,£4.50,£12.86/100g,,,/groceries/en-GB/products/285348129,https://digitalcontent.api.tesco.com/v2/media/ghs/1d59bd6b-b741-4cd8-b68a-a513df3d2129/ce3204c9-900d-45af-9f64-243c6979747a_21684627.jpeg?h=225&w=225
255621865,Nurofen Express Ibuprofen 256Mg Tablets 16 Pack,https://www.tesco.com/groceries/en-GB/shop/health-and-beauty/all?department=Medicine&viewAll=department&page=,£4.00,£0.25/each,,,/groceries/en-GB/products/255621865,https://digitalcontent.api.tesco.com/v2/media/ghs/62536ccd-1871-436e-acf7-dac5018eb7e0/551c89b1-41aa-49b4-ae1c-419d94fb5e57_291684051.jpeg?h=225&w=225
271332060,Benylin Mucus Cough & Cold All In One Tablets16,https://www.tesco.com/groceries/en-GB/shop/health-and-beauty/all?department=Medicine&viewAll=department&page=,£4.50,£0.28/each,£4.00 Clubcard Price,,/groceries/en-GB/products/271332060,https://digitalcontent.api.tesco.com/v2/media/ghs/0daa77a0-7fe9-491e-b6dc-6a3fa3a65d75/7856f88c-f7ae-4406-bd09-74fe89c70b22_2085380522.jpeg?h=225&w=225
306940185,Earhub Sleepwell Soft Silicone Earplugs 6 Pair,https://www.tesco.com/groceries/en-GB/shop/health-and-beauty/all?department=Medicine&viewAll=department&page=,£8.65,£8.65/each,£6.00 Clubcard Price,,/groceries/en-GB/products/306940185,https://digitalcontent.api.tesco.com/v2/media/ghs/132bd4ba-a28f-4c44-9346-c3d86e440aba/bdffa404-c97f-47d8-8c74-e3852990e11d_1048477392.jpeg?h=225&w=225
290920280,Nurofen Pain Relief 16 Caps 200Mg,https://www.tesco.com/groceries/en-GB/shop/health-and-beauty/all?department=Medicine&viewAll=department&page=,£4.00,£0.25/each,,,/groceries/en-GB/products/290920280,https://digitalcontent.api.tesco.com/v2/media/ghs/43531acd-be41-4078-82d9-a5347542f51a/68420539-79f0-48ff-b80b-420dfa0beeab_1754784655.jpeg?h=225&w=225
282185337,Bonjela Junior Banana Gel 15G,https://www.tesco.com/groceries/en-GB/shop/health-and-beauty/all?department=Medicine&viewAll=department&page=,£4.00,£26.67/100g,,,/groceries/en-GB/products/282185337,https://digitalcontent.api.tesco.com/v2/media/ghs/31b64b41-9290-4d72-8139-89cece03b49e/465389ac-b835-4e89-aa47-b43058ea3ede_2021762427.jpeg?h=225&w=225
254129465,Beechams All In One Tablets 16S,https://www.tesco.com/groceries/en-GB/shop/health-and-beauty/all?department=Medicine&viewAll=department&page=,£4.00,£0.25/each,£3.00 Clubcard Price,,/groceries/en-GB/products/254129465,https://digitalcontent.api.tesco.com/v2/media/ghs/63adf82d-78f7-4fec-a973-8328c0fec4ca/da47ccc7-a727-409c-84cc-89df2387e841_194827239.jpeg?h=225&w=225
256105703,Orajel Dental Gel 5.3G,https://www.tesco.com/groceries/en-GB/shop/health-and-beauty/all?department=Medicine&viewAll=department&page=,£3.50,£66.04/100g,,,/groceries/en-GB/products/256105703,https://digitalcontent.api.tesco.com/v2/media/ghs/2f81298d-22b6-424f-8a9d-92789ee51a26/ce9449a1-0f55-48b6-859e-6ce1d2e059a4_1923098559.jpeg?h=225&w=225
255213409,Nurofen Migraine Pain 12S,https://www.tesco.com/groceries/en-GB/shop/health-and-beauty/all?department=Medicine&viewAll=department&page=,£3.20,£0.27/each,,,/groceries/en-GB/products/255213409,https://digitalcontent.api.tesco.com/v2/media/ghs/335033f4-e680-45fd-b587-53c8129dc6c7/06aa1387-93ea-49e5-816f-7d2cf6169476_633991703.jpeg?h=225&w=225
301420139,Otex Sodium Bicarbonate Ear Drops 10Ml,https://www.tesco.com/groceries/en-GB/shop/health-and-beauty/all?department=Medicine&viewAll=department&page=,£4.00,£40.00/100ml,£3.20 Clubcard Price,,/groceries/en-GB/products/301420139,https://digitalcontent.api.tesco.com/v2/media/ghs/40aae93a-f871-4372-ae8d-45eaeb10d414/64731687-a648-4586-9652-32bfd12f1078_522512499.jpeg?h=225&w=225
262487454,Nurofen Express Ibuprofen 200Mg Liquid Capsules 10S,https://www.tesco.com/groceries/en-GB/shop/health-and-beauty/all?department=Medicine&viewAll=department&page=,£3.00,£0.30/each,,,/groceries/en-GB/products/262487454,https://digitalcontent.api.tesco.com/v2/media/ghs/65ea3d10-f037-4297-a755-6c08ca778edd/a9366eaa-5021-4476-a9f2-5c71fd7a8e24_1632223661.jpeg?h=225&w=225
310127477,Olbas Inhaler Nasal Stick 2 X 695Mg,https://www.tesco.com/groceries/en-GB/shop/health-and-beauty/all?department=Medicine&viewAll=department&page=,£3.00,£1.50/each,,,/groceries/en-GB/products/310127477,https://digitalcontent.api.tesco.com/v2/media/ghs-mktg/b0b04216-fa73-466d-a9d7-c9fcfa1ce9b3/no-image.jpeg
255675674,Tesco Washproof 10 Strips 6Cm X 10Cm,https://www.tesco.com/groceries/en-GB/shop/health-and-beauty/all?department=Medicine&viewAll=department&page=,£1.40,£0.14/each,,,/groceries/en-GB/products/255675674,https://digitalcontent.api.tesco.com/v2/media/ghs/e765500c-b9d2-48ca-a081-e357cb5f4dc0/a0c867f6-a302-48a2-ba27-15a355e27b87_1878065286.jpeg?h=225&w=225
250790412,Tesco Calamine Lotion 200Ml,https://www.tesco.com/groceries/en-GB/shop/health-and-beauty/all?department=Medicine&viewAll=department&page=,£2.00,£1.00/100ml,,,/groceries/en-GB/products/250790412,https://digitalcontent.api.tesco.com/v2/media/ghs/3a88501a-05fe-403a-86a8-e1b9dad2ef1a/dd414ab6-9ff3-42ab-84f1-58ebeae1e311_1580362453.jpeg?h=225&w=225
272619854,Blistex Relief Cream 5 G,https://www.tesco.com/groceries/en-GB/shop/health-and-beauty/all?department=Medicine&viewAll=department&page=,£3.20,£64.00/100g,,,/groceries/en-GB/products/272619854,https://digitalcontent.api.tesco.com/v2/media/ghs/eb7ae654-9e80-4ebb-95cc-c9afbab8479c/08d1f0be-dcec-4d09-96c0-9356778824ee_828825279.jpeg?h=225&w=225
250537351,Tesco Swimming Plasters 16'S,https://www.tesco.com/groceries/en-GB/shop/health-and-beauty/all?department=Medicine&viewAll=department&page=,£1.15,£0.07/each,,,/groceries/en-GB/products/250537351,https://digitalcontent.api.tesco.com/v2/media/ghs/67cd1e71-e9ab-4f1e-a038-bfb48017cdec/4e9afced-47a6-4c00-87bd-83829c73d865_884539618.jpeg?h=225&w=225
279427016,Galpharm Ibuprofen Capsules 16S,https://www.tesco.com/groceries/en-GB/shop/health-and-beauty/all?department=Medicine&viewAll=department&page=,£0.80,£0.05/each,,,/groceries/en-GB/products/279427016,https://digitalcontent.api.tesco.com/v2/media/ghs-mktg/b0b04216-fa73-466d-a9d7-c9fcfa1ce9b3/no-image.jpeg
277493043,Clarityn Allergy Tablets One A Day 30'S,https://www.tesco.com/groceries/en-GB/shop/health-and-beauty/all?department=Medicine&viewAll=department&page=,£10.40,£0.35/each,,,/groceries/en-GB/products/277493043,https://digitalcontent.api.tesco.com/v2/media/ghs/499e3a50-3366-4083-b673-55555986937b/f81039a6-58f2-4de7-affc-b776919fa39d_15836902.jpeg?h=225&w=225
304390325,Flourish Intimate Moisturiser 42.5G,https://www.tesco.com/groceries/en-GB/shop/health-and-beauty/all?department=Medicine&viewAll=department&page=,£11.00,£25.89/100g,Any 3 for 2 Clubcard Price - Cheapest Product Free - Selected Vitamins Or Supplements,,/groceries/en-GB/products/304390325,https://digitalcontent.api.tesco.com/v2/media/ghs/d5bf3027-6975-4090-bd5e-d3f8d3aa549c/2efe2e4b-d872-4adb-bc25-2df4caf61113_1509889608.jpeg?h=225&w=225
299836659,Lyclear Shampoo Plus Comb 200Ml,https://www.tesco.com/groceries/en-GB/shop/health-and-beauty/all?department=Medicine&viewAll=department&page=,£12.00,£6.00/100ml,,,/groceries/en-GB/products/299836659,https://digitalcontent.api.tesco.com/v2/media/ghs/0d9a4692-47c2-4aeb-b873-3d079925c92b/2755131b-7e9d-406d-989b-514bcd30d105_2101295081.jpeg?h=225&w=225
297764735,Benylin Dry & Tickly Cough 300Ml,https://www.tesco.com/groceries/en-GB/shop/health-and-beauty/all?department=Medicine&viewAll=department&page=,£8.90,£2.97/100ml,,,/groceries/en-GB/products/297764735,https://digitalcontent.api.tesco.com/v2/media/ghs/1658ac2d-0aee-45e9-adda-33d8f7e5b60c/2d1f0f2d-8548-4b7b-9c0b-4cff4a778b1f_193038558.jpeg?h=225&w=225
303182585,Becodefence Kids Nasal Spray 20Ml,https://www.tesco.com/groceries/en-GB/shop/health-and-beauty/all?department=Medicine&viewAll=department&page=,£10.00,£50.00/100ml,,,/groceries/en-GB/products/303182585,https://digitalcontent.api.tesco.com/v2/media/ghs/65a28cc8-fa8d-413d-8ffd-9c13cc504ed2/72854f2e-f8b4-437e-a661-d6858ce324fe_2040492545.jpeg?h=225&w=225
264680452,Benadryl Tablets 30S,https://www.tesco.com/groceries/en-GB/shop/health-and-beauty/all?department=Medicine&viewAll=department&page=,£10.00,£0.33/each,,,/groceries/en-GB/products/264680452,https://digitalcontent.api.tesco.com/v2/media/ghs/f0a49e28-e147-45dc-b04f-09c0f54a3bbe/a6fd240f-c9e9-4be2-b417-8dfa8f56d610_652073366.jpeg?h=225&w=225
252746336,Oilatum Bath Formula 300Ml,https://www.tesco.com/groceries/en-GB/shop/health-and-beauty/all?department=Medicine&viewAll=department&page=,£8.50,£2.84/100ml,,,/groceries/en-GB/products/252746336,https://digitalcontent.api.tesco.com/v2/media/ghs/cd12a814-2187-4039-8a66-eeacd4306e5e/864af3a1-6295-48c6-8202-27c9576bd860_325343723.jpeg?h=225&w=225
282301092,Clarityn Hayfever Allergy Tablets 14S,https://www.tesco.com/groceries/en-GB/shop/health-and-beauty/all?department=Medicine&viewAll=department&page=,£6.00,£0.43/each,,,/groceries/en-GB/products/282301092,https://digitalcontent.api.tesco.com/v2/media/ghs/523fd02b-5334-428d-9b1a-eaf632348ecb/ebd63bdc-8fd4-44d9-96a3-68d6de4391aa_2056744801.jpeg?h=225&w=225
266478067,Benadryl One A Day Relief 14S,https://www.tesco.com/groceries/en-GB/shop/health-and-beauty/all?department=Medicine&viewAll=department&page=,£6.50,£0.46/each,,,/groceries/en-GB/products/266478067,https://digitalcontent.api.tesco.com/v2/media/ghs/7dc050a6-ea33-43f5-8d96-2e8104511409/09eda1d5-a92f-457d-83df-a0b122923f9e_608845411.jpeg?h=225&w=225
310650539,Allevia 120Mg Tablets 15 Pack,https://www.tesco.com/groceries/en-GB/shop/health-and-beauty/all?department=Medicine&viewAll=department&page=,£5.90,£0.39/each,,,/groceries/en-GB/products/310650539,https://digitalcontent.api.tesco.com/v2/media/ghs/ecaf7190-f094-4ebe-9bfe-d23bcad25181/156b6aa3-64be-4597-bc9d-a5a13f3e681f_267049690.jpeg?h=225&w=225
271330937,Covonia Catarrh Relief Formula 150Ml,https://www.tesco.com/groceries/en-GB/shop/health-and-beauty/all?department=Medicine&viewAll=department&page=,£6.00,£4.00/100ml,,,/groceries/en-GB/products/271330937,https://digitalcontent.api.tesco.com/v2/media/ghs/01a905e7-919d-467c-8142-a75f17e2139d/d244dd76-055b-4f35-a235-452ced926727_1615665436.jpeg?h=225&w=225
272506683,Benadryl Allergy Children's Oral 70 Ml,https://www.tesco.com/groceries/en-GB/shop/health-and-beauty/all?department=Medicine&viewAll=department&page=,£5.85,£8.36/100ml,,,/groceries/en-GB/products/272506683,https://digitalcontent.api.tesco.com/v2/media/ghs/1fb29382-5386-437c-8174-f2df47fbb443/d9fa1b3d-a86c-40e4-84bc-8f50cb387983_2038885289.jpeg?h=225&w=225
284950402,Lanacane Anti Chafing Gel 28G,https://www.tesco.com/groceries/en-GB/shop/health-and-beauty/all?department=Medicine&viewAll=department&page=,£6.50,£23.22/100g,,,/groceries/en-GB/products/284950402,https://digitalcontent.api.tesco.com/v2/media/ghs/1e70d1c8-e66a-4ede-ab35-cdc4a8a2cf6a/6d64c660-8474-4adb-bb2e-949138677dd5_800776015.jpeg?h=225&w=225
285060843,Canesoasis Cystitis Relief 6S,https://www.tesco.com/groceries/en-GB/shop/health-and-beauty/all?department=Medicine&viewAll=department&page=,£5.65,£0.94/each,,,/groceries/en-GB/products/285060843,https://digitalcontent.api.tesco.com/v2/media/ghs/ae7e6952-4595-4e21-a290-c9e0bd74881a/b730b0c2-3c1f-4174-8bf0-040614aed223_1907602511.jpeg?h=225&w=225
255326541,Benadryl Allergy Relief 12S,https://www.tesco.com/groceries/en-GB/shop/health-and-beauty/all?department=Medicine&viewAll=department&page=,£5.70,£0.48/each,,,/groceries/en-GB/products/255326541,https://digitalcontent.api.tesco.com/v2/media/ghs/bf20c575-d17f-47d6-9f84-d633e19b06e0/7107418f-433a-4097-ad39-1ac45f31a4a2_1516549895.jpeg?h=225&w=225
284737477,Sudafed Headache Max Strength Capsules 16'S,https://www.tesco.com/groceries/en-GB/shop/health-and-beauty/all?department=Medicine&viewAll=department&page=,£4.25,£0.27/each,,,/groceries/en-GB/products/284737477,https://digitalcontent.api.tesco.com/v2/media/ghs/54d67606-44ae-4f59-81c8-a0f652acf4b0/76cda360-4874-4980-a435-0d1c8bcf65a5_255459281.jpeg?h=225&w=225
254036874,Nelsons Homeopathy Teetha 24 Sachet,https://www.tesco.com/groceries/en-GB/shop/health-and-beauty/all?department=Medicine&viewAll=department&page=,£4.60,£0.19/each,,,/groceries/en-GB/products/254036874,https://digitalcontent.api.tesco.com/v2/media/ghs/b5360fc7-c216-40f3-8304-6de745ef7d2f/06baabbf-8b64-4142-831f-09f6ff7759b5_625056166.jpeg?h=225&w=225
252859068,Voltarol Pain-Eze Emulgel 30G,https://www.tesco.com/groceries/en-GB/shop/health-and-beauty/all?department=Medicine&viewAll=department&page=,£5.00,£16.67/100g,£4.50 Clubcard Price,,/groceries/en-GB/products/252859068,https://digitalcontent.api.tesco.com/v2/media/ghs/d3807965-5fb7-4a67-aaa3-ab85d692f0b8/4472d153-702f-4bd5-b923-ad7ed6353153_112209968.jpeg?h=225&w=225
289546096,Strepsils Extra Cherry 24'S,https://www.tesco.com/groceries/en-GB/shop/health-and-beauty/all?department=Medicine&viewAll=department&page=,£4.95,£0.21/each,,,/groceries/en-GB/products/289546096,https://digitalcontent.api.tesco.com/v2/media/ghs-mktg/b0b04216-fa73-466d-a9d7-c9fcfa1ce9b3/no-image.jpeg
297519664,Strepsils Throat Pain Honey & Lemon X24,https://www.tesco.com/groceries/en-GB/shop/health-and-beauty/all?department=Medicine&viewAll=department&page=,£5.00,£0.21/each,,,/groceries/en-GB/products/297519664,https://digitalcontent.api.tesco.com/v2/media/ghs-mktg/b0b04216-fa73-466d-a9d7-c9fcfa1ce9b3/no-image.jpeg
253227878,Buscopan Ibs Relief Tablets 20S,https://www.tesco.com/groceries/en-GB/shop/health-and-beauty/all?department=Medicine&viewAll=department&page=,£5.50,£0.28/each,,,/groceries/en-GB/products/253227878,https://digitalcontent.api.tesco.com/v2/media/ghs/105e05ab-9418-4d78-807d-a8af1a707726/7153fa4e-a40d-4fca-8833-15e8a0ee7cd7_1288443461.jpeg?h=225&w=225
282446513,Fybogel Hi Fibre Lemon 10S,https://www.tesco.com/groceries/en-GB/shop/health-and-beauty/all?department=Medicine&viewAll=department&page=,£4.10,£0.41/each,,,/groceries/en-GB/products/282446513,https://digitalcontent.api.tesco.com/v2/media/ghs/4c3bdff2-474a-41cb-a35a-c0ced0fa6d3d/974e625e-e880-4fb8-a8a3-7a45f97527e8_1057601237.jpeg?h=225&w=225
265875059,Opticrom Hayfever Eye Drops 10Ml,https://www.tesco.com/groceries/en-GB/shop/health-and-beauty/all?department=Medicine&viewAll=department&page=,£5.45,£54.50/100ml,,,/groceries/en-GB/products/265875059,https://digitalcontent.api.tesco.com/v2/media/ghs/11c3831e-3736-4ace-bad3-873e582e7214/27e5dac4-eb3c-45fd-9d6b-aebda5d9d1aa_327583193.jpeg?h=225&w=225
301455681,Tesco Health Gentle Removal Plaster 16 Pack,https://www.tesco.com/groceries/en-GB/shop/health-and-beauty/all?department=Medicine&viewAll=department&page=,£3.05,£0.19/each,,,/groceries/en-GB/products/301455681,https://digitalcontent.api.tesco.com/v2/media/ghs/c1c39ce5-fff1-4b57-9014-9ad7e8ee29cf/2aeb0682-3487-4683-9b8a-3f54e9c653e6_908497193.jpeg?h=225&w=225
297519468,Vicks Babyrub 50G,https://www.tesco.com/groceries/en-GB/shop/health-and-beauty/all?department=Medicine&viewAll=department&page=,£4.00,£8.00/100g,,,/groceries/en-GB/products/297519468,https://digitalcontent.api.tesco.com/v2/media/ghs/08422008-899c-4042-82ef-92c03fe95f70/d47b49d2-3909-4d0d-bf35-1c9dd682dd55_859740970.jpeg?h=225&w=225
256699688,Zovirax Cold Sore Cream 2G Pump.,https://www.tesco.com/groceries/en-GB/shop/health-and-beauty/all?department=Medicine&viewAll=department&page=,£5.50,£275.00/100g,,,/groceries/en-GB/products/256699688,https://digitalcontent.api.tesco.com/v2/media/ghs/4b544bd9-8d87-477a-beae-26e8b4aae687/2860a2b9-6cca-4ace-a04c-881d522b8f0d_192541332.jpeg?h=225&w=225
305521199,Elastoplast Kids Marvel Plasters 20 Assorted Pack,https://www.tesco.com/groceries/en-GB/shop/health-and-beauty/all?department=Medicine&viewAll=department&page=,£3.00,£0.15/each,,,/groceries/en-GB/products/305521199,https://digitalcontent.api.tesco.com/v2/media/ghs/a3c2743e-bcde-4b24-8cad-3e0d0808c8a7/1c6d86f9-0bcb-48a5-bab1-ccfe7a868ad3_504347514.jpeg?h=225&w=225
303194006,Elastoplast Paw Patrol Plasters 20'S,https://www.tesco.com/groceries/en-GB/shop/health-and-beauty/all?department=Medicine&viewAll=department&page=,£3.00,£0.15/each,,,/groceries/en-GB/products/303194006,https://digitalcontent.api.tesco.com/v2/media/ghs/fcf484a1-f341-4b68-b3c7-b5fff3d34ca2/bb823ed4-8d03-49e0-b1c0-65b720bc94ba_608822925.jpeg?h=225&w=225
299487259,Elastoplast Wound Spray Phmb 0.04% 100Ml,https://www.tesco.com/groceries/en-GB/shop/health-and-beauty/all?department=Medicine&viewAll=department&page=,£3.30,£3.30/100ml,,,/groceries/en-GB/products/299487259,https://digitalcontent.api.tesco.com/v2/media/ghs/3efdcb29-9c00-42cc-acd6-3d3d7d53fab5/9ff529d5-803b-4ca9-8f99-e53add4ee6c0_1124753381.jpeg?h=225&w=225
293459343,Elastoplast Frozen Character Plasters 16S,https://www.tesco.com/groceries/en-GB/shop/health-and-beauty/all?department=Medicine&viewAll=department&page=,£2.70,£0.14/each,,,/groceries/en-GB/products/293459343,https://digitalcontent.api.tesco.com/v2/media/ghs/5e4402eb-0c6c-4738-9c27-0decd415f04f/f786dc9f-5fab-49b4-809f-19e3fa0ace35_970052590.jpeg?h=225&w=225
275117038,Elastoplast Sensitive 20'S,https://www.tesco.com/groceries/en-GB/shop/health-and-beauty/all?department=Medicine&viewAll=department&page=,£2.70,£0.14/each,,,/groceries/en-GB/products/275117038,https://digitalcontent.api.tesco.com/v2/media/ghs/29c26f12-afa0-42d0-a6dc-9ed334876041/b4b44cf9-3b82-4d43-9ab6-81aad8d5ebbb_573843657.jpeg?h=225&w=225
307133603,Lemsip Max Day & Night Capsules X8,https://www.tesco.com/groceries/en-GB/shop/health-and-beauty/all?department=Medicine&viewAll=department&page=,£3.00,£0.38/each,,,/groceries/en-GB/products/307133603,https://digitalcontent.api.tesco.com/v2/media/ghs/99a94be2-3c77-4ad6-b424-edc082330b5a/3376d035-5d67-46de-a8a2-39209eac6b25_2001066444.jpeg?h=225&w=225
260592136,Tesco Childrens Dry Cough Syrup 200Ml,https://www.tesco.com/groceries/en-GB/shop/health-and-beauty/all?department=Medicine&viewAll=department&page=,£1.90,£0.95/100ml,,,/groceries/en-GB/products/260592136,https://digitalcontent.api.tesco.com/v2/media/ghs/2dd05100-2208-424f-a845-a8c1a8bb941e/fb5e324c-b9c7-43b4-808a-f63dc780d06c_2000269345.jpeg?h=225&w=225
253162869,Piriteze Allergy Tablets 7S,https://www.tesco.com/groceries/en-GB/shop/health-and-beauty/all?department=Medicine&viewAll=department&page=,£3.00,£0.43/each,,,/groceries/en-GB/products/253162869,https://digitalcontent.api.tesco.com/v2/media/ghs/2090fb3a-45b6-412b-b6c7-f7acd113b901/901ba383-947d-452a-91de-6574b3230718_877148932.jpeg?h=225&w=225
289539934,Canesten Canesbalance Bv Gel 7'S,https://www.tesco.com/groceries/en-GB/shop/health-and-beauty/all?department=Medicine&viewAll=department&page=,£14.30,£2.05/each,,,/groceries/en-GB/products/289539934,https://digitalcontent.api.tesco.com/v2/media/ghs/255778bb-3818-4405-9308-ec29f71e8c45/dca26c38-ba9d-4ad5-8c0d-3ddb30891619_965689587.jpeg?h=225&w=225
305250847,Vagisil Pro Hydrate Internal Hydrating Gel 6 X 5G,https://www.tesco.com/groceries/en-GB/shop/health-and-beauty/all?department=Medicine&viewAll=department&page=,£12.60,£42.00/100g,,,/groceries/en-GB/products/305250847,https://digitalcontent.api.tesco.com/v2/media/ghs/1845e20c-ebd2-4ee9-89e4-d6dbb9c330e3/6126ffb6-051e-4da4-b286-0e8af2082d00_210959976.jpeg?h=225&w=225
272033648,Neo G Wrist Support Universal Size,https://www.tesco.com/groceries/en-GB/shop/health-and-beauty/all?department=Medicine&viewAll=department&page=,£15.00,£15.00/each,,,/groceries/en-GB/products/272033648,https://digitalcontent.api.tesco.com/v2/media/ghs/3eda6ef1-f513-4b04-a0dd-9eccf1b92a22/8c87ff5d-fd04-43d1-94eb-bc6dca23be8f_1709527940.jpeg?h=225&w=225
299055828,Voltarol No Mess Applicator Pain Relief Gel 100G,https://www.tesco.com/groceries/en-GB/shop/health-and-beauty/all?department=Medicine&viewAll=department&page=,£15.00,£15.00/100g,,,/groceries/en-GB/products/299055828,https://digitalcontent.api.tesco.com/v2/media/ghs/7ab98d3d-3e06-41ce-8ad9-564dbebdab52/b2a7da92-bcff-4759-bc11-5d1670252f33_290583832.jpeg?h=225&w=225
289931452,Neo G Airflow Wrist & Thumb Support Medium,https://www.tesco.com/groceries/en-GB/shop/health-and-beauty/all?department=Medicine&viewAll=department&page=,£13.95,£13.95/each,,,/groceries/en-GB/products/289931452,https://digitalcontent.api.tesco.com/v2/media/ghs/32f7a79a-2db3-43a5-9152-f07a0e8a31bd/9b68930a-b6dd-4018-be18-f7a0755b6c1e_577180396.jpeg?h=225&w=225
310685671,Allevia 120Mg Hayfever Relief 30 Pack,https://www.tesco.com/groceries/en-GB/shop/health-and-beauty/all?department=Medicine&viewAll=department&page=,£10.50,£0.35/each,,,/groceries/en-GB/products/310685671,https://digitalcontent.api.tesco.com/v2/media/ghs/e2a0ecd7-3f66-452c-8657-b7afa476a0ec/2879d309-5e2e-4887-8c68-d2b0fbae30b1_1091629697.jpeg?h=225&w=225
299074840,E45 Eczema Repair Cream 200Ml,https://www.tesco.com/groceries/en-GB/shop/health-and-beauty/all?department=Medicine&viewAll=department&page=,£14.00,£7.00/100ml,,,/groceries/en-GB/products/299074840,https://digitalcontent.api.tesco.com/v2/media/ghs/f82b88b1-cc28-4487-b5f8-2dd6da2d3d96/3dce00e3-c0f6-4bf5-b211-3240ce98c483_1558480904.jpeg?h=225&w=225
301324001,Aveeno Dermexa Emollient Wash 300Ml,https://www.tesco.com/groceries/en-GB/shop/health-and-beauty/all?department=Medicine&viewAll=department&page=,£11.00,£3.67/100ml,,,/groceries/en-GB/products/301324001,https://digitalcontent.api.tesco.com/v2/media/ghs/e4a8f479-97ab-4738-a6b5-5af1bc5f239e/185bd5b5-5e68-4b03-b3d3-e0dbbf49a2eb_2069388095.jpeg?h=225&w=225
305047720,Doublebase Flare Relief Emollient 500G,https://www.tesco.com/groceries/en-GB/shop/health-and-beauty/all?department=Medicine&viewAll=department&page=,£16.00,£3.20/100g,,,/groceries/en-GB/products/305047720,https://digitalcontent.api.tesco.com/v2/media/ghs/45d11075-ef44-4588-ad26-3dcdca4b163a/0932cce0-1fec-45a4-aefa-24454441c80a_1848318651.jpeg?h=225&w=225
257993697,Elastoplast Elasticated Wrist Support,https://www.tesco.com/groceries/en-GB/shop/health-and-beauty/all?department=Medicine&viewAll=department&page=,£11.55,£11.55/each,,,/groceries/en-GB/products/257993697,https://digitalcontent.api.tesco.com/v2/media/ghs/2c57e46a-bee9-4c18-93b7-1cd5025ab3ff/9fef4e56-b748-41bb-b340-4579c5d389d6_253345482.jpeg?h=225&w=225
299055863,Vagisil External Prohydrate Hydrating Gel 30G,https://www.tesco.com/groceries/en-GB/shop/health-and-beauty/all?department=Medicine&viewAll=department&page=,£9.50,£31.67/100g,,,/groceries/en-GB/products/299055863,https://digitalcontent.api.tesco.com/v2/media/ghs/5bad3a5b-0ad6-461b-a8ba-7e02c68f4ac8/5667be25-4ea1-4349-ab6f-454da770709e_1128624312.jpeg?h=225&w=225
303193369,Biofreeze Pain Relief Gel 112G,https://www.tesco.com/groceries/en-GB/shop/health-and-beauty/all?department=Medicine&viewAll=department&page=,£10.00,£8.93/100g,,,/groceries/en-GB/products/303193369,https://digitalcontent.api.tesco.com/v2/media/ghs/1ee1e466-2f52-4da7-acaa-974aebfc830a/bdd04d8c-6951-4b5f-ba4e-f206040d1b7b_1784442574.jpeg?h=225&w=225
301323837,Aveeno Dermexa Emollient Cream 200Ml,https://www.tesco.com/groceries/en-GB/shop/health-and-beauty/all?department=Medicine&viewAll=department&page=,£10.50,£5.25/100ml,,,/groceries/en-GB/products/301323837,https://digitalcontent.api.tesco.com/v2/media/ghs/2acffb09-e31f-4177-b209-53ea1ad866f2/89bc4be3-bb64-40f0-8314-d0be4d2733d5_2017545523.jpeg?h=225&w=225
285060780,Canesfresh Soothing Wash Gel 200Ml,https://www.tesco.com/groceries/en-GB/shop/health-and-beauty/all?department=Medicine&viewAll=department&page=,£9.00,£4.50/100ml,,,/groceries/en-GB/products/285060780,https://digitalcontent.api.tesco.com/v2/media/ghs/2c284210-1f60-4370-93fb-24764ec45008/ba8e75a2-58c8-4ec6-88b1-bcfa9ba8b40e_1799885789.jpeg?h=225&w=225
305728410,Pirinatural Breathe Clean Nasal Wash 100Ml,https://www.tesco.com/groceries/en-GB/shop/health-and-beauty/all?department=Medicine&viewAll=department&page=,£9.00,£9.00/100ml,,,/groceries/en-GB/products/305728410,https://digitalcontent.api.tesco.com/v2/media/ghs/1a7f7505-2353-4a69-b07e-81af143a3fb4/b8269305-3419-4bf0-b662-9ec84c66eab2_1131281314.jpeg?h=225&w=225
265749486,Balance Activ Bv Vaginal Gel 7 X5ml,https://www.tesco.com/groceries/en-GB/shop/health-and-beauty/all?department=Medicine&viewAll=department&page=,£8.00,£22.86/100ml,,,/groceries/en-GB/products/265749486,https://digitalcontent.api.tesco.com/v2/media/ghs/0acf81e2-1303-46e3-b19b-8084b6bdf72c/9f412de3-aa87-4c91-88bd-e8fe044a2eb7_820498453.jpeg?h=225&w=225
289599706,Canestest Thrush & Bv Self Test,https://www.tesco.com/groceries/en-GB/shop/health-and-beauty/all?department=Medicine&viewAll=department&page=,£7.00,£7.00/each,,,/groceries/en-GB/products/289599706,https://digitalcontent.api.tesco.com/v2/media/ghs/d099abda-e90b-4b94-a493-c1aa907ac08e/ac19abd5-596c-4a91-b6c2-dbac1f38e45b_106087286.jpeg?h=225&w=225
311949001,Dr. Burn Hydrogel Burn Spray 125Ml,https://www.tesco.com/groceries/en-GB/shop/health-and-beauty/all?department=Medicine&viewAll=department&page=,£9.00,£7.20/100ml,,,/groceries/en-GB/products/311949001,https://digitalcontent.api.tesco.com/v2/media/ghs/7f9301e5-d648-4fed-a01e-c15bd786b491/5ec11f0c-3388-40b5-ac62-cd992967f158_1155892489.jpeg?h=225&w=225
290656362,Pirinase Hayfever Spray,https://www.tesco.com/groceries/en-GB/shop/health-and-beauty/all?department=Medicine&viewAll=department&page=,£8.00,£0.13/each,,,/groceries/en-GB/products/290656362,https://digitalcontent.api.tesco.com/v2/media/ghs/fa912f1a-0738-4c8f-839f-cfefadc1fadf/6b2d88ae-887f-4a3c-9916-16f5d8d5e4ba_274482107.jpeg?h=225&w=225
310119398,Treathay Allergy Relief 30 Pack,https://www.tesco.com/groceries/en-GB/shop/health-and-beauty/all?department=Medicine&viewAll=department&page=,£7.00,£0.23/each,,,/groceries/en-GB/products/310119398,https://digitalcontent.api.tesco.com/v2/media/ghs/13cccd2b-94a0-4561-a59b-051f0f54580e/06ef1a4e-d4e4-474d-878d-9c0346f6b449_1089557324.jpeg?h=225&w=225
305053787,Doublebase Diomed Dry Skin Emollient 250G,https://www.tesco.com/groceries/en-GB/shop/health-and-beauty/all?department=Medicine&viewAll=department&page=,£9.95,£3.98/100g,£7.45 Clubcard Price,,/groceries/en-GB/products/305053787,https://digitalcontent.api.tesco.com/v2/media/ghs/aaf500d2-447c-4356-9952-840d506d1176/ab6f48e9-2114-4481-aab0-0c60cd2b1034_369045368.jpeg?h=225&w=225
310121999,Elastoplast Sterile Waterproof Dressing Xxl 5Pack,https://www.tesco.com/groceries/en-GB/shop/health-and-beauty/all?department=Medicine&viewAll=department&page=,£5.10,£1.02/each,,,/groceries/en-GB/products/310121999,https://digitalcontent.api.tesco.com/v2/media/ghs/dc41f010-70bc-42e8-8f02-7d192c33078c/894e1b8f-d2e2-480c-9381-881c5551d3b3_1675981331.jpeg?h=225&w=225
305945890,Wellbio 10 Billion Cfu Capsules X30,https://www.tesco.com/groceries/en-GB/shop/health-and-beauty/all?department=Medicine&viewAll=department&page=,£17.85,£0.60/each,Any 3 for 2 Clubcard Price - Cheapest Product Free - Selected Vitamins Or Supplements,,/groceries/en-GB/products/305945890,https://digitalcontent.api.tesco.com/v2/media/ghs/400dc39b-455f-4f01-8e65-77501d4953ef/587c4865-2ecc-4e22-86ee-d04c3cf4aad0_869992635.jpeg?h=225&w=225
261059681,Deep Freeze Cold Patch 4S,https://www.tesco.com/groceries/en-GB/shop/health-and-beauty/all?department=Medicine&viewAll=department&page=,£5.75,£1.44/each,,,/groceries/en-GB/products/261059681,https://digitalcontent.api.tesco.com/v2/media/ghs/c6590fdc-ecf9-4ebd-aca9-233a14df2cb1/0a11cdf3-e6e6-4d16-8c57-26b8fa7db972_265715950.jpeg?h=225&w=225
308096823,Clarityn Syrup Mixed Berry Flavoured Sugar Free 60Ml,https://www.tesco.com/groceries/en-GB/shop/health-and-beauty/all?department=Medicine&viewAll=department&page=,£5.40,£9.00/100ml,,,/groceries/en-GB/products/308096823,https://digitalcontent.api.tesco.com/v2/media/ghs/1e8b1f82-ebfe-4228-a0d5-79c65bdba9ac/9cdafb19-5dfb-4fcd-b119-015c0ec6fbdb_580290223.jpeg?h=225&w=225
250943025,Colpermin 20 Caps,https://www.tesco.com/groceries/en-GB/shop/health-and-beauty/all?department=Medicine&viewAll=department&page=,£6.60,£0.33/each,,,/groceries/en-GB/products/250943025,https://digitalcontent.api.tesco.com/v2/media/ghs/65a9c09d-861b-4d96-889d-7594205b5075/a05578cb-582e-4396-871b-8fa569b61c05_1250540671.jpeg?h=225&w=225
253260085,After Bite Classic,https://www.tesco.com/groceries/en-GB/shop/health-and-beauty/all?department=Medicine&viewAll=department&page=,£4.50,£32.15/100ml,,,/groceries/en-GB/products/253260085,https://digitalcontent.api.tesco.com/v2/media/ghs/4e6903e0-aa48-481d-9042-eb86123d88a9/snapshotimagehandler_547832330.jpeg?h=225&w=225
291723166,Optrex Hayfever Relief Eye Drops 10Ml,https://www.tesco.com/groceries/en-GB/shop/health-and-beauty/all?department=Medicine&viewAll=department&page=,£6.00,£60.00/100ml,,,/groceries/en-GB/products/291723166,https://digitalcontent.api.tesco.com/v2/media/ghs/2261b198-1575-4634-856f-b0c9e3f59723/ef58211e-d4fd-48a6-95c6-3cae60cd31f3_1579896422.jpeg?h=225&w=225
260619090,Compeed Cold Sore Patch 15S,https://www.tesco.com/groceries/en-GB/shop/health-and-beauty/all?department=Medicine&viewAll=department&page=,£5.75,£0.38/each,,,/groceries/en-GB/products/260619090,https://digitalcontent.api.tesco.com/v2/media/ghs/0a9f287e-c845-4465-8a64-52b833ab9f7b/7e76b6d2-ff2c-4291-a711-e39d3267bcdf_965782761.jpeg?h=225&w=225
312225919,Heal Cohesive Bandage 4.5M X 7.5Cm,https://www.tesco.com/groceries/en-GB/shop/health-and-beauty/all?department=Medicine&viewAll=department&page=,£3.00,£3.00/each,,,/groceries/en-GB/products/312225919,https://digitalcontent.api.tesco.com/v2/media/ghs/41779a80-f738-41d7-9bb5-c346e74c99fc/73e749b5-38c7-483e-b261-df38373c57ad_188531923.jpeg?h=225&w=225
310190576,Elastoplast Sterile Waterproof Dressing Xl 5Pack,https://www.tesco.com/groceries/en-GB/shop/health-and-beauty/all?department=Medicine&viewAll=department&page=,£3.50,£0.70/each,,,/groceries/en-GB/products/310190576,https://digitalcontent.api.tesco.com/v2/media/ghs/0006d286-3fa7-4405-a96e-5902e8bb96e3/d4eedc5c-0794-4bde-b1b7-59fd15bd3ade_1404886602.jpeg?h=225&w=225
277843085,Tesco Tubular Bandage Size C 6.75 X 1M,https://www.tesco.com/groceries/en-GB/shop/health-and-beauty/all?department=Medicine&viewAll=department&page=,£2.25,£2.25/each,,,/groceries/en-GB/products/277843085,https://digitalcontent.api.tesco.com/v2/media/ghs/235cab94-3ec2-4dbf-a191-799149ea1f58/1775f20b-38e9-4077-9cbb-6514ea632e06_1454213163.jpeg?h=225&w=225
258258576,Tesco Elasticated Tubular Bandage 7.5Cmx1m Medium,https://www.tesco.com/groceries/en-GB/shop/health-and-beauty/all?department=Medicine&viewAll=department&page=,£2.25,£2.25/each,,,/groceries/en-GB/products/258258576,https://digitalcontent.api.tesco.com/v2/media/ghs/4bf47e15-d695-468f-acf4-ce80abe3db07/8e8c166d-8a52-4f9e-a4c8-150858877267_24665759.jpeg?h=225&w=225
253301358,Tesco Elasticated Tubular Bandage 8.75M X 1M Large,https://www.tesco.com/groceries/en-GB/shop/health-and-beauty/all?department=Medicine&viewAll=department&page=,£2.25,£2.25/each,,,/groceries/en-GB/products/253301358,https://digitalcontent.api.tesco.com/v2/media/ghs/b30f99ba-8e5b-4c75-8e2d-4149c46005f9/abc59130-b80f-4dd4-a34e-38b038177651_745578989.jpeg?h=225&w=225
301776681,Tesco Health Fabric Strapping 2.5 Cm X 3M,https://www.tesco.com/groceries/en-GB/shop/health-and-beauty/all?department=Medicine&viewAll=department&page=,£2.05,£2.05/each,,,/groceries/en-GB/products/301776681,https://digitalcontent.api.tesco.com/v2/media/ghs/3aafde83-30fe-47c5-87cc-d758dc091bb3/e7315b01-b540-431e-80f0-26e684c395e1_1629810263.jpeg?h=225&w=225
253092531,Lemsip Max Cold And Flu Capsules X 8,https://www.tesco.com/groceries/en-GB/shop/health-and-beauty/all?department=Medicine&viewAll=department&page=,£3.00,£0.38/each,,,/groceries/en-GB/products/253092531,https://digitalcontent.api.tesco.com/v2/media/ghs/9acaa49a-02bd-4551-bae0-d055af1302a5/snapshotimagehandler_44085550.jpeg?h=225&w=225
305056444,Tesco Health Dark Fabric Plasters 40S,https://www.tesco.com/groceries/en-GB/shop/health-and-beauty/all?department=Medicine&viewAll=department&page=,£1.25,£0.03/each,,,/groceries/en-GB/products/305056444,https://digitalcontent.api.tesco.com/v2/media/ghs/3f3a98ea-ae38-4812-89de-61a7c313a1fe/cfd825e5-416f-4c24-9c81-e4b86fb70a22_574328473.jpeg?h=225&w=225
310182217,Canesbalance Vaginosis Pessaries 7 Pack,https://www.tesco.com/groceries/en-GB/shop/health-and-beauty/all?department=Medicine&viewAll=department&page=,£16.75,£2.40/each,,,/groceries/en-GB/products/310182217,https://digitalcontent.api.tesco.com/v2/media/ghs/7043876a-5362-416c-b831-02dc787824db/d6870612-62a2-423b-9404-f2c2dabdaf07_854055269.jpeg?h=225&w=225
302286308,E45 Dermatitis Cream 50Ml,https://www.tesco.com/groceries/en-GB/shop/health-and-beauty/all?department=Medicine&viewAll=department&page=,£19.00,£38.00/100ml,,,/groceries/en-GB/products/302286308,https://digitalcontent.api.tesco.com/v2/media/ghs/8b7fc262-5efa-476b-bf5d-54154afbb062/05c58b26-42d7-4f0b-805a-f5cc05549f3d_578059400.jpeg?h=225&w=225
291827540,Balance Activ Menopause Pessaries X10,https://www.tesco.com/groceries/en-GB/shop/health-and-beauty/all?department=Medicine&viewAll=department&page=,£15.75,£1.58/each,,,/groceries/en-GB/products/291827540,https://digitalcontent.api.tesco.com/v2/media/ghs/d76ae89b-0077-4be7-a177-55ad246bc3d3/8587e2a3-b470-409f-9c04-a9fecdb59035_343153667.jpeg?h=225&w=225
302303899,Scholl Verruca & Wart Complete Treatment Pen 2Ml,https://www.tesco.com/groceries/en-GB/shop/health-and-beauty/all?department=Medicine&viewAll=department&page=,£15.00,£750.00/100ml,,,/groceries/en-GB/products/302303899,https://digitalcontent.api.tesco.com/v2/media/ghs/5693e455-89c0-455e-a5ab-efc5e8e085d3/398e3a75-1e56-45f0-b7d1-7a4ffa378078_1921694979.jpeg?h=225&w=225
271620053,Neo G Open Knee Support,https://www.tesco.com/groceries/en-GB/shop/health-and-beauty/all?department=Medicine&viewAll=department&page=,£18.00,£18.00/each,,,/groceries/en-GB/products/271620053,https://digitalcontent.api.tesco.com/v2/media/ghs/6d6ced5e-1e0e-43e7-9123-65e7be27ec21/fa2f0e30-7e5f-4208-879b-08c7c0a84881_183837184.jpeg?h=225&w=225
312558208,Diprobase Advanced Eczema Cream 500Ml,https://www.tesco.com/groceries/en-GB/shop/health-and-beauty/all?department=Medicine&viewAll=department&page=,£15.00,£3.00/100ml,,,/groceries/en-GB/products/312558208,https://digitalcontent.api.tesco.com/v2/media/ghs/99bc344f-17d4-4f83-a06e-b5be4aa945c3/19b0a5c7-fe3a-4af6-8e40-3add43554d94_1443646409.jpeg?h=225&w=225
301515242,Neo G Ankle Support Medium,https://www.tesco.com/groceries/en-GB/shop/health-and-beauty/all?department=Medicine&viewAll=department&page=,£14.50,£14.50/each,,,/groceries/en-GB/products/301515242,https://digitalcontent.api.tesco.com/v2/media/ghs/7668cc17-49c7-4f79-9a5f-875b344e97ac/21054d03-7bab-4d57-bc68-f9eb035c584e_1472395016.jpeg?h=225&w=225
295234237,E45 Cream 500G,https://www.tesco.com/groceries/en-GB/shop/health-and-beauty/all?department=Medicine&viewAll=department&page=,£14.00,£2.80/100g,,,/groceries/en-GB/products/295234237,https://digitalcontent.api.tesco.com/v2/media/ghs/7a7c2b8f-c837-4b7c-b934-77cd015e2ed4/ac0ea169-b25f-4601-8f01-31c67090e79e_1463048475.jpeg?h=225&w=225
257993622,Elastoplast Elasticated Knee Support,https://www.tesco.com/groceries/en-GB/shop/health-and-beauty/all?department=Medicine&viewAll=department&page=,£11.55,£11.55/each,,,/groceries/en-GB/products/257993622,https://digitalcontent.api.tesco.com/v2/media/ghs/0df19b8f-9e94-487d-b0bc-99627d4ab19d/47a9680f-4a96-438e-9ae8-6fc92f7ffc48_999030077.jpeg?h=225&w=225
257993501,Elastoplast Elasticated Ankle Support,https://www.tesco.com/groceries/en-GB/shop/health-and-beauty/all?department=Medicine&viewAll=department&page=,£11.55,£11.55/each,,,/groceries/en-GB/products/257993501,https://digitalcontent.api.tesco.com/v2/media/ghs/26037fe7-49ef-4c05-bcdc-42eeb52501e7/93481d96-1f9f-46f3-8af8-920ac7f53ae3_1393816757.jpeg?h=225&w=225
271620237,Neo G Ankle Support,https://www.tesco.com/groceries/en-GB/shop/health-and-beauty/all?department=Medicine&viewAll=department&page=,£17.00,£17.00/each,,,/groceries/en-GB/products/271620237,https://digitalcontent.api.tesco.com/v2/media/ghs/5881886f-c744-4d86-be42-364abac802b3/ff714aaf-ea59-4994-9169-735c925cc619_1177087492.jpeg?h=225&w=225
276884918,Balance Activ Bv Vaginal Pessary,https://www.tesco.com/groceries/en-GB/shop/health-and-beauty/all?department=Medicine&viewAll=department&page=,£10.00,£1.43/each,,,/groceries/en-GB/products/276884918,https://digitalcontent.api.tesco.com/v2/media/ghs/8d1d1f0d-39f7-44b9-a9db-5bb4c98f4bb9/f98bc2c5-1c4d-49d2-9948-0967825b0860_1818900191.jpeg?h=225&w=225
276928626,Optrex 2 In 1 Spray Itchy & Watery Eyes 10Ml,https://www.tesco.com/groceries/en-GB/shop/health-and-beauty/all?department=Medicine&viewAll=department&page=,£13.00,£130.00/100ml,,,/groceries/en-GB/products/276928626,https://digitalcontent.api.tesco.com/v2/media/ghs/ceeae037-3f21-4879-ad69-b14a5316da88/05fac49a-f406-4103-ab2e-6c39f04a2bbb_223509758.jpeg?h=225&w=225
301340102,Aveeno Dermexa Anti-Itch Balm 75Ml,https://www.tesco.com/groceries/en-GB/shop/health-and-beauty/all?department=Medicine&viewAll=department&page=,£12.00,£16.00/100ml,,,/groceries/en-GB/products/301340102,https://digitalcontent.api.tesco.com/v2/media/ghs/154708c1-892c-43b9-8049-1d3780d956d8/4f553197-b0a4-41ee-b86d-b3f2b41160c3_2117210493.jpeg?h=225&w=225
289931582,Neo G Airflow Knee Support Medium,https://www.tesco.com/groceries/en-GB/shop/health-and-beauty/all?department=Medicine&viewAll=department&page=,£13.00,£13.00/each,,,/groceries/en-GB/products/289931582,https://digitalcontent.api.tesco.com/v2/media/ghs/bebbbbe2-a1dd-40b2-946e-0d2782097ee1/186d6848-1a5c-4c57-a74e-739c4551c886_1378725444.jpeg?h=225&w=225
303182562,Becodefence Plus Nasal Spray 20Ml,https://www.tesco.com/groceries/en-GB/shop/health-and-beauty/all?department=Medicine&viewAll=department&page=,£12.00,£60.00/100ml,,,/groceries/en-GB/products/303182562,https://digitalcontent.api.tesco.com/v2/media/ghs/95b9d1a5-e233-4b6b-afcb-5c13cc81e233/94a0560c-938e-4d5c-b474-99b2113b998d_1810155189.jpeg?h=225&w=225
289668352,Slimfast Cafe Latte Milkshake 6X325ml,https://www.tesco.com/groceries/en-GB/shop/health-and-beauty/all?department=Lifestyle%20%26%20Wellbeing&viewAll=department&page=,£11.00,£0.56/100ml,,,/groceries/en-GB/products/289668352,https://digitalcontent.api.tesco.com/v2/media/ghs/a3dec4da-fc05-414e-ba37-ed5241aa9e9d/5177dbc4-bb90-4f8b-b9f0-78daa5a4a943_889384659.jpeg?h=225&w=225
289663106,Slimfast Chunky Chocolate Shakes 6X325ml,https://www.tesco.com/groceries/en-GB/shop/health-and-beauty/all?department=Lifestyle%20%26%20Wellbeing&viewAll=department&page=,£11.00,£0.56/100ml,,,/groceries/en-GB/products/289663106,https://digitalcontent.api.tesco.com/v2/media/ghs/c0a2bf2d-ebd9-4d36-b9d5-844f72d46b52/3f4f0c1c-6856-4242-b30b-ad2d7d8a3834_1875033052.jpeg?h=225&w=225
260347762,Tesco Nicotine 2Mg Lozenges 72S,https://www.tesco.com/groceries/en-GB/shop/health-and-beauty/all?department=Lifestyle%20%26%20Wellbeing&viewAll=department&page=,£7.00,£0.10/each,,,/groceries/en-GB/products/260347762,https://digitalcontent.api.tesco.com/v2/media/ghs/c27508b8-901d-46c0-b136-27a547b77a9d/9e1d1a6a-f520-4140-a593-432e9234b202_504407378.jpeg?h=225&w=225
276141974,Tesco Slim Strawberry Shakes Meal Replacement 10X29g,https://www.tesco.com/groceries/en-GB/shop/health-and-beauty/all?department=Lifestyle%20%26%20Wellbeing&viewAll=department&page=,£5.00,£1.73/100g,,,/groceries/en-GB/products/276141974,https://digitalcontent.api.tesco.com/v2/media/ghs/2fb753e6-c9d0-4bc9-ba33-1e58966079a6/e6a296f2-d102-439b-806c-963b1ac68622_713470845.jpeg?h=225&w=225
257012713,Tesco Refreshing Eye Drops 15Ml,https://www.tesco.com/groceries/en-GB/shop/health-and-beauty/all?department=Lifestyle%20%26%20Wellbeing&viewAll=department&page=,£3.75,£25.00/100ml,,,/groceries/en-GB/products/257012713,https://digitalcontent.api.tesco.com/v2/media/ghs/021fface-1f8f-4686-9517-b2b05a89857a/65773ac8-cec3-4a63-8fdd-2ea9bbd07309_1600317578.jpeg?h=225&w=225
309474668,Huel Ready To Drink Chocolate 500Ml,https://www.tesco.com/groceries/en-GB/shop/health-and-beauty/all?department=Lifestyle%20%26%20Wellbeing&viewAll=department&page=,£3.50,£0.70/100ml,,,/groceries/en-GB/products/309474668,https://digitalcontent.api.tesco.com/v2/media/ghs/7c368b81-beec-40cc-8bb2-d5c018eb41ff/b4fe9da2-0de0-424a-9bb0-08877abe3126_1254610910.jpeg?h=225&w=225
302932397,Tesco Slim Milk Chocolate Crunch Meal Replacement Bars 4X60g,https://www.tesco.com/groceries/en-GB/shop/health-and-beauty/all?department=Lifestyle%20%26%20Wellbeing&viewAll=department&page=,£5.35,£2.23/100g,,,/groceries/en-GB/products/302932397,https://digitalcontent.api.tesco.com/v2/media/ghs/331a9bc8-f5f2-4bd4-a617-d8a2d8cbbb67/372c8b35-4e29-414a-a19f-f9b714c2ddbf_2109513569.jpeg?h=225&w=225
260584123,Tesco All In One Contact Lens Solution 250Ml,https://www.tesco.com/groceries/en-GB/shop/health-and-beauty/all?department=Lifestyle%20%26%20Wellbeing&viewAll=department&page=,£4.00,£1.60/100ml,,,/groceries/en-GB/products/260584123,https://digitalcontent.api.tesco.com/v2/media/ghs/e09d6a14-4747-410a-88e3-624114712f76/3272e7fa-7432-4980-8ae0-26c2bfc3fb77_295616503.jpeg?h=225&w=225
301420209,Tesco Pregnancy Test 2 Tests,https://www.tesco.com/groceries/en-GB/shop/health-and-beauty/all?department=Lifestyle%20%26%20Wellbeing&viewAll=department&page=,£3.50,£1.75/each,,,/groceries/en-GB/products/301420209,https://digitalcontent.api.tesco.com/v2/media/ghs/5d1793dd-e0ee-42f4-b802-abebb0070254/158a87ba-55fc-4049-83e2-39e2bc36cfa3_1942428942.jpeg?h=225&w=225
285845290,Complan Nutritional Drink Drink Chocolate 4X55g,https://www.tesco.com/groceries/en-GB/shop/health-and-beauty/all?department=Lifestyle%20%26%20Wellbeing&viewAll=department&page=,£4.25,£1.94/100g,,,/groceries/en-GB/products/285845290,https://digitalcontent.api.tesco.com/v2/media/ghs/940905b4-dd20-4b58-a8aa-6541546b31db/cfc0d08b-f67a-43fe-be71-1d698ed0ab8f_1739944584.jpeg?h=225&w=225
308081800,Slimfast Strawberry Flavour Shake 365G,https://www.tesco.com/groceries/en-GB/shop/health-and-beauty/all?department=Lifestyle%20%26%20Wellbeing&viewAll=department&page=,£5.65,£1.55/100g,,,/groceries/en-GB/products/308081800,https://digitalcontent.api.tesco.com/v2/media/ghs/9f92bcf0-da11-48ed-bd13-76a7683f0675/5de4c835-0d71-4536-b8b7-a38d4f360c14_388374626.jpeg?h=225&w=225
285845330,Complan Nutritional Drink Strawberry 4X55g,https://www.tesco.com/groceries/en-GB/shop/health-and-beauty/all?department=Lifestyle%20%26%20Wellbeing&viewAll=department&page=,£4.25,£1.94/100g,,,/groceries/en-GB/products/285845330,https://digitalcontent.api.tesco.com/v2/media/ghs/956be8fc-0112-4c60-bb3a-df0f86490758/2b923625-922e-4d20-a2f2-ab70c4119791_1907857751.jpeg?h=225&w=225
285499261,Tesco Sleep Aid 30S,https://www.tesco.com/groceries/en-GB/shop/health-and-beauty/all?department=Lifestyle%20%26%20Wellbeing&viewAll=department&page=,£3.00,£0.10/each,,,/groceries/en-GB/products/285499261,https://digitalcontent.api.tesco.com/v2/media/ghs/2c11c93b-8a5d-4a6c-be45-39fb204a9cb1/df66c16d-f614-488d-a7e1-40c4ec754772_1447427582.jpeg?h=225&w=225
285669803,Complan Nutritional Drink Original 425G,https://www.tesco.com/groceries/en-GB/shop/health-and-beauty/all?department=Lifestyle%20%26%20Wellbeing&viewAll=department&page=,£4.95,£1.17/100g,,,/groceries/en-GB/products/285669803,https://digitalcontent.api.tesco.com/v2/media/ghs/6a9d27cd-f0eb-4ca1-b78e-9b1cb956cf23/69b4ea94-85d3-42e8-9ca0-6037d776370d_475133321.jpeg?h=225&w=225
306504230,Ufit High Protein Milkshake Drink Strawberry 330Ml,https://www.tesco.com/groceries/en-GB/shop/health-and-beauty/all?department=Lifestyle%20%26%20Wellbeing&viewAll=department&page=,£2.00,£0.61/100ml,,,/groceries/en-GB/products/306504230,https://digitalcontent.api.tesco.com/v2/media/ghs/fd61e11f-c348-45d8-bdd8-6aa26a2eef4a/31260563-6e8f-418b-8584-e22e88b64c17_295954728.jpeg?h=225&w=225
309758349,Huel Ready To Drink Vanilla 500Ml,https://www.tesco.com/groceries/en-GB/shop/health-and-beauty/all?department=Lifestyle%20%26%20Wellbeing&viewAll=department&page=,£3.50,£0.70/100ml,,,/groceries/en-GB/products/309758349,https://digitalcontent.api.tesco.com/v2/media/ghs/d61360af-4fb7-4835-a577-f70368f8b8a5/877a9f72-46b3-4ade-b9ab-996dc1d936fe_1637098412.jpeg?h=225&w=225
290782190,Carb Killa Cookies & Cream 60G Bar,https://www.tesco.com/groceries/en-GB/shop/health-and-beauty/all?department=Lifestyle%20%26%20Wellbeing&viewAll=department&page=,£2.70,£4.50/100g,,,/groceries/en-GB/products/290782190,https://digitalcontent.api.tesco.com/v2/media/ghs/ac48d608-7344-42eb-977e-57da348de321/9b348628-bcdd-450e-a64b-a7cfce643389_1123963137.jpeg?h=225&w=225
287168598,Clearwipes Lens Cleaners Micro Fibre,https://www.tesco.com/groceries/en-GB/shop/health-and-beauty/all?department=Lifestyle%20%26%20Wellbeing&viewAll=department&page=,£3.00,£0.15/each,,,/groceries/en-GB/products/287168598,https://digitalcontent.api.tesco.com/v2/media/ghs/104b4b06-5e2b-4441-8bf5-fbe9442bb2f3/dfed2a95-eec5-46b1-9f3b-b63768cc404d_498561987.jpeg?h=225&w=225
293710184,Grenade Carb Killa Mint Dark Chocolate 60G,https://www.tesco.com/groceries/en-GB/shop/health-and-beauty/all?department=Lifestyle%20%26%20Wellbeing&viewAll=department&page=,£2.70,£4.50/100g,,,/groceries/en-GB/products/293710184,https://digitalcontent.api.tesco.com/v2/media/ghs/518257fb-052a-4325-8a71-be0cb0333980/acd4ccf1-113e-4367-b3df-f5ffc921eb98_1682303818.jpeg?h=225&w=225
293710149,Grenade Carb Killa White Chocolate Cookie Protein Bar60g,https://www.tesco.com/groceries/en-GB/shop/health-and-beauty/all?department=Lifestyle%20%26%20Wellbeing&viewAll=department&page=,£2.70,£4.50/100g,,,/groceries/en-GB/products/293710149,https://digitalcontent.api.tesco.com/v2/media/ghs/9cd9c5da-f052-46e3-bc0b-82bc84f4156a/b825ef05-a9c1-4f6b-a0dd-32b0769f8c78_1420182860.jpeg?h=225&w=225
297813753,Grenade Carb Killa Peanut Nutter 60G,https://www.tesco.com/groceries/en-GB/shop/health-and-beauty/all?department=Lifestyle%20%26%20Wellbeing&viewAll=department&page=,£2.70,£4.50/100g,,,/groceries/en-GB/products/297813753,https://digitalcontent.api.tesco.com/v2/media/ghs/fde035bb-ebbe-4f49-95ef-bcf5fbb9c333/6989ec73-3f18-4e46-8e0d-da0515074eaf_386500593.jpeg?h=225&w=225
302088255,Fulfil Salted Caramel Vitamin Protein Bar 55G,https://www.tesco.com/groceries/en-GB/shop/health-and-beauty/all?department=Lifestyle%20%26%20Wellbeing&viewAll=department&page=,£2.70,£4.91/100g,£2.00 Clubcard Price,,/groceries/en-GB/products/302088255,https://digitalcontent.api.tesco.com/v2/media/ghs/db0ac5b8-d081-4172-af64-80b8a86c11f4/028b42a5-1afd-41d4-9e0d-dbe885942ba4_210982536.jpeg?h=225&w=225
312572951,Grenade Cookie Dough Protein Bar 60G,https://www.tesco.com/groceries/en-GB/shop/health-and-beauty/all?department=Lifestyle%20%26%20Wellbeing&viewAll=department&page=,£2.70,£4.50/100g,,,/groceries/en-GB/products/312572951,https://digitalcontent.api.tesco.com/v2/media/ghs/0a69468f-0440-4a2a-984b-c53332525aea/995fc892-cdc8-48ca-ac67-fc1f9f8ef4aa_1402852011.jpeg?h=225&w=225
299846630,Slimfast Chocolate Caramel Treat Bars 6X26g,https://www.tesco.com/groceries/en-GB/shop/health-and-beauty/all?department=Lifestyle%20%26%20Wellbeing&viewAll=department&page=,£2.99,£1.92/100g,,,/groceries/en-GB/products/299846630,https://digitalcontent.api.tesco.com/v2/media/ghs/3b998692-5f38-47b3-a934-062ecc371806/c9706a2d-b8e3-496d-b466-c6170a0901b8_1699774153.jpeg?h=225&w=225
309489639,Slimfast Double Chocolate Snack Bar 6X25g,https://www.tesco.com/groceries/en-GB/shop/health-and-beauty/all?department=Lifestyle%20%26%20Wellbeing&viewAll=department&page=,£2.99,£2.00/100g,,,/groceries/en-GB/products/309489639,https://digitalcontent.api.tesco.com/v2/media/ghs/e54ed9d7-87c1-44da-bfb6-88bb87ec3ae5/eb8e83b5-ea38-4d66-9344-e0e952bfa67f_2016546086.jpeg?h=225&w=225
298062147,Fulfil Chocolate Hazenut Whip Vitamin Protein Bar 55G,https://www.tesco.com/groceries/en-GB/shop/health-and-beauty/all?department=Lifestyle%20%26%20Wellbeing&viewAll=department&page=,£2.70,£4.91/100g,£2.00 Clubcard Price,,/groceries/en-GB/products/298062147,https://digitalcontent.api.tesco.com/v2/media/ghs/e928e62c-451c-4c12-abcf-254d605bb7e5/abad4b90-12bf-4e2f-97a0-93b70077f582_536627920.jpeg?h=225&w=225
312094468,Sci-Mx Flapjack Chocolate Flavoured Protein Bar 80G,https://www.tesco.com/groceries/en-GB/shop/health-and-beauty/all?department=Lifestyle%20%26%20Wellbeing&viewAll=department&page=,£1.80,£2.25/100g,,New,/groceries/en-GB/products/312094468,https://digitalcontent.api.tesco.com/v2/media/ghs/c105041a-e0bb-4508-9bd1-5d77149e94bb/eab0f0d9-fca4-40a3-a1af-50957a131b41_217453415.jpeg?h=225&w=225
254715975,Tesco Saline Solution 360Ml,https://www.tesco.com/groceries/en-GB/shop/health-and-beauty/all?department=Lifestyle%20%26%20Wellbeing&viewAll=department&page=,£2.00,£0.56/100ml,,,/groceries/en-GB/products/254715975,https://digitalcontent.api.tesco.com/v2/media/ghs/86e3ee22-e998-4536-8a18-38936edcbcf0/c96faa7d-3ac3-49b5-abfa-c1563857e6d5_1256652746.jpeg?h=225&w=225
304255354,Fulfil Peanut Butter Vitamin Protein Bar 55G,https://www.tesco.com/groceries/en-GB/shop/health-and-beauty/all?department=Lifestyle%20%26%20Wellbeing&viewAll=department&page=,£2.70,£4.91/100g,£2.00 Clubcard Price,,/groceries/en-GB/products/304255354,https://digitalcontent.api.tesco.com/v2/media/ghs/76af23f8-2a4d-487a-aa74-b6c39eeaeb6f/576ae847-c000-4343-aff2-ff0431631884_735407031.jpeg?h=225&w=225
302932570,Tesco Active Vanilla Caramel Crunch Protein Bar 60G,https://www.tesco.com/groceries/en-GB/shop/health-and-beauty/all?department=Lifestyle%20%26%20Wellbeing&viewAll=department&page=,£1.75,£2.92/100g,,,/groceries/en-GB/products/302932570,https://digitalcontent.api.tesco.com/v2/media/ghs/f57a2cbc-7e55-4163-87c4-9acb017e1d30/76ce7df3-9819-484d-ba15-c54e422706d3_363909988.jpeg?h=225&w=225
267830991,Tesco Lens Wipes X26,https://www.tesco.com/groceries/en-GB/shop/health-and-beauty/all?department=Lifestyle%20%26%20Wellbeing&viewAll=department&page=,£1.35,£0.05/each,,,/groceries/en-GB/products/267830991,https://digitalcontent.api.tesco.com/v2/media/ghs/ce2d8157-0a3b-4880-ba20-61339da16c7c/ac3aa4e6-b174-438c-b827-ef7141bdab7f_491536146.jpeg?h=225&w=225
255353214,Dextro Tablets Orange 47G,https://www.tesco.com/groceries/en-GB/shop/health-and-beauty/all?department=Lifestyle%20%26%20Wellbeing&viewAll=department&page=,£0.75,£1.60/100g,Any 3 for 2 Clubcard Price - Cheapest Product Free - Selected Vitamins Or Supplements,,/groceries/en-GB/products/255353214,https://digitalcontent.api.tesco.com/v2/media/ghs/431e4e15-4b25-4f7c-8232-4afb2fd035e7/07de4d43-977f-4c72-99c4-e2364bcee20a_1581832353.jpeg?h=225&w=225
302932535,Tesco Active Cookies & Cream Flavour Protein Bar 60G,https://www.tesco.com/groceries/en-GB/shop/health-and-beauty/all?department=Lifestyle%20%26%20Wellbeing&viewAll=department&page=,£1.75,£2.92/100g,,,/groceries/en-GB/products/302932535,https://digitalcontent.api.tesco.com/v2/media/ghs/1fb2abf7-3e35-45bb-a08b-a1114f89510f/9d2f1d0a-2793-4561-af90-fd04b32b8f3b_456067265.jpeg?h=225&w=225
309761812,The Food Doctor Lower Carb Chocolate Crisp Bar 30G,https://www.tesco.com/groceries/en-GB/shop/health-and-beauty/all?department=Lifestyle%20%26%20Wellbeing&viewAll=department&page=,£1.50,£5.00/100g,,,/groceries/en-GB/products/309761812,https://digitalcontent.api.tesco.com/v2/media/ghs/a834ee40-4288-4d46-933e-2609995a4330/a017cbf9-cd8f-4361-a895-11f7c16b4037_888807038.jpeg?h=225&w=225
251533676,Pregnacare 30S,https://www.tesco.com/groceries/en-GB/shop/health-and-beauty/all?department=Lifestyle%20%26%20Wellbeing&viewAll=department&page=,£4.00,£0.13/each,Any 3 for 2 Clubcard Price - Cheapest Product Free - Selected Vitamins Or Supplements,,/groceries/en-GB/products/251533676,https://digitalcontent.api.tesco.com/v2/media/ghs/cf7ee3a7-5555-405b-9c57-ae2145b66128/9b1634ce-0ecc-4894-aaf1-17a91c431458_473986950.jpeg?h=225&w=225
271487567,Lift Glucose Tabs Raspberry 10S 40G,https://www.tesco.com/groceries/en-GB/shop/health-and-beauty/all?department=Lifestyle%20%26%20Wellbeing&viewAll=department&page=,£1.00,£2.50/100g,Any 3 for 2 Clubcard Price - Cheapest Product Free - Selected Vitamins Or Supplements,,/groceries/en-GB/products/271487567,https://digitalcontent.api.tesco.com/v2/media/ghs/83f22f32-363a-4c21-8ab0-678d47db6afd/dd7a7894-514b-4ebb-897d-3063fcdf8086_1619551272.jpeg?h=225&w=225
309198062,Fulfil Chocolate Caramel Vitamin & Protein Bar 40G,https://www.tesco.com/groceries/en-GB/shop/health-and-beauty/all?department=Lifestyle%20%26%20Wellbeing&viewAll=department&page=,£1.50,£3.75/100g,"£3.40 Meal Deal Clubcard Price £3.90 Meal Deal Regular Price - Selected Drink, Snack, Wrap, Sandwich, Roll, Pasty Or Salad",,/groceries/en-GB/products/309198062,https://digitalcontent.api.tesco.com/v2/media/ghs/88f99e8a-0eff-4972-a47f-7b6185b5bfa5/05a3a029-e222-410e-93b2-fbd7e1fccca2_2016819747.jpeg?h=225&w=225
255330397,Dextro Tablets Lemon 47G,https://www.tesco.com/groceries/en-GB/shop/health-and-beauty/all?department=Lifestyle%20%26%20Wellbeing&viewAll=department&page=,£0.75,£1.60/100g,Any 3 for 2 Clubcard Price - Cheapest Product Free - Selected Vitamins Or Supplements,,/groceries/en-GB/products/255330397,https://digitalcontent.api.tesco.com/v2/media/ghs/ea8325ee-a70a-4275-b9ae-7ffffebe592b/b799041c-c334-4f54-9f0d-70c744ae968e_748112547.jpeg?h=225&w=225
312833127,Usn Trust High Protein Cookie Bar Salted Caramel 60G,https://www.tesco.com/groceries/en-GB/shop/health-and-beauty/all?department=Lifestyle%20%26%20Wellbeing&viewAll=department&page=,£1.00,£1.67/100g,,,/groceries/en-GB/products/312833127,https://digitalcontent.api.tesco.com/v2/media/ghs/464e2710-685b-4894-bc59-432b36be4b38/ca42a2b7-28c4-424b-b072-634038849465_4400796.jpeg?h=225&w=225
306350883,Keep It Handy Lens Cleaning Wipes,https://www.tesco.com/groceries/en-GB/shop/health-and-beauty/all?department=Lifestyle%20%26%20Wellbeing&viewAll=department&page=,£1.00,£0.03/each,,,/groceries/en-GB/products/306350883,https://digitalcontent.api.tesco.com/v2/media/ghs/a04c43a2-b4d0-4839-a38b-98d65cdbcc73/da9c26a2-dc67-428d-b3ee-90a48bd48096_1195736304.jpeg?h=225&w=225
307136427,Lift Zesty Lemon & Lime Glucose Shot 60Ml,https://www.tesco.com/groceries/en-GB/shop/health-and-beauty/all?department=Lifestyle%20%26%20Wellbeing&viewAll=department&page=,£1.60,£2.67/100ml,Any 3 for 2 Clubcard Price - Cheapest Product Free - Selected Vitamins Or Supplements,,/groceries/en-GB/products/307136427,https://digitalcontent.api.tesco.com/v2/media/ghs/f24f086f-21fc-4c02-a7e4-d0b1a8c095f3/8996eb26-80d5-40fb-92c9-9b11441cb9cc_509231536.jpeg?h=225&w=225
312562646,Four Five Cbd Thermal Joint Gel 300Mg 100Ml,https://www.tesco.com/groceries/en-GB/shop/health-and-beauty/all?department=Lifestyle%20%26%20Wellbeing&viewAll=department&page=,£30.00,£30.00/100ml,£27.00 Clubcard Price,,/groceries/en-GB/products/312562646,https://digitalcontent.api.tesco.com/v2/media/ghs/e0e4a5ee-b0b7-43d5-9cae-246a731e2b6b/45524fa4-c132-4bc2-8551-afad8707fd5e_1656404614.jpeg?h=225&w=225
311687477,Hanx Vegan Water Based Lubricant 50Ml,https://www.tesco.com/groceries/en-GB/shop/health-and-beauty/all?department=Lifestyle%20%26%20Wellbeing&viewAll=department&page=,£15.00,£30.00/100ml,,,/groceries/en-GB/products/311687477,https://digitalcontent.api.tesco.com/v2/media/ghs/7a09f2cf-2bc8-4d65-b9fb-7f8b9ad8c0d4/581c7e26-b31a-4e71-bd6c-74b977062cf3_192872922.jpeg?h=225&w=225
259178657,Pregnacare Breast Feeding 84S,https://www.tesco.com/groceries/en-GB/shop/health-and-beauty/all?department=Lifestyle%20%26%20Wellbeing&viewAll=department&page=,£16.00,£0.19/each,Any 3 for 2 Clubcard Price - Cheapest Product Free - Selected Vitamins Or Supplements,,/groceries/en-GB/products/259178657,https://digitalcontent.api.tesco.com/v2/media/ghs/a07a21cd-7e68-4c2d-bef5-e8be19d0206b/2357c549-9a61-436b-b935-25cb7113e1ac_1509522895.jpeg?h=225&w=225
302932230,Tesco Slim Banana Mealrepl. Shake 10X29g,https://www.tesco.com/groceries/en-GB/shop/health-and-beauty/all?department=Lifestyle%20%26%20Wellbeing&viewAll=department&page=,£5.00,£1.73/100g,,,/groceries/en-GB/products/302932230,https://digitalcontent.api.tesco.com/v2/media/ghs/cdeeb114-306e-43af-bf34-c9a8b09b3ca4/5dc38006-5e15-41df-9f2c-c4daee28ea55_1022319205.jpeg?h=225&w=225
276141577,Tesco Slim Chocolate Meal Replacement Shakes 10X29g,https://www.tesco.com/groceries/en-GB/shop/health-and-beauty/all?department=Lifestyle%20%26%20Wellbeing&viewAll=department&page=,£5.00,£1.73/100g,,,/groceries/en-GB/products/276141577,https://digitalcontent.api.tesco.com/v2/media/ghs/2b940703-e96d-47f3-a911-805b9a899894/0f1c7d71-b168-4b38-86e2-55601df45fa6_765095634.jpeg?h=225&w=225
267388385,Kalms Night 21S,https://www.tesco.com/groceries/en-GB/shop/health-and-beauty/all?department=Lifestyle%20%26%20Wellbeing&viewAll=department&page=,£5.00,£0.24/each,,,/groceries/en-GB/products/267388385,https://digitalcontent.api.tesco.com/v2/media/ghs/f27df0ea-4650-4034-b2bc-852ce0920e33/680592b1-c9a1-48e6-b39a-7afb02766edb_1797710346.jpeg?h=225&w=225
277031078,Canesten Af Dual Action 30G Cream,https://www.tesco.com/groceries/en-GB/shop/health-and-beauty/all?department=Lifestyle%20%26%20Wellbeing&viewAll=department&page=,£5.35,£17.84/100g,,,/groceries/en-GB/products/277031078,https://digitalcontent.api.tesco.com/v2/media/ghs/04e8ba62-756e-43d7-a8a4-95c37c875f44/14086f03-4d3c-4e88-a7a6-636fd5c45bf5_1866762879.jpeg?h=225&w=225
302932374,Tesco Slim Raspberry & White Chocolate Meal Replacement Bars 4X60g,https://www.tesco.com/groceries/en-GB/shop/health-and-beauty/all?department=Lifestyle%20%26%20Wellbeing&viewAll=department&page=,£5.35,£2.23/100g,,,/groceries/en-GB/products/302932374,https://digitalcontent.api.tesco.com/v2/media/ghs/9b8c5961-2c85-4737-a2b0-cc7b3df4839a/874938f8-7a28-42be-bc84-7acaffd50cd1_969253242.jpeg?h=225&w=225
259450761,Optrex Multi Action Eye Wash 300Ml,https://www.tesco.com/groceries/en-GB/shop/health-and-beauty/all?department=Lifestyle%20%26%20Wellbeing&viewAll=department&page=,£6.50,£2.17/100ml,,,/groceries/en-GB/products/259450761,https://digitalcontent.api.tesco.com/v2/media/ghs/469ade53-4c92-40e1-993c-c4f18a7e4ea4/53a778f2-61c3-4378-9bdd-1511f3e3d36e_1006832901.jpeg?h=225&w=225
260347802,Tesco Nicotine 4Mg Lozenges 72S,https://www.tesco.com/groceries/en-GB/shop/health-and-beauty/all?department=Lifestyle%20%26%20Wellbeing&viewAll=department&page=,£7.00,£0.10/each,,,/groceries/en-GB/products/260347802,https://digitalcontent.api.tesco.com/v2/media/ghs/c0c7aab8-9297-4918-9ae1-7bb979dd5413/fd6d6ecf-567f-476a-8197-41fafa6092a2_333694570.jpeg?h=225&w=225
296423628,Nytol One A Night 21 Tablets,https://www.tesco.com/groceries/en-GB/shop/health-and-beauty/all?department=Lifestyle%20%26%20Wellbeing&viewAll=department&page=,£6.00,£0.29/each,,,/groceries/en-GB/products/296423628,https://digitalcontent.api.tesco.com/v2/media/ghs/cbc17249-37bd-4fcc-9f85-b1dd5c3a7d7c/bfc88341-2294-49f2-9e12-aacdd97c2a7a_1399363907.jpeg?h=225&w=225
285843643,Complan Nutritional Drink Vanilla 4X55g,https://www.tesco.com/groceries/en-GB/shop/health-and-beauty/all?department=Lifestyle%20%26%20Wellbeing&viewAll=department&page=,£4.25,£1.94/100g,,,/groceries/en-GB/products/285843643,https://digitalcontent.api.tesco.com/v2/media/ghs/41e26b82-0f18-4163-8009-841cc515ccdd/ceb42254-9129-4d5d-84c8-ef4d51d912db_177529611.jpeg?h=225&w=225
285845451,Complan Nutritional Drink Banana 4X55g,https://www.tesco.com/groceries/en-GB/shop/health-and-beauty/all?department=Lifestyle%20%26%20Wellbeing&viewAll=department&page=,£4.25,£1.94/100g,,,/groceries/en-GB/products/285845451,https://digitalcontent.api.tesco.com/v2/media/ghs/c78d3734-5c19-462a-b69e-d549166337ae/f585cc13-b76f-41ea-9f85-ccfeea9af0c0_1819599525.jpeg?h=225&w=225
255907977,Tesco Sterile Blister Plasters 5'S,https://www.tesco.com/groceries/en-GB/shop/health-and-beauty/all?department=Lifestyle%20%26%20Wellbeing&viewAll=department&page=,£3.00,£0.60/each,,,/groceries/en-GB/products/255907977,https://digitalcontent.api.tesco.com/v2/media/ghs/95ef9e42-0846-41b5-99fd-6147485ba350/f880a80d-7752-476c-9cbc-1708e1eac053_710635806.jpeg?h=225&w=225
259793458,Kalms Tablets Day 84S,https://www.tesco.com/groceries/en-GB/shop/health-and-beauty/all?department=Lifestyle%20%26%20Wellbeing&viewAll=department&page=,£4.00,£0.05/each,,,/groceries/en-GB/products/259793458,https://digitalcontent.api.tesco.com/v2/media/ghs/c8c122dd-a56b-4094-9677-b3c65d413db6/c81ea95d-04ac-4382-b2bd-2936300de1d2_447263139.jpeg?h=225&w=225
273321260,Tesco Eye Brightener 10Ml,https://www.tesco.com/groceries/en-GB/shop/health-and-beauty/all?department=Lifestyle%20%26%20Wellbeing&viewAll=department&page=,£2.60,£26.00/100ml,,,/groceries/en-GB/products/273321260,https://digitalcontent.api.tesco.com/v2/media/ghs/5bb01fa1-d731-49aa-91b6-981f34c5dd2a/9cfb608e-d8a9-4ccc-9230-69e07be8d23f_626536413.jpeg?h=225&w=225
257012212,Tesco Contact Lens Eye Drops 10Ml,https://www.tesco.com/groceries/en-GB/shop/health-and-beauty/all?department=Lifestyle%20%26%20Wellbeing&viewAll=department&page=,£2.50,£25.00/100ml,,,/groceries/en-GB/products/257012212,https://digitalcontent.api.tesco.com/v2/media/ghs/c4ecaf7e-df97-41ba-89b8-d3b1bb683018/36aa03ce-2c81-47c4-9fd2-f101ca192ffd_1495882743.jpeg?h=225&w=225
297814003,Grenade Carb Killa Jaffa Quake 60G,https://www.tesco.com/groceries/en-GB/shop/health-and-beauty/all?department=Lifestyle%20%26%20Wellbeing&viewAll=department&page=,£2.70,£4.50/100g,,,/groceries/en-GB/products/297814003,https://digitalcontent.api.tesco.com/v2/media/ghs/f01316e5-e2f7-4277-b8be-748ce5926f52/0e3d89cf-1396-41f4-ba6f-2293e74600ab_1121887701.jpeg?h=225&w=225
282615279,Sci-Mx Double Chocolate Protein Cookie 75G,https://www.tesco.com/groceries/en-GB/shop/health-and-beauty/all?department=Lifestyle%20%26%20Wellbeing&viewAll=department&page=,£2.00,£2.67/100g,,,/groceries/en-GB/products/282615279,https://digitalcontent.api.tesco.com/v2/media/ghs/45ad0c7f-99b7-4e98-9ac6-81779314a096/86ff1828-0bf5-4999-b8ff-e367a5ca5701_455805777.jpeg?h=225&w=225
303183169,Grenade Carb Killa White Chocolate Peanut Bar 60G,https://www.tesco.com/groceries/en-GB/shop/health-and-beauty/all?department=Lifestyle%20%26%20Wellbeing&viewAll=department&page=,£2.70,£4.50/100g,,,/groceries/en-GB/products/303183169,https://digitalcontent.api.tesco.com/v2/media/ghs/f95ef20d-caa2-4abb-96aa-be1ab4d66c60/0adf2030-7f63-46d1-87ec-bca8aa006e2b_1761779251.jpeg?h=225&w=225
257981325,Kalms Night Tabs 50S,https://www.tesco.com/groceries/en-GB/shop/health-and-beauty/all?department=Lifestyle%20%26%20Wellbeing&viewAll=department&page=,£3.00,£0.06/each,,,/groceries/en-GB/products/257981325,https://digitalcontent.api.tesco.com/v2/media/ghs/4f7a0770-af35-412d-b992-c42cfce0292f/a9a7b254-983a-4a66-8725-6ae12d275a37_2130091046.jpeg?h=225&w=225
289622305,Optrex Intensive Eyedrops 10Ml,https://www.tesco.com/groceries/en-GB/shop/health-and-beauty/all?department=Lifestyle%20%26%20Wellbeing&viewAll=department&page=,£4.00,£40.00/100ml,,,/groceries/en-GB/products/289622305,https://digitalcontent.api.tesco.com/v2/media/ghs/19d0a3aa-ccd5-4a57-8401-9c0e02181c68/ff66046e-eeea-459a-98f9-1da5a9b8f9b6_714710886.jpeg?h=225&w=225
312102593,Vizulize Irritated Eye Drops 10Ml,https://www.tesco.com/groceries/en-GB/shop/health-and-beauty/all?department=Lifestyle%20%26%20Wellbeing&viewAll=department&page=,£2.75,£27.50/100ml,,New,/groceries/en-GB/products/312102593,https://digitalcontent.api.tesco.com/v2/media/ghs/f179bcf3-19a4-462e-9bde-82d64e2f2d2e/snapshotimagehandler_2131924560.jpeg?h=225&w=225
264867111,Ky Jelly 50Ml,https://www.tesco.com/groceries/en-GB/shop/health-and-beauty/all?department=Lifestyle%20%26%20Wellbeing&viewAll=department&page=,£3.00,£6.00/100ml,,,/groceries/en-GB/products/264867111,https://digitalcontent.api.tesco.com/v2/media/ghs/ca700b53-ccd1-45bc-b969-0826b9540c8f/949c5159-ac3d-4b0e-b4ef-980c6ab28621_951485714.jpeg?h=225&w=225
293478055,Fulfil Peanut & Caramel Vitamin & Protein Bar 55G,https://www.tesco.com/groceries/en-GB/shop/health-and-beauty/all?department=Lifestyle%20%26%20Wellbeing&viewAll=department&page=,£2.70,£4.91/100g,£2.00 Clubcard Price,,/groceries/en-GB/products/293478055,https://digitalcontent.api.tesco.com/v2/media/ghs/12cf89ff-b1d3-4d3b-83ef-def4d111cbc7/fcfb99ac-e38e-4b5b-aa6d-2711f12c1389_1412521654.jpeg?h=225&w=225
255280608,Tesco Extra Energy 30S,https://www.tesco.com/groceries/en-GB/shop/health-and-beauty/all?department=Lifestyle%20%26%20Wellbeing&viewAll=department&page=,£2.40,£0.08/each,Any 3 for 2 Clubcard Price - Cheapest Product Free - Selected Vitamins Or Supplements,,/groceries/en-GB/products/255280608,https://digitalcontent.api.tesco.com/v2/media/ghs/b3bed56b-cb12-4347-9ffb-ce5279798cff/d9b82219-631c-4c97-a895-27d1e8625c1e_513057371.jpeg?h=225&w=225
311784287,Grenade Peanut & Jelly Protein Bar 60G,https://www.tesco.com/groceries/en-GB/shop/health-and-beauty/all?department=Lifestyle%20%26%20Wellbeing&viewAll=department&page=,£2.70,£4.50/100g,,,/groceries/en-GB/products/311784287,https://digitalcontent.api.tesco.com/v2/media/ghs/a80b2c9f-d39c-4441-8bdf-42b88bda4311/882bd451-7af8-4946-95d5-10e16ad26e7a_430288529.jpeg?h=225&w=225
310692443,Myprotein Milk Chocolate Bar Chocolate Sundae Flavoured 60G,https://www.tesco.com/groceries/en-GB/shop/health-and-beauty/all?department=Lifestyle%20%26%20Wellbeing&viewAll=department&page=,£2.50,£4.17/100g,,,/groceries/en-GB/products/310692443,https://digitalcontent.api.tesco.com/v2/media/ghs/65853d78-38dc-40ab-ae6e-bd27f5d29d53/b657df1c-9dba-42e3-9dbf-8d25d0d1bf95_172804455.jpeg?h=225&w=225
301926222,Grenade Carb Killa Shake White Chocolate,https://www.tesco.com/groceries/en-GB/shop/health-and-beauty/all?department=Lifestyle%20%26%20Wellbeing&viewAll=department&page=,£2.00,£0.61/100ml,,,/groceries/en-GB/products/301926222,https://digitalcontent.api.tesco.com/v2/media/ghs/9127dfb5-e015-4a3b-b3d1-001c44ad655e/04dcfd0c-0506-4154-8b5e-262697654306_486007885.jpeg?h=225&w=225
256459480,Optrex Refreshing Eye Drops 10Ml,https://www.tesco.com/groceries/en-GB/shop/health-and-beauty/all?department=Lifestyle%20%26%20Wellbeing&viewAll=department&page=,£3.50,£35.00/100ml,,,/groceries/en-GB/products/256459480,https://digitalcontent.api.tesco.com/v2/media/ghs/6722b55b-b625-4b24-80c8-1b86da8b47c8/f8b19f80-e889-419c-84ee-e5a645f7217f_2057597.jpeg?h=225&w=225
309781879,The Food Doctor Lower Carb Caramel & Fudge Bar 60G,https://www.tesco.com/groceries/en-GB/shop/health-and-beauty/all?department=Lifestyle%20%26%20Wellbeing&viewAll=department&page=,£2.10,£3.50/100g,,,/groceries/en-GB/products/309781879,https://digitalcontent.api.tesco.com/v2/media/ghs/e22809d0-428b-47b6-82f3-269bb7cb15aa/9f3d8b33-9eb7-474c-9009-5858e6a4e37e_222504922.jpeg?h=225&w=225
309755699,The Food Doctor Lower Carb Chocolate Brownie Bar 60G,https://www.tesco.com/groceries/en-GB/shop/health-and-beauty/all?department=Lifestyle%20%26%20Wellbeing&viewAll=department&page=,£2.10,£3.50/100g,,,/groceries/en-GB/products/309755699,https://digitalcontent.api.tesco.com/v2/media/ghs/4b427bb3-4ecd-4084-a889-d58e866e0888/57a408ab-0836-4d0e-8b78-8ab48128525f_311716108.jpeg?h=225&w=225
304789049,Phd Smart Birthday Cake Bar 64G,https://www.tesco.com/groceries/en-GB/shop/health-and-beauty/all?department=Lifestyle%20%26%20Wellbeing&viewAll=department&page=,£2.00,£3.13/100g,,,/groceries/en-GB/products/304789049,https://digitalcontent.api.tesco.com/v2/media/ghs/63d5cb5e-3104-4ebe-aa6e-041bb781e7d6/e7f6d7f9-1e9f-4d34-af64-353d55db6793_1689947159.jpeg?h=225&w=225
259437518,Optrex Multi Action Eye Wash 100Ml,https://www.tesco.com/groceries/en-GB/shop/health-and-beauty/all?department=Lifestyle%20%26%20Wellbeing&viewAll=department&page=,£3.55,£3.55/100ml,,,/groceries/en-GB/products/259437518,https://digitalcontent.api.tesco.com/v2/media/ghs/b9ded62b-343f-4198-b187-d305e5970540/c0636017-454a-4e62-9009-556944f16b08_894034111.jpeg?h=225&w=225
297813851,Phd Smart Bar Chocolate Peanut Butter 64G,https://www.tesco.com/groceries/en-GB/shop/health-and-beauty/all?department=Lifestyle%20%26%20Wellbeing&viewAll=department&page=,£2.00,£3.13/100g,,,/groceries/en-GB/products/297813851,https://digitalcontent.api.tesco.com/v2/media/ghs/1349c168-2383-4d4f-b536-154b92c555db/55ee6601-22b4-4cc5-b889-82d2aeae0012_810147842.jpeg?h=225&w=225
263762956,Pro Plus 48S,https://www.tesco.com/groceries/en-GB/shop/health-and-beauty/all?department=Lifestyle%20%26%20Wellbeing&viewAll=department&page=,£4.00,£0.08/each,Any 3 for 2 Clubcard Price - Cheapest Product Free - Selected Vitamins Or Supplements,,/groceries/en-GB/products/263762956,https://digitalcontent.api.tesco.com/v2/media/ghs/218a214c-89b3-40da-8589-3bfb606f04c0/98d9308c-32e7-4bd1-af86-e587a03b8d9c_377906360.jpeg?h=225&w=225
301971173,Phd Smart Salted Fudge Brownie Bar 64G,https://www.tesco.com/groceries/en-GB/shop/health-and-beauty/all?department=Lifestyle%20%26%20Wellbeing&viewAll=department&page=,£2.00,£3.13/100g,,,/groceries/en-GB/products/301971173,https://digitalcontent.api.tesco.com/v2/media/ghs/47f2d370-aa46-41bc-9079-a8ba26b075ac/537a5dd4-8af1-4e38-bd9f-63bd59c9f467_234562685.jpeg?h=225&w=225
299473385,Phd Smart Bar Dark Chocolate Raspberry 64G,https://www.tesco.com/groceries/en-GB/shop/health-and-beauty/all?department=Lifestyle%20%26%20Wellbeing&viewAll=department&page=,£2.00,£3.13/100g,,,/groceries/en-GB/products/299473385,https://digitalcontent.api.tesco.com/v2/media/ghs/14a5a601-7e53-40d9-a536-084be907f5a6/182519c0-e19c-4149-9879-14c399b98f28_1479192227.jpeg?h=225&w=225
268679074,Tesco Corn Relief Pads 9S,https://www.tesco.com/groceries/en-GB/shop/health-and-beauty/all?department=Lifestyle%20%26%20Wellbeing&viewAll=department&page=,£1.15,£0.13/each,,,/groceries/en-GB/products/268679074,https://digitalcontent.api.tesco.com/v2/media/ghs/2671c74b-4a4b-498a-91d1-f20c44bb2547/af70a39a-bb2c-48b0-a1a2-16361a03ca32_1378182327.jpeg?h=225&w=225
309767558,Pulsin Plant Based Cookie Dough Protein Bar 57G,https://www.tesco.com/groceries/en-GB/shop/health-and-beauty/all?department=Lifestyle%20%26%20Wellbeing&viewAll=department&page=,£2.00,£3.51/100g,£1.50 Clubcard Price,,/groceries/en-GB/products/309767558,https://digitalcontent.api.tesco.com/v2/media/ghs/20db008f-8a25-488a-9c8c-573d3c50c3e7/9de2337a-2a45-4aa8-95c1-09a7c2d6d128_1235437299.jpeg?h=225&w=225
311683769,Fulfil White Chocolate Peanut & Caramel Vitamin Protein Bar 55G,https://www.tesco.com/groceries/en-GB/shop/health-and-beauty/all?department=Lifestyle%20%26%20Wellbeing&viewAll=department&page=,£2.70,£49.10/kg,£2.00 Clubcard Price,,/groceries/en-GB/products/311683769,https://digitalcontent.api.tesco.com/v2/media/ghs/69cf6ce2-3d6a-4943-8e66-6f7be771254e/aeef5c47-0de4-4712-a7fd-dd2463fafc5b_228417157.jpeg?h=225&w=225
302081280,Freedom Pregnancy Test Dip Twin Pack,https://www.tesco.com/groceries/en-GB/shop/health-and-beauty/all?department=Lifestyle%20%26%20Wellbeing&viewAll=department&page=,£1.00,£0.50/each,,,/groceries/en-GB/products/302081280,https://digitalcontent.api.tesco.com/v2/media/ghs/e9df7019-70ce-480a-b28f-f1569e5d53fa/bbb4bccb-9717-4300-8b4c-4ef65c6494e6_1032057711.jpeg?h=225&w=225
302207588,Nicorette Icy White Gum 2Mg 210'S,https://www.tesco.com/groceries/en-GB/shop/health-and-beauty/all?department=Lifestyle%20%26%20Wellbeing&viewAll=department&page=,£24.15,£0.12/each,£18.00 Clubcard Price,,/groceries/en-GB/products/302207588,https://digitalcontent.api.tesco.com/v2/media/ghs/8d30e062-0c32-44ae-b506-c39f9800c2a5/ce61c29b-548a-44ec-8030-8709324b53b5_2027245861.jpeg?h=225&w=225
302197016,Nicorette Original Gum 4Mg 210'S,https://www.tesco.com/groceries/en-GB/shop/health-and-beauty/all?department=Lifestyle%20%26%20Wellbeing&viewAll=department&page=,£24.15,£0.12/each,£18.00 Clubcard Price,,/groceries/en-GB/products/302197016,https://digitalcontent.api.tesco.com/v2/media/ghs/28e73d78-0a08-4d66-a2e1-3912d24f967d/9cdfb765-d4fa-42f4-b84a-f946d873d676_1141382450.jpeg?h=225&w=225
301645404,Nicorette Quickmist Berry Spray Duo 13.2Ml,https://www.tesco.com/groceries/en-GB/shop/health-and-beauty/all?department=Lifestyle%20%26%20Wellbeing&viewAll=department&page=,£29.00,£109.85/100ml,,,/groceries/en-GB/products/301645404,https://digitalcontent.api.tesco.com/v2/media/ghs/8f1fed14-badc-401c-b5b4-893b02060f15/6a1f7eaa-83f9-45ed-b96f-1f110b55f6a5_443178948.jpeg?h=225&w=225
263847275,Nicotinell Fruit Gum 2Mg 204S,https://www.tesco.com/groceries/en-GB/shop/health-and-beauty/all?department=Lifestyle%20%26%20Wellbeing&viewAll=department&page=,£21.00,£0.10/each,,,/groceries/en-GB/products/263847275,https://digitalcontent.api.tesco.com/v2/media/ghs/dfbece99-e658-4b21-9d93-a9a6cbd1f64a/f2d26b61-3e5c-4f1f-b349-89aa5443aa1b_335942475.jpeg?h=225&w=225
289661872,Durex Condoms Thin Feel 20'S,https://www.tesco.com/groceries/en-GB/shop/health-and-beauty/all?department=Lifestyle%20%26%20Wellbeing&viewAll=department&page=,£16.50,£0.82/each,£13.50 Clubcard Price,,/groceries/en-GB/products/289661872,https://digitalcontent.api.tesco.com/v2/media/ghs/8933bfd3-5ba8-45b5-a106-8adb42bcc85c/303c260f-7193-46f8-9b82-17f7e51fead8_500485504.jpeg?h=225&w=225
299488097,Nicotinell 1Mg Nicotine Mint Lozenges 204S,https://www.tesco.com/groceries/en-GB/shop/health-and-beauty/all?department=Lifestyle%20%26%20Wellbeing&viewAll=department&page=,£20.00,£0.10/each,,,/groceries/en-GB/products/299488097,https://digitalcontent.api.tesco.com/v2/media/ghs/a1c081ef-38c1-4b9c-a5f5-514301c049f9/c4d728ad-4806-4a0c-89df-824b68daabd3_2024540439.jpeg?h=225&w=225
312358612,Phd Burn Fat Pre Workout Powder Sherbet Lemon 200G,https://www.tesco.com/groceries/en-GB/shop/health-and-beauty/all?department=Lifestyle%20%26%20Wellbeing&viewAll=department&page=,£20.00,£10.00/100g,,,/groceries/en-GB/products/312358612,https://digitalcontent.api.tesco.com/v2/media/ghs/da02259a-c919-469b-9e00-fb59966ac0a4/d30a15e8-f906-467b-a8b5-8e9c5b1775cc_768261363.jpeg?h=225&w=225
299488114,Nicotinell 2Mg Nicotine Mint Lozenges 204S,https://www.tesco.com/groceries/en-GB/shop/health-and-beauty/all?department=Lifestyle%20%26%20Wellbeing&viewAll=department&page=,£20.00,£0.10/each,,,/groceries/en-GB/products/299488114,https://digitalcontent.api.tesco.com/v2/media/ghs/5bf4114b-dac8-4067-b0f6-929084f5f794/5fc11ab0-5d80-4be1-9d3d-ae382245589e_1963145102.jpeg?h=225&w=225
259497014,Nicotinell Mint Lozenge 1Mg 144'S,https://www.tesco.com/groceries/en-GB/shop/health-and-beauty/all?department=Lifestyle%20%26%20Wellbeing&viewAll=department&page=,£16.00,£0.11/each,,,/groceries/en-GB/products/259497014,https://digitalcontent.api.tesco.com/v2/media/ghs/b363ef4f-d90e-41b8-997c-572a95807f93/d658179d-cb76-4afa-86e8-ef87272a891b_1162582534.jpeg?h=225&w=225
264398798,Nicorette Icy White Gum 2Mg 105S,https://www.tesco.com/groceries/en-GB/shop/health-and-beauty/all?department=Lifestyle%20%26%20Wellbeing&viewAll=department&page=,£15.50,£0.15/each,,,/groceries/en-GB/products/264398798,https://digitalcontent.api.tesco.com/v2/media/ghs/5a800796-463f-4052-bbd2-ce6568ccc21c/f5aed9f1-12ea-419a-ae5e-4dee1306a8d1_331295876.jpeg?h=225&w=225
305981707,Slimfast Banana Milkshake Multipack 6X325ml,https://www.tesco.com/groceries/en-GB/shop/health-and-beauty/all?department=Lifestyle%20%26%20Wellbeing&viewAll=department&page=,£11.00,£0.56/100ml,,,/groceries/en-GB/products/305981707,https://digitalcontent.api.tesco.com/v2/media/ghs/b7d0f0a9-e742-4005-ba15-22863213f66c/bce3346b-ea1a-4bd2-a6de-dfc3aa897fe0_398283764.jpeg?h=225&w=225
289663291,Slim-Fast Multipack Milkshakesberry 1X6x325ml,https://www.tesco.com/groceries/en-GB/shop/health-and-beauty/all?department=Lifestyle%20%26%20Wellbeing&viewAll=department&page=,£11.00,£0.56/100ml,,,/groceries/en-GB/products/289663291,https://digitalcontent.api.tesco.com/v2/media/ghs/056fe009-5e48-44aa-84af-b332770af944/449bcb4f-ce1d-4c1e-b1ee-885494af43fd_1363339716.jpeg?h=225&w=225
255614578,Nicotinell Mint Gum 4Mg 96S,https://www.tesco.com/groceries/en-GB/shop/health-and-beauty/all?department=Lifestyle%20%26%20Wellbeing&viewAll=department&page=,£11.50,£0.12/each,,,/groceries/en-GB/products/255614578,https://digitalcontent.api.tesco.com/v2/media/ghs/c87aabcd-5ebf-4a81-8107-8159c99e6414/89fed266-7e19-4257-a1ea-a580abcf6c45_606195352.jpeg?h=225&w=225
255613909,Nicotinell Fruit Gum 4Mg 96S,https://www.tesco.com/groceries/en-GB/shop/health-and-beauty/all?department=Lifestyle%20%26%20Wellbeing&viewAll=department&page=,£11.50,£0.12/each,,,/groceries/en-GB/products/255613909,https://digitalcontent.api.tesco.com/v2/media/ghs/a741a67b-05c0-4665-a2b2-be99005e8c82/84fdc172-aeea-4b3f-9300-1ed91d18fbe7_275076309.jpeg?h=225&w=225
255609408,Nicotinell Mint Lozenge 1Mg 96S,https://www.tesco.com/groceries/en-GB/shop/health-and-beauty/all?department=Lifestyle%20%26%20Wellbeing&viewAll=department&page=,£10.00,£0.10/each,,,/groceries/en-GB/products/255609408,https://digitalcontent.api.tesco.com/v2/media/ghs/53ed7aac-5727-44ca-84c6-293928280944/ac42154a-1ee5-473a-9895-0b738287ec0e_296089919.jpeg?h=225&w=225
312229408,So Divine Men Pleasure Cup Reusable,https://www.tesco.com/groceries/en-GB/shop/health-and-beauty/all?department=Lifestyle%20%26%20Wellbeing&viewAll=department&page=,£20.00,£20.00/each,£15.00 Clubcard Price,,/groceries/en-GB/products/312229408,https://digitalcontent.api.tesco.com/v2/media/ghs/be976812-9606-4c8a-9af0-b7c1f5000f38/c82887b9-fa05-4003-be91-cedbc2b13286_1335062199.jpeg?h=225&w=225
312350989,C-Sharp Unisex Reading Glasses & Case +1.5,https://www.tesco.com/groceries/en-GB/shop/health-and-beauty/all?department=Lifestyle%20%26%20Wellbeing&viewAll=department&page=,£7.00,£7.00/each,,,/groceries/en-GB/products/312350989,https://digitalcontent.api.tesco.com/v2/media/ghs/7c9d44bc-e2a5-4001-a9e2-7a4f63bda3ae/c2d601c9-abca-4f03-8f42-7dd322b3f2ba_1295932964.jpeg?h=225&w=225
308825198,Feather & Down Sweet Dreams Perfect Partners,https://www.tesco.com/groceries/en-GB/shop/health-and-beauty/all?department=Lifestyle%20%26%20Wellbeing&viewAll=department&page=,£8.00,£8.00/each,,,/groceries/en-GB/products/308825198,https://digitalcontent.api.tesco.com/v2/media/ghs/d37c113e-706a-4ce7-bd97-9947c3b8a8b5/a39cd87a-8fec-4575-95a4-909a7191931a_459104273.jpeg?h=225&w=225
308095830,Slimfast Chocolate Flavour Shake 375G,https://www.tesco.com/groceries/en-GB/shop/health-and-beauty/all?department=Lifestyle%20%26%20Wellbeing&viewAll=department&page=,£8.50,£2.27/100g,,,/groceries/en-GB/products/308095830,https://digitalcontent.api.tesco.com/v2/media/ghs/4f5d30c3-b458-45ee-924a-b71816c94fe0/3a52f333-b4f2-43fd-af09-760b7c491724_1024470394.jpeg?h=225&w=225
251177383,Scholl Ath Foot Spray 150Ml,https://www.tesco.com/groceries/en-GB/shop/health-and-beauty/all?department=Lifestyle%20%26%20Wellbeing&viewAll=department&page=,£5.75,£3.84/100ml,,,/groceries/en-GB/products/251177383,https://digitalcontent.api.tesco.com/v2/media/ghs/ebb1a47a-f320-429b-a28b-295cd64a2d5a/55684837-a17a-42ee-8fc2-6c1a88543ae5_956106536.jpeg?h=225&w=225
266460208,Vitabiotics Pregnacare Plus 60'S,https://www.tesco.com/groceries/en-GB/shop/health-and-beauty/all?department=Lifestyle%20%26%20Wellbeing&viewAll=department&page=,£12.00,£0.20/each,Any 3 for 2 Clubcard Price - Cheapest Product Free - Selected Vitamins Or Supplements,,/groceries/en-GB/products/266460208,https://digitalcontent.api.tesco.com/v2/media/ghs/4ac359c8-c63a-4bdd-a858-5f75438b2862/31a3a838-3e04-4f81-ae2b-033005d7fa5a_2107610741.jpeg?h=225&w=225
263762305,Pregnacare Conception 30S,https://www.tesco.com/groceries/en-GB/shop/health-and-beauty/all?department=Lifestyle%20%26%20Wellbeing&viewAll=department&page=,£9.00,£0.30/each,Any 3 for 2 Clubcard Price - Cheapest Product Free - Selected Vitamins Or Supplements,,/groceries/en-GB/products/263762305,https://digitalcontent.api.tesco.com/v2/media/ghs/23b6e600-93a5-4145-8522-76f5f0dfefcc/ab77ef80-ce0c-49d5-9588-921938e82fd3_2024135065.jpeg?h=225&w=225
268307037,Tesco Milk Thistle 30S,https://www.tesco.com/groceries/en-GB/shop/health-and-beauty/all?department=Lifestyle%20%26%20Wellbeing&viewAll=department&page=,£7.00,£0.23/each,Any 3 for 2 Clubcard Price - Cheapest Product Free - Selected Vitamins Or Supplements,,/groceries/en-GB/products/268307037,https://digitalcontent.api.tesco.com/v2/media/ghs/399a9659-164b-4916-976d-6850aee84fc9/6c576889-35d2-442f-8a9e-7657445860e0_210059040.jpeg?h=225&w=225
264540906,Optrex Itchy Eyes 10Ml,https://www.tesco.com/groceries/en-GB/shop/health-and-beauty/all?department=Lifestyle%20%26%20Wellbeing&viewAll=department&page=,£5.00,£50.00/100ml,,,/groceries/en-GB/products/264540906,https://digitalcontent.api.tesco.com/v2/media/ghs/0cd79ab9-c896-46af-8d87-e46b13c81f4a/e5aca82c-a7a6-4fe7-8759-4d7a2fa0bf6c_887670913.jpeg?h=225&w=225
267390393,Tesco Soothing Eye Mist Spray 10 Ml,https://www.tesco.com/groceries/en-GB/shop/health-and-beauty/all?department=Lifestyle%20%26%20Wellbeing&viewAll=department&page=,£6.00,£60.00/100ml,,,/groceries/en-GB/products/267390393,https://digitalcontent.api.tesco.com/v2/media/ghs/ba3c5a67-4673-4da6-820b-efdf826bb240/b376f589-2fc5-41df-bfd8-9149b40ab4c9_160683559.jpeg?h=225&w=225
259792048,Nytol Herbal 30S,https://www.tesco.com/groceries/en-GB/shop/health-and-beauty/all?department=Lifestyle%20%26%20Wellbeing&viewAll=department&page=,£5.00,£0.17/each,,,/groceries/en-GB/products/259792048,https://digitalcontent.api.tesco.com/v2/media/ghs/e46e7f7a-9114-43ce-b87e-a31390e2129e/fe60d5b4-881e-4917-921b-7fe9cfa61575_492876265.jpeg?h=225&w=225
266456652,Flexitol Heel Balm 56G,https://www.tesco.com/groceries/en-GB/shop/health-and-beauty/all?department=Lifestyle%20%26%20Wellbeing&viewAll=department&page=,£5.25,£9.38/100g,£4.00 Clubcard Price,,/groceries/en-GB/products/266456652,https://digitalcontent.api.tesco.com/v2/media/ghs/a00e8d39-1df3-40b8-9bc3-d19de4853277/8589e850-d679-4664-b345-88e62dc82969_1300480747.jpeg?h=225&w=225
309194020,Compeed Blister Plasters Medium 6 Pack,https://www.tesco.com/groceries/en-GB/shop/health-and-beauty/all?department=Lifestyle%20%26%20Wellbeing&viewAll=department&page=,£5.00,£0.83/each,,,/groceries/en-GB/products/309194020,https://digitalcontent.api.tesco.com/v2/media/ghs/7ae65500-9a5a-4498-b7bd-ba803b6a9167/bab9fca9-f600-4295-911a-30d7a4174295_376145204.jpeg?h=225&w=225
303183181,Grenade Carb Killa Dark Chocolate Raspberry Bar 60G,https://www.tesco.com/groceries/en-GB/shop/health-and-beauty/all?department=Lifestyle%20%26%20Wellbeing&viewAll=department&page=,£2.75,£4.59/100g,,,/groceries/en-GB/products/303183181,https://digitalcontent.api.tesco.com/v2/media/ghs/dd88e1db-bc09-4c94-8f38-fc148a175444/30a87e7b-3c14-49c4-a2ff-86f9d2bd049e_90717913.jpeg?h=225&w=225
302081913,Grenade Carb Killa Birthday Cake Protein Bar 60G,https://www.tesco.com/groceries/en-GB/shop/health-and-beauty/all?department=Lifestyle%20%26%20Wellbeing&viewAll=department&page=,£2.70,£4.50/100g,,,/groceries/en-GB/products/302081913,https://digitalcontent.api.tesco.com/v2/media/ghs/d0287e45-b7da-4cbf-ac4a-c4459fd64a06/bef7b87a-80b7-4154-ae1f-c75f74713b3c_1748619470.jpeg?h=225&w=225
256958079,Daktarin Dual Action Cream 15G,https://www.tesco.com/groceries/en-GB/shop/health-and-beauty/all?department=Lifestyle%20%26%20Wellbeing&viewAll=department&page=,£3.50,£23.34/100g,,,/groceries/en-GB/products/256958079,https://digitalcontent.api.tesco.com/v2/media/ghs/3e52df5c-85aa-4a57-86ac-378adf530a21/4429cea8-f00d-4c25-82f5-169dcf670ffa_1217655683.jpeg?h=225&w=225
304375799,Palmer's Cocoa Butter Formula Foot Cream 60G,https://www.tesco.com/groceries/en-GB/shop/health-and-beauty/all?department=Lifestyle%20%26%20Wellbeing&viewAll=department&page=,£4.30,£7.17/100g,£2.85 Clubcard Price,,/groceries/en-GB/products/304375799,https://digitalcontent.api.tesco.com/v2/media/ghs/0ad006ee-6206-471c-a59d-cfa3112b90de/cd10e2a0-9c61-4d6a-bced-8a229f2f301b_1807152327.jpeg?h=225&w=225
267360953,Tesco Contact Lens Solution 100Ml,https://www.tesco.com/groceries/en-GB/shop/health-and-beauty/all?department=Lifestyle%20%26%20Wellbeing&viewAll=department&page=,£2.40,£2.40/100ml,,,/groceries/en-GB/products/267360953,https://digitalcontent.api.tesco.com/v2/media/ghs/eb0d891c-6d74-4a06-a47f-10b31f63ebb5/64c0fe8b-d321-4920-ab71-5bc43c40cb5f_308028023.jpeg?h=225&w=225
272653334,Tesco Lens Cleaning Spray,https://www.tesco.com/groceries/en-GB/shop/health-and-beauty/all?department=Lifestyle%20%26%20Wellbeing&viewAll=department&page=,£2.00,£2.00/each,,,/groceries/en-GB/products/272653334,https://digitalcontent.api.tesco.com/v2/media/ghs/8c9591ca-ceba-496e-a66b-b94850fc3a02/466e360e-b6b2-457a-a27a-be5381d0271a_1676265957.jpeg?h=225&w=225
312845957,Myprotein Layered Chocolate Bar Cookies & Cream 60G,https://www.tesco.com/groceries/en-GB/shop/health-and-beauty/all?department=Lifestyle%20%26%20Wellbeing&viewAll=department&page=,£2.50,£4.17/100g,,,/groceries/en-GB/products/312845957,https://digitalcontent.api.tesco.com/v2/media/ghs/4a59274f-2590-477f-b21c-4eb8f6ce81b8/4ebe5404-e08f-4b69-be9a-51a0800b708e_927730434.jpeg?h=225&w=225
310674200,My Protein Layered Milk Chocolate Bar White Gold Flavoured 60G,https://www.tesco.com/groceries/en-GB/shop/health-and-beauty/all?department=Lifestyle%20%26%20Wellbeing&viewAll=department&page=,£2.50,£4.17/100g,,,/groceries/en-GB/products/310674200,https://digitalcontent.api.tesco.com/v2/media/ghs/5b4a5507-b06b-4241-bbef-8aafa56dde90/9cb3c73a-84d9-4563-8d53-e111e85c86cc_1162352066.jpeg?h=225&w=225
305043655,Profoot Moisturising Foot Socks 16X2 1 Pair Socks,https://www.tesco.com/groceries/en-GB/shop/health-and-beauty/all?department=Lifestyle%20%26%20Wellbeing&viewAll=department&page=,£2.00,£6.25/100g,,,/groceries/en-GB/products/305043655,https://digitalcontent.api.tesco.com/v2/media/ghs/2915c49e-66be-425a-b2c0-b9802ae924e5/1a0353ed-6a13-4db1-939d-0a5203871c76_405678163.jpeg?h=225&w=225
271195048,Tesco Gentle And Unflavoured Lubricant 75Ml,https://www.tesco.com/groceries/en-GB/shop/health-and-beauty/all?department=Lifestyle%20%26%20Wellbeing&viewAll=department&page=,£2.50,£3.34/100ml,,,/groceries/en-GB/products/271195048,https://digitalcontent.api.tesco.com/v2/media/ghs/0beff75a-cc88-4c54-a6cf-8d9c3a997aad/64aeaa7c-fb9d-4fb8-a15a-480e2fac9894_1092110845.jpeg?h=225&w=225
257168845,Daktarin Dual Action Spray 100Ml,https://www.tesco.com/groceries/en-GB/shop/health-and-beauty/all?department=Lifestyle%20%26%20Wellbeing&viewAll=department&page=,£4.50,£4.50/100g,,,/groceries/en-GB/products/257168845,https://digitalcontent.api.tesco.com/v2/media/ghs/85c6986b-f3fd-49e3-babb-2127e59967c9/930c3b6f-23cc-4a0b-8fe2-98fca0e5b189_1601408013.jpeg?h=225&w=225
274763132,Sis. Go Isotonic Energy Gel Orange 60Ml,https://www.tesco.com/groceries/en-GB/shop/health-and-beauty/all?department=Lifestyle%20%26%20Wellbeing&viewAll=department&page=,£1.50,£2.50/100ml,,,/groceries/en-GB/products/274763132,https://digitalcontent.api.tesco.com/v2/media/ghs/3d89d2f1-d2ba-4b04-bc16-ac6fee41606e/01dd1930-17d2-446b-bcab-e1d65938b285_1946966794.jpeg?h=225&w=225
308100140,Maximuscle Cookies & Cream Protein Bar 45G,https://www.tesco.com/groceries/en-GB/shop/health-and-beauty/all?department=Lifestyle%20%26%20Wellbeing&viewAll=department&page=,£2.00,£4.45/100g,,,/groceries/en-GB/products/308100140,https://digitalcontent.api.tesco.com/v2/media/ghs/0f26aa14-abaf-465b-8cf6-32a6482865c9/8fcf431f-5f9d-4ab1-af76-5c099b4d0b7a_1607604808.jpeg?h=225&w=225
297813874,Phd Smart Bar Chocolate Brownie 64G,https://www.tesco.com/groceries/en-GB/shop/health-and-beauty/all?department=Lifestyle%20%26%20Wellbeing&viewAll=department&page=,£2.00,£3.13/100g,,,/groceries/en-GB/products/297813874,https://digitalcontent.api.tesco.com/v2/media/ghs/c137a88b-7e49-40e6-86d8-3a2bba881449/bce65415-18db-4be6-8ca4-36f5f952dd56_1786517256.jpeg?h=225&w=225
310668692,Myprotein Oat Bakes Flap Jack White Chocolate & Berry 75G,https://www.tesco.com/groceries/en-GB/shop/health-and-beauty/all?department=Lifestyle%20%26%20Wellbeing&viewAll=department&page=,£1.75,£2.34/100g,,,/groceries/en-GB/products/310668692,https://digitalcontent.api.tesco.com/v2/media/ghs/3fbce9c7-a997-40c2-8f13-a65203c9ef10/66279343-856f-4471-a6b2-c7df3a4f931c_1768608613.jpeg?h=225&w=225
310187477,Myprotein Oat Bakes Flap Jack Chocolate Chip 75G,https://www.tesco.com/groceries/en-GB/shop/health-and-beauty/all?department=Lifestyle%20%26%20Wellbeing&viewAll=department&page=,£1.75,£2.34/100g,,,/groceries/en-GB/products/310187477,https://digitalcontent.api.tesco.com/v2/media/ghs/7023232e-6c32-4476-a582-77d4b7a68114/e8760860-18ba-48a2-8c93-e9af5d69708c_1928778825.jpeg?h=225&w=225
312109499,Usn Diet Fuel Ultralean Shake Chocolate 770G,https://www.tesco.com/groceries/en-GB/shop/health-and-beauty/all?department=Lifestyle%20%26%20Wellbeing&viewAll=department&page=,£22.50,£2.93/100g,,,/groceries/en-GB/products/312109499,https://digitalcontent.api.tesco.com/v2/media/ghs/e241f03b-b3d4-4e6c-9ff8-ee4c750b0419/83e11eeb-c3b2-48f8-81b3-21da2c9924f9_2110463603.jpeg?h=225&w=225
311688672,Usn Diet Fuel Ultralean Shake Strawberry 770G,https://www.tesco.com/groceries/en-GB/shop/health-and-beauty/all?department=Lifestyle%20%26%20Wellbeing&viewAll=department&page=,£22.50,£2.93/100g,,,/groceries/en-GB/products/311688672,https://digitalcontent.api.tesco.com/v2/media/ghs/c3a4b14a-788a-4294-b8c9-2c0db80e4178/44b39e23-c485-44fc-b544-edd3db6451bd_1937738914.jpeg?h=225&w=225
305959849,Cannaray Muscle Balm Cbd 250Mg Aloe Arnica 60Ml,https://www.tesco.com/groceries/en-GB/shop/health-and-beauty/all?department=Lifestyle%20%26%20Wellbeing&viewAll=department&page=,£22.50,£37.50/100ml,,,/groceries/en-GB/products/305959849,https://digitalcontent.api.tesco.com/v2/media/ghs/6f046558-713f-4924-b90f-3b5757210554/e7839bec-70f7-41d2-bf4f-4cacf8967305_975711428.jpeg?h=225&w=225
289624614,Durex Condoms Extra Safe 20'S,https://www.tesco.com/groceries/en-GB/shop/health-and-beauty/all?department=Lifestyle%20%26%20Wellbeing&viewAll=department&page=,£16.50,£0.82/each,£13.50 Clubcard Price,,/groceries/en-GB/products/289624614,https://digitalcontent.api.tesco.com/v2/media/ghs/6e2a6757-dd33-4323-be99-9207f5eeadbf/b008861c-5c69-4d63-a2f3-95f5529fe3e2_32156380.jpeg?h=225&w=225
263847281,Nicotinell Mint Gum 2Mg 204S,https://www.tesco.com/groceries/en-GB/shop/health-and-beauty/all?department=Lifestyle%20%26%20Wellbeing&viewAll=department&page=,£21.00,£0.10/each,,,/groceries/en-GB/products/263847281,https://digitalcontent.api.tesco.com/v2/media/ghs/e05cf499-617c-4110-b948-772b686e988c/70ca8d77-8014-4a77-b43e-1b54ffe15c43_1844082006.jpeg?h=225&w=225
311258104,Health & Her Sleep Multi Supplement 30 Pack,https://www.tesco.com/groceries/en-GB/shop/health-and-beauty/all?department=Lifestyle%20%26%20Wellbeing&viewAll=department&page=,£20.00,£0.67/each,Any 3 for 2 Clubcard Price - Cheapest Product Free - Selected Vitamins Or Supplements,,/groceries/en-GB/products/311258104,https://digitalcontent.api.tesco.com/v2/media/ghs/c8aee50c-81f6-4bb9-a07b-11a06338df42/cc8e30f2-7ee4-4317-9de1-f1404eb17860_29502476.jpeg?h=225&w=225
305526597,Niquitin Minis Mint Lozenges 4Mg X100,https://www.tesco.com/groceries/en-GB/shop/health-and-beauty/all?department=Lifestyle%20%26%20Wellbeing&viewAll=department&page=,£22.00,£0.22/each,,,/groceries/en-GB/products/305526597,https://digitalcontent.api.tesco.com/v2/media/ghs/3e04ae2c-2835-471b-b967-d76924ea3bd5/6ef2984a-ef8e-45f3-b399-b7b8f311d5b3_1142351576.jpeg?h=225&w=225
305529317,Niquitin Minis Mint Lozenges 1.5Mg X100,https://www.tesco.com/groceries/en-GB/shop/health-and-beauty/all?department=Lifestyle%20%26%20Wellbeing&viewAll=department&page=,£22.00,£0.22/each,,,/groceries/en-GB/products/305529317,https://digitalcontent.api.tesco.com/v2/media/ghs/0050aaff-3b54-4126-83ae-94a8dbb2c177/a4fce3a3-ab21-4836-98c0-fc8b3b02543e_1191700740.jpeg?h=225&w=225
310156854,Usn B4 Bomb Blue Raspberry 180G,https://www.tesco.com/groceries/en-GB/shop/health-and-beauty/all?department=Lifestyle%20%26%20Wellbeing&viewAll=department&page=,£17.50,£9.73/100g,,,/groceries/en-GB/products/310156854,https://digitalcontent.api.tesco.com/v2/media/ghs/c8623949-8902-4542-921c-783167219812/d5fe2dde-8a1e-4dfc-bfc2-bb033299499d_1351782443.jpeg?h=225&w=225
305737219,Durex Thin Feel Ultra Thin Condoms 12 Pack,https://www.tesco.com/groceries/en-GB/shop/health-and-beauty/all?department=Lifestyle%20%26%20Wellbeing&viewAll=department&page=,£14.00,£1.17/each,£11.50 Clubcard Price,,/groceries/en-GB/products/305737219,https://digitalcontent.api.tesco.com/v2/media/ghs/22dc7788-2d53-4c7d-9b20-2be3e2109d60/f7948607-2e1e-4ea3-bb7f-e4a7bb693a84_1985028000.jpeg?h=225&w=225
308485599,Fulfil Vitamin & Protein Bars 10 Mixed Pack 550G,https://www.tesco.com/groceries/en-GB/shop/health-and-beauty/all?department=Lifestyle%20%26%20Wellbeing&viewAll=department&page=,£24.15,£4.40/100g,,,/groceries/en-GB/products/308485599,https://digitalcontent.api.tesco.com/v2/media/ghs/1b42901d-2514-48eb-8cfd-b6c8442d7740/f19e6a56-0a0a-4c6d-b430-792c81b6a6cc_1081067489.jpeg?h=225&w=225
258544836,Nicorette Sugar Free Freshmint 2Mg 105S,https://www.tesco.com/groceries/en-GB/shop/health-and-beauty/all?department=Lifestyle%20%26%20Wellbeing&viewAll=department&page=,£15.50,£0.15/each,,,/groceries/en-GB/products/258544836,https://digitalcontent.api.tesco.com/v2/media/ghs/39701b54-02ad-4381-bbd7-ad88e59c6723/8050823c-b46a-4344-975e-ae24c19669e1_1538441034.jpeg?h=225&w=225
258615540,Nicorette Sugar Free Gum 4Mg Original 105S.,https://www.tesco.com/groceries/en-GB/shop/health-and-beauty/all?department=Lifestyle%20%26%20Wellbeing&viewAll=department&page=,£15.50,£0.15/each,,,/groceries/en-GB/products/258615540,https://digitalcontent.api.tesco.com/v2/media/ghs/722de120-1294-40a3-996d-3e89a25ebd20/a8bc624b-5479-4c2d-a049-ac1be629920d_1889221789.jpeg?h=225&w=225
278656725,Pregnacare His & Her Conception 60'S,https://www.tesco.com/groceries/en-GB/shop/health-and-beauty/all?department=Lifestyle%20%26%20Wellbeing&viewAll=department&page=,£19.00,£0.32/each,Any 3 for 2 Clubcard Price - Cheapest Product Free - Selected Vitamins Or Supplements,,/groceries/en-GB/products/278656725,https://digitalcontent.api.tesco.com/v2/media/ghs/85eb9f3f-a3aa-4022-aa01-f63ef2cd23d1/snapshotimagehandler_1409959944.jpeg?h=225&w=225
252758593,Niquitin Clear 21Mg 14S,https://www.tesco.com/groceries/en-GB/shop/health-and-beauty/all?department=Lifestyle%20%26%20Wellbeing&viewAll=department&page=,£19.50,£1.40/each,,,/groceries/en-GB/products/252758593,https://digitalcontent.api.tesco.com/v2/media/ghs/f117990d-813d-4a6c-b292-5d1a39774659/3369fc08-f227-458c-86ee-9b4415e4d891_658550770.jpeg?h=225&w=225
254274856,Clearblue Digital Pregnancy Test With Weeks 2 Pack,https://www.tesco.com/groceries/en-GB/shop/health-and-beauty/all?department=Lifestyle%20%26%20Wellbeing&viewAll=department&page=,£15.00,£7.50/each,,,/groceries/en-GB/products/254274856,https://digitalcontent.api.tesco.com/v2/media/ghs/5463f54b-c58c-4968-9557-bca5bd7cfb9f/97a894d8-4d46-488f-b781-115f9216f655_532939767.jpeg?h=225&w=225
255921723,Nicotinell Fruit Gum 2Mg 96S,https://www.tesco.com/groceries/en-GB/shop/health-and-beauty/all?department=Lifestyle%20%26%20Wellbeing&viewAll=department&page=,£11.50,£0.12/each,,,/groceries/en-GB/products/255921723,https://digitalcontent.api.tesco.com/v2/media/ghs/c1b0df69-9f9a-40ff-a77d-dfa530209c4c/ba838f5b-057d-4069-898a-17411762adfa_1697345726.jpeg?h=225&w=225
264398994,Nicorette Icy White Gum 4Mg 105S,https://www.tesco.com/groceries/en-GB/shop/health-and-beauty/all?department=Lifestyle%20%26%20Wellbeing&viewAll=department&page=,£15.50,£0.15/each,,,/groceries/en-GB/products/264398994,https://digitalcontent.api.tesco.com/v2/media/ghs/24142c0f-22c7-48fb-b9ed-3c4e33a55f36/3db538da-bf4f-4ed6-9c29-4e9961507cde_358028452.jpeg?h=225&w=225
272582441,Vitabiotics Pregnacare Max Tablets X84,https://www.tesco.com/groceries/en-GB/shop/health-and-beauty/all?department=Lifestyle%20%26%20Wellbeing&viewAll=department&page=,£19.00,£0.23/each,Any 3 for 2 Clubcard Price - Cheapest Product Free - Selected Vitamins Or Supplements,,/groceries/en-GB/products/272582441,https://digitalcontent.api.tesco.com/v2/media/ghs/81929556-ea31-4b90-be75-4a152e84c9f3/fc0fc60b-f4a3-4858-8e45-acdb28bdb348_2135378090.jpeg?h=225&w=225
252101593,Niquitin Clear 7Mg 7S,https://www.tesco.com/groceries/en-GB/shop/health-and-beauty/all?department=Lifestyle%20%26%20Wellbeing&viewAll=department&page=,£14.00,£2.00/each,,,/groceries/en-GB/products/252101593,https://digitalcontent.api.tesco.com/v2/media/ghs/d30e21fb-15a7-40d3-af1d-4ebd1bb8c8f8/b5a8b3a3-c151-4ad2-bb49-205c1d0d9b62_1128145779.jpeg?h=225&w=225
268707860,Tesco Thin Feel 12 Condoms,https://www.tesco.com/groceries/en-GB/shop/health-and-beauty/all?department=Lifestyle%20%26%20Wellbeing&viewAll=department&page=,£6.50,£0.54/each,,,/groceries/en-GB/products/268707860,https://digitalcontent.api.tesco.com/v2/media/ghs/5ef05e2b-5bbf-44c6-8f0c-7474b4b6cf4c/0bf5bb7c-d03d-4f2e-9885-5f2fec7f6d53_1537646138.jpeg?h=225&w=225
299522351,Slimfast Vanilla Milkshake 6 Pack X 325Ml,https://www.tesco.com/groceries/en-GB/shop/health-and-beauty/all?department=Lifestyle%20%26%20Wellbeing&viewAll=department&page=,£11.00,£0.56/100ml,,,/groceries/en-GB/products/299522351,https://digitalcontent.api.tesco.com/v2/media/ghs/b194a93c-2c24-4c87-85e3-c246b231abe5/748784d8-81c4-471e-93a0-17506733a28d.jpeg?h=225&w=225
252101564,Niquitin Clear 14Mg 7S,https://www.tesco.com/groceries/en-GB/shop/health-and-beauty/all?department=Lifestyle%20%26%20Wellbeing&viewAll=department&page=,£14.00,£2.00/each,,,/groceries/en-GB/products/252101564,https://digitalcontent.api.tesco.com/v2/media/ghs/e7e930a5-f290-40ee-ab29-15df4487d9d5/be3f3e49-615f-4f9d-a6c2-5c3483d78d01_1476077829.jpeg?h=225&w=225
255614238,Nicotinell Mint Gum 2Mg 96S,https://www.tesco.com/groceries/en-GB/shop/health-and-beauty/all?department=Lifestyle%20%26%20Wellbeing&viewAll=department&page=,£11.50,£0.12/each,,,/groceries/en-GB/products/255614238,https://digitalcontent.api.tesco.com/v2/media/ghs/7109fa8d-13d3-4de7-859a-f7747b96dac2/cb9ba6fb-f8a6-4c3b-96b2-b4b7a4ba9bef_2067853883.jpeg?h=225&w=225
256326551,Niquitin Mint Lozenges 4Mg 72S,https://www.tesco.com/groceries/en-GB/shop/health-and-beauty/all?department=Lifestyle%20%26%20Wellbeing&viewAll=department&page=,£10.00,£0.14/each,,,/groceries/en-GB/products/256326551,https://digitalcontent.api.tesco.com/v2/media/ghs/14223d1b-791e-46aa-be3d-fa4eefe879a4/3c29d473-ab32-4f5d-9174-c4bdccefeaab_777639612.jpeg?h=225&w=225
256326568,Niquitin Mint Lozenges 2Mg 72S,https://www.tesco.com/groceries/en-GB/shop/health-and-beauty/all?department=Lifestyle%20%26%20Wellbeing&viewAll=department&page=,£10.00,£0.14/each,,,/groceries/en-GB/products/256326568,https://digitalcontent.api.tesco.com/v2/media/ghs/54abc345-11df-4cce-b50f-38892f3dd81b/7f2ad3ec-c030-47a7-9cee-f6944ef4845e_2125284241.jpeg?h=225&w=225
309781581,Slimfast Rocky Road Meal Bar 4 X 60G,https://www.tesco.com/groceries/en-GB/shop/health-and-beauty/all?department=Lifestyle%20%26%20Wellbeing&viewAll=department&page=,£8.00,£3.34/100g,,,/groceries/en-GB/products/309781581,https://digitalcontent.api.tesco.com/v2/media/ghs/92d41b7b-5f0c-4bfe-b862-8dea5164ac37/1b46a839-c3fa-41c9-a149-f3a2b748afd3_1239899171.jpeg?h=225&w=225
282185003,Durex Thin Feel 6S,https://www.tesco.com/groceries/en-GB/shop/health-and-beauty/all?department=Lifestyle%20%26%20Wellbeing&viewAll=department&page=,£6.50,£1.09/each,,,/groceries/en-GB/products/282185003,https://digitalcontent.api.tesco.com/v2/media/ghs/fb065f00-4616-4e39-ae43-48bc582e556f/c8794a42-cbc8-48fc-8ff7-a890fd401a66_622845384.jpeg?h=225&w=225
294392160,Ccs Foot Care Foot Cream 175Ml Ccs Footcare,https://www.tesco.com/groceries/en-GB/shop/health-and-beauty/all?department=Lifestyle%20%26%20Wellbeing&viewAll=department&page=,£7.35,£4.20/100ml,,,/groceries/en-GB/products/294392160,https://digitalcontent.api.tesco.com/v2/media/ghs/ee5a6c9c-f081-4b11-babf-b5406b97b4b1/4cd5a3b7-16c4-45a8-b377-731878acbd73_777278282.jpeg?h=225&w=225
299846653,Slimfast Chocolate Meal Bar 240G (4X60g),https://www.tesco.com/groceries/en-GB/shop/health-and-beauty/all?department=Lifestyle%20%26%20Wellbeing&viewAll=department&page=,£8.00,£3.34/100g,,,/groceries/en-GB/products/299846653,https://digitalcontent.api.tesco.com/v2/media/ghs/24c0197c-518b-4957-b371-a2efcac49faf/ba72ab13-24ee-4896-b685-0ab1c9598975_2085462649.jpeg?h=225&w=225
308854369,Feather & Down Sweet Dreams Sleep Body Butter 300Ml,https://www.tesco.com/groceries/en-GB/shop/health-and-beauty/all?department=Lifestyle%20%26%20Wellbeing&viewAll=department&page=,£8.00,£2.67/100ml,,,/groceries/en-GB/products/308854369,https://digitalcontent.api.tesco.com/v2/media/ghs/0ce35266-5088-4783-8fea-680583fe1cd6/8ee3ef67-1de2-42f8-a3bf-5710690723e3_461907378.jpeg?h=225&w=225
308081247,Nicorette Icy White Gum 2Mg 30 Pieces,https://www.tesco.com/groceries/en-GB/shop/health-and-beauty/all?department=Lifestyle%20%26%20Wellbeing&viewAll=department&page=,£6.60,£0.22/each,,,/groceries/en-GB/products/308081247,https://digitalcontent.api.tesco.com/v2/media/ghs/938ebb27-beaa-4e46-947c-5f07cae61f87/5974335f-6755-4bde-84c4-fc91d969068e_1366243630.jpeg?h=225&w=225
311940877,Grenade White Chocolate Cookie Protein Bars 4X60g,https://www.tesco.com/groceries/en-GB/shop/health-and-beauty/all?department=Lifestyle%20%26%20Wellbeing&viewAll=department&page=,£8.80,£3.67/100g,,,/groceries/en-GB/products/311940877,https://digitalcontent.api.tesco.com/v2/media/ghs/8490953c-82c8-4ba8-a7a9-f8908cfca49e/909cc662-7bbe-4d98-9d87-81f6ab4b2e8c_890146293.jpeg?h=225&w=225
287615565,Nytol Sleep & Calm Elixir 100Ml,https://www.tesco.com/groceries/en-GB/shop/health-and-beauty/all?department=Lifestyle%20%26%20Wellbeing&viewAll=department&page=,£6.50,£6.50/100ml,,,/groceries/en-GB/products/287615565,https://digitalcontent.api.tesco.com/v2/media/ghs/d0e65438-4954-454e-b555-89f76592d98a/5be8885b-2e42-42dc-a919-6d3bc514e14c_648307688.jpeg?h=225&w=225
274761917,Sis. Go Hydro Hydration Tablets Lemon 20,https://www.tesco.com/groceries/en-GB/shop/health-and-beauty/all?department=Lifestyle%20%26%20Wellbeing&viewAll=department&page=,£6.00,£0.30/each,,,/groceries/en-GB/products/274761917,https://digitalcontent.api.tesco.com/v2/media/ghs/85b084c5-2294-485c-a1ac-31953b06f3bd/1369e28b-136c-4fd5-b73e-790bf8c8e625_1904511793.jpeg?h=225&w=225
273712615,Seven Seas Pregnancy Vitamins Plus Folic Acid 28 Tablets,https://www.tesco.com/groceries/en-GB/shop/health-and-beauty/all?department=Lifestyle%20%26%20Wellbeing&viewAll=department&page=,£6.00,£0.22/each,Any 3 for 2 Clubcard Price - Cheapest Product Free - Selected Vitamins Or Supplements,,/groceries/en-GB/products/273712615,https://digitalcontent.api.tesco.com/v2/media/ghs/49b9566a-8ab9-4e42-a70a-7f62391a2e62/dd9a2b37-7aaa-4c35-820f-bbd64d9550d3_939028341.jpeg?h=225&w=225
287970857,Durex Lubrication Feel 50Ml,https://www.tesco.com/groceries/en-GB/shop/health-and-beauty/all?department=Lifestyle%20%26%20Wellbeing&viewAll=department&page=,£4.50,£9.00/100ml,,,/groceries/en-GB/products/287970857,https://digitalcontent.api.tesco.com/v2/media/ghs/16f388fe-4904-4ec8-84ee-784b976e9070/a600b1c6-0c5d-4cb1-8c29-bb98f49fc1c2_561871801.jpeg?h=225&w=225
264481774,Scholl Cracked Heel Cream Active K 60Ml,https://www.tesco.com/groceries/en-GB/shop/health-and-beauty/all?department=Lifestyle%20%26%20Wellbeing&viewAll=department&page=,£5.00,£8.34/100ml,,,/groceries/en-GB/products/264481774,https://digitalcontent.api.tesco.com/v2/media/ghs/fa74ee7e-de99-4a4e-820d-39a549e5f010/9824669f-fea8-4eb7-b3be-b038cdf368c1_2008731397.jpeg?h=225&w=225
265803975,Bazuka Treatment Gel 6G,https://www.tesco.com/groceries/en-GB/shop/health-and-beauty/all?department=Lifestyle%20%26%20Wellbeing&viewAll=department&page=,£4.70,£78.34/100g,,,/groceries/en-GB/products/265803975,https://digitalcontent.api.tesco.com/v2/media/ghs/8d38a494-96ab-4bea-a835-a215a57bf647/402efee2-bcd6-4721-a45e-68d54da2413b_515419600.jpeg?h=225&w=225
301513238,Tesco Health Medium Blister Plaster 5 Pack,https://www.tesco.com/groceries/en-GB/shop/health-and-beauty/all?department=Lifestyle%20%26%20Wellbeing&viewAll=department&page=,£3.05,£0.61/each,,,/groceries/en-GB/products/301513238,https://digitalcontent.api.tesco.com/v2/media/ghs/487953e3-3076-4ad9-b2b7-2321e0a34d48/b0146520-d58b-4cbd-adc2-2a6dacd6f90d_1645548372.jpeg?h=225&w=225
255330092,Scholl Pressure Point Foam Padding,https://www.tesco.com/groceries/en-GB/shop/health-and-beauty/all?department=Lifestyle%20%26%20Wellbeing&viewAll=department&page=,£2.25,£2.25/each,,,/groceries/en-GB/products/255330092,https://digitalcontent.api.tesco.com/v2/media/ghs/17bc404f-666a-432c-873e-f70d493b51f1/6df9e826-873a-4f8f-9662-e49d257a7762_926486443.jpeg?h=225&w=225
264207133,Sis. Go Isotonic Energy Caffeine Gel Berry 60Ml,https://www.tesco.com/groceries/en-GB/shop/health-and-beauty/all?department=Lifestyle%20%26%20Wellbeing&viewAll=department&page=,£1.75,£2.92/100ml,,,/groceries/en-GB/products/264207133,https://digitalcontent.api.tesco.com/v2/media/ghs/05cb363e-2acb-418f-bc22-26fd7a461108/da4623a3-f8b6-4594-b32a-a76477d628d5_1235529006.jpeg?h=225&w=225
308107651,Maximuscle Caramel Millionaires Protein Bar 45G,https://www.tesco.com/groceries/en-GB/shop/health-and-beauty/all?department=Lifestyle%20%26%20Wellbeing&viewAll=department&page=,£2.00,£4.45/100g,,,/groceries/en-GB/products/308107651,https://digitalcontent.api.tesco.com/v2/media/ghs/06a1b1d4-e6f9-478f-a05e-200f0f258529/15c22701-939e-4e08-9768-ea7a3945cd20_204164457.jpeg?h=225&w=225
311690490,Battle Bites Dynabar Peanut Butter Flavoured 60G,https://www.tesco.com/groceries/en-GB/shop/health-and-beauty/all?department=Lifestyle%20%26%20Wellbeing&viewAll=department&page=,£2.00,£3.34/100g,,,/groceries/en-GB/products/311690490,https://digitalcontent.api.tesco.com/v2/media/ghs/9a664982-e7f0-4a5e-9f07-fbfb95802b4a/75e2a726-49a0-44dd-9f1d-f11e1d72cbc5_1213602680.jpeg?h=225&w=225
306350877,Keep It Handy Magnifying Glass,https://www.tesco.com/groceries/en-GB/shop/health-and-beauty/all?department=Lifestyle%20%26%20Wellbeing&viewAll=department&page=,£1.00,£1.00/each,,,/groceries/en-GB/products/306350877,https://digitalcontent.api.tesco.com/v2/media/ghs/e7d9b3a0-7af8-4dda-84b9-6cf71c14cbd5/daf90a9c-c690-44fd-8cdd-d1ab6949d898_1194108937.jpeg?h=225&w=225
306350635,Keep It Handy Weekly Pill Box,https://www.tesco.com/groceries/en-GB/shop/health-and-beauty/all?department=Lifestyle%20%26%20Wellbeing&viewAll=department&page=,£1.00,£0.50/each,,,/groceries/en-GB/products/306350635,https://digitalcontent.api.tesco.com/v2/media/ghs/43d7455a-ebe6-4acb-8dee-572cab2f445d/307fee76-fe65-4a06-91ba-84c8013ef8f8_58173804.jpeg?h=225&w=225
308112729,Cannaray Oil Drops 1500Mg Cbd Lime 30Ml,https://www.tesco.com/groceries/en-GB/shop/health-and-beauty/all?department=Lifestyle%20%26%20Wellbeing&viewAll=department&page=,£35.00,£116.67/100ml,,,/groceries/en-GB/products/308112729,https://digitalcontent.api.tesco.com/v2/media/ghs/383eb518-66ff-4a1a-9bef-a16ae381b5f2/989a94ee-b8f0-4152-b45f-74b58a256c3d_296230670.jpeg?h=225&w=225
268406444,Nicorette Quickmist Mint Spray Duo,https://www.tesco.com/groceries/en-GB/shop/health-and-beauty/all?department=Lifestyle%20%26%20Wellbeing&viewAll=department&page=,£29.00,£14.50/each,,,/groceries/en-GB/products/268406444,https://digitalcontent.api.tesco.com/v2/media/ghs/5e2a5119-f039-4876-a10c-9c794e1fc8e9/60a008d8-196d-4540-91f6-8228b8c262af_2132972231.jpeg?h=225&w=225
297200840,Nicorette Original 2Mg X210,https://www.tesco.com/groceries/en-GB/shop/health-and-beauty/all?department=Lifestyle%20%26%20Wellbeing&viewAll=department&page=,£24.15,£0.12/each,£18.00 Clubcard Price,,/groceries/en-GB/products/297200840,https://digitalcontent.api.tesco.com/v2/media/ghs/e338c259-bb33-4f8c-9af6-5ce57bd072d9/233f9f0d-dc94-44fc-bbca-3dcaee1184e0_1335893523.jpeg?h=225&w=225
289662015,Durex Condoms Pleasure Me 20'S,https://www.tesco.com/groceries/en-GB/shop/health-and-beauty/all?department=Lifestyle%20%26%20Wellbeing&viewAll=department&page=,£16.50,£0.82/each,£13.50 Clubcard Price,,/groceries/en-GB/products/289662015,https://digitalcontent.api.tesco.com/v2/media/ghs/4822b331-7e0f-433e-9e6b-8a251076d750/5d2a61a0-793b-4541-9176-38a240056986_743696455.jpeg?h=225&w=225
308086150,Phd Diet Plant High Protein Shake Belgian Chocolate 500G,https://www.tesco.com/groceries/en-GB/shop/health-and-beauty/all?department=Lifestyle%20%26%20Wellbeing&viewAll=department&page=,£18.40,£3.68/100g,,,/groceries/en-GB/products/308086150,https://digitalcontent.api.tesco.com/v2/media/ghs/953aafee-931e-4964-81f5-ef22dcc51aec/022f1425-d086-451f-9650-a844a42438b5_1403156113.jpeg?h=225&w=225
308112425,Smart Protein Plant Shake Eton Mess 500G,https://www.tesco.com/groceries/en-GB/shop/health-and-beauty/all?department=Lifestyle%20%26%20Wellbeing&viewAll=department&page=,£18.00,£3.60/100g,,,/groceries/en-GB/products/308112425,https://digitalcontent.api.tesco.com/v2/media/ghs/8d83eb85-5a7d-4190-8c13-470dfe3b5e07/cefcc3c5-71ee-4ef2-bb27-4a9a7f5d766a_694133968.jpeg?h=225&w=225
312363185,Grenade Fan Favourites Selection Box Protein Bars 10 X 60G,https://www.tesco.com/groceries/en-GB/shop/health-and-beauty/all?department=Lifestyle%20%26%20Wellbeing&viewAll=department&page=,£21.00,£3.50/100g,,,/groceries/en-GB/products/312363185,https://digitalcontent.api.tesco.com/v2/media/ghs/e7cd1dd0-7a5a-4406-afbc-7ecccba2cb68/ec55504e-1078-427b-b00c-77915abe4147_1807473128.jpeg?h=225&w=225
310652324,Myprotein Clear Whey Protein Powder Orange & Mango261g,https://www.tesco.com/groceries/en-GB/shop/health-and-beauty/all?department=Lifestyle%20%26%20Wellbeing&viewAll=department&page=,£15.00,£5.75/100g,,,/groceries/en-GB/products/310652324,https://digitalcontent.api.tesco.com/v2/media/ghs/e2ba8c74-80dd-4631-99e9-2c0c06be404e/d136e01e-bb91-4995-a9a1-23be3f380dd0_897854380.jpeg?h=225&w=225
265334913,Niquitin Minis Mint 4Mg Lozenge 60S,https://www.tesco.com/groceries/en-GB/shop/health-and-beauty/all?department=Lifestyle%20%26%20Wellbeing&viewAll=department&page=,£16.00,£0.27/each,,,/groceries/en-GB/products/265334913,https://digitalcontent.api.tesco.com/v2/media/ghs/b56421a4-0fcb-490c-9f3a-fded74f00cbb/a618d3e6-12d2-4ecd-bd12-bf5d329de96f_1874740907.jpeg?h=225&w=225
277939888,Nicotinell Mint Lozenge 2Mg 144 Each,https://www.tesco.com/groceries/en-GB/shop/health-and-beauty/all?department=Lifestyle%20%26%20Wellbeing&viewAll=department&page=,£16.00,£0.11/each,,,/groceries/en-GB/products/277939888,https://digitalcontent.api.tesco.com/v2/media/ghs/681def3a-720b-4b8d-9947-6b29b993d342/3b6ebe0a-9266-4e88-b82b-0ae5a665d42d_66925881.jpeg?h=225&w=225
287318865,Mates Skyn Elite Condoms 10S,https://www.tesco.com/groceries/en-GB/shop/health-and-beauty/all?department=Lifestyle%20%26%20Wellbeing&viewAll=department&page=,£12.00,£1.20/each,£8.00 Clubcard Price,,/groceries/en-GB/products/287318865,https://digitalcontent.api.tesco.com/v2/media/ghs/b9db5844-a63c-40b5-b659-46b80bb1e1ad/0e835a63-82dd-4247-b984-31d6e02127d2_590682710.jpeg?h=225&w=225
264480366,Nicorette Invisible Patch Step 1 25Mg 7S,https://www.tesco.com/groceries/en-GB/shop/health-and-beauty/all?department=Lifestyle%20%26%20Wellbeing&viewAll=department&page=,£14.00,£2.00/each,,,/groceries/en-GB/products/264480366,https://digitalcontent.api.tesco.com/v2/media/ghs/51d83499-3ff9-4e33-9e61-ea5c9d55c899/25665dc9-d992-409a-a749-199a48090fea_854798225.jpeg?h=225&w=225
258615471,Nicorette Sugar Free Freshmint 4Mg 105S,https://www.tesco.com/groceries/en-GB/shop/health-and-beauty/all?department=Lifestyle%20%26%20Wellbeing&viewAll=department&page=,£15.50,£0.15/each,,,/groceries/en-GB/products/258615471,https://digitalcontent.api.tesco.com/v2/media/ghs/e03aa03e-a3c2-4ff8-b711-593cf0a862d4/54736c76-621b-463e-8d76-2cd9fd779ede_929714507.jpeg?h=225&w=225
273712333,Seven Seas Pregnancy Breast Feeding Vitamins 56 Pack,https://www.tesco.com/groceries/en-GB/shop/health-and-beauty/all?department=Lifestyle%20%26%20Wellbeing&viewAll=department&page=,£16.80,£0.30/each,Any 3 for 2 Clubcard Price - Cheapest Product Free - Selected Vitamins Or Supplements,,/groceries/en-GB/products/273712333,https://digitalcontent.api.tesco.com/v2/media/ghs/26d716e8-9de9-456d-8f2a-8892aa79b0a3/c01b1a3b-d7b4-4611-8865-6d330febf360_571042818.jpeg?h=225&w=225
272104144,Mates Skyn Original 10 Each,https://www.tesco.com/groceries/en-GB/shop/health-and-beauty/all?department=Lifestyle%20%26%20Wellbeing&viewAll=department&page=,£10.00,£1.00/each,£8.00 Clubcard Price,,/groceries/en-GB/products/272104144,https://digitalcontent.api.tesco.com/v2/media/ghs/3cdf65b2-1879-46f3-84c8-80831079ce1e/b28e4ce9-ad41-439c-b806-0d9139356320_383773340.jpeg?h=225&w=225
255907925,Nelsons Rescue Remedy Spray 20Ml,https://www.tesco.com/groceries/en-GB/shop/health-and-beauty/all?department=Lifestyle%20%26%20Wellbeing&viewAll=department&page=,£11.00,£55.00/100ml,,,/groceries/en-GB/products/255907925,https://digitalcontent.api.tesco.com/v2/media/ghs/d6e33661-fa5e-45a9-b9d5-7a8e380cf596/94185d8e-d772-4feb-b1ed-bca3ee7e133d_1191339242.jpeg?h=225&w=225
252101368,Niquitin Clear 21Mg 7S,https://www.tesco.com/groceries/en-GB/shop/health-and-beauty/all?department=Lifestyle%20%26%20Wellbeing&viewAll=department&page=,£14.00,£2.00/each,,,/groceries/en-GB/products/252101368,https://digitalcontent.api.tesco.com/v2/media/ghs/0203f1ae-f954-47a1-9a65-f0a610d796ee/d64e258a-2172-41e5-94ae-50d874a82763_870279791.jpeg?h=225&w=225
252506379,Nicotinell Patch Step 1 7 Days,https://www.tesco.com/groceries/en-GB/shop/health-and-beauty/all?department=Lifestyle%20%26%20Wellbeing&viewAll=department&page=,£10.00,£1.43/each,,,/groceries/en-GB/products/252506379,https://digitalcontent.api.tesco.com/v2/media/ghs/6f15cac8-4786-4ce1-9ab5-c218ba06cc8e/c23d3b2d-8aed-45b4-90b2-06c07cd69616_1712071872.jpeg?h=225&w=225
250467404,Opti-Free Express Solution 355Ml,https://www.tesco.com/groceries/en-GB/shop/health-and-beauty/all?department=Lifestyle%20%26%20Wellbeing&viewAll=department&page=,£10.00,£2.82/100ml,,,/groceries/en-GB/products/250467404,https://digitalcontent.api.tesco.com/v2/media/ghs/7e6333de-e983-4e0e-bb17-4b9aab98d85d/snapshotimagehandler_1451854036.jpeg?h=225&w=225
293477350,Clearblue Early Detection Pregnancy Test 2 Pack,https://www.tesco.com/groceries/en-GB/shop/health-and-beauty/all?department=Lifestyle%20%26%20Wellbeing&viewAll=department&page=,£11.00,£5.50/each,,,/groceries/en-GB/products/293477350,https://digitalcontent.api.tesco.com/v2/media/ghs/56f79729-6547-4fa0-9df1-cc7cfc397729/55d08f12-32eb-4b0a-81bd-901c35f81408_731055195.jpeg?h=225&w=225
271554701,Pulsin Pea Protein Isolate Powder 250G,https://www.tesco.com/groceries/en-GB/shop/health-and-beauty/all?department=Lifestyle%20%26%20Wellbeing&viewAll=department&page=,£8.00,£3.20/100g,,,/groceries/en-GB/products/271554701,https://digitalcontent.api.tesco.com/v2/media/ghs/338df315-9809-4fbd-a70b-dd4305d0a294/8f497432-3e6a-4625-9e26-aa70bc690d48_1366374405.jpeg?h=225&w=225
311225132,Kalms Rhodiola Herbal Tablets 200Mg 20 Pack,https://www.tesco.com/groceries/en-GB/shop/health-and-beauty/all?department=Lifestyle%20%26%20Wellbeing&viewAll=department&page=,£9.95,£0.50/each,,,/groceries/en-GB/products/311225132,https://digitalcontent.api.tesco.com/v2/media/ghs/b4b64f8d-f6e2-4975-a417-0426209e45f4/356578d8-6bb6-4ace-b5fd-72346eea9ba0_1797817908.jpeg?h=225&w=225
305732082,Durex Naturals Intimate Gel Extra Sensitive 100Ml,https://www.tesco.com/groceries/en-GB/shop/health-and-beauty/all?department=Lifestyle%20%26%20Wellbeing&viewAll=department&page=,£10.00,£10.00/100ml,£8.00 Clubcard Price,,/groceries/en-GB/products/305732082,https://digitalcontent.api.tesco.com/v2/media/ghs/043ec6b1-c9d9-4898-bdaa-63d0dece2369/5150e7e7-6c2a-4cf6-9d36-5fed48446120_872418783.jpeg?h=225&w=225
261133351,Nicotinell Mint Lozenge 2Mg 96S,https://www.tesco.com/groceries/en-GB/shop/health-and-beauty/all?department=Lifestyle%20%26%20Wellbeing&viewAll=department&page=,£10.00,£0.10/each,,,/groceries/en-GB/products/261133351,https://digitalcontent.api.tesco.com/v2/media/ghs/15c05726-6660-4ebb-96fc-a958c3cd7741/e1eea1aa-ed3d-47c6-910f-f02a1b9a2571_1870083485.jpeg?h=225&w=225
258904175,Nelsons Rescue Remedy 10Ml,https://www.tesco.com/groceries/en-GB/shop/health-and-beauty/all?department=Lifestyle%20%26%20Wellbeing&viewAll=department&page=,£7.90,£79.00/100ml,,,/groceries/en-GB/products/258904175,https://digitalcontent.api.tesco.com/v2/media/ghs/706d714e-2a4c-4905-b0ea-d39a070c2ec3/a38a5146-effd-4941-a9cd-ae6d1801730e_2124142158.jpeg?h=225&w=225
305980213,Clearblue Rapid Rapid Detection Pregnancy Test 2 Pack,https://www.tesco.com/groceries/en-GB/shop/health-and-beauty/all?department=Lifestyle%20%26%20Wellbeing&viewAll=department&page=,£8.00,£4.00/each,,,/groceries/en-GB/products/305980213,https://digitalcontent.api.tesco.com/v2/media/ghs/38f9edf7-1103-4509-97d1-505152aeb513/46c28471-6288-4225-9b49-440bebb6a171_1960770861.jpeg?h=225&w=225
279947040,Durex Extra Safe 6S,https://www.tesco.com/groceries/en-GB/shop/health-and-beauty/all?department=Lifestyle%20%26%20Wellbeing&viewAll=department&page=,£6.50,£1.09/each,,,/groceries/en-GB/products/279947040,https://digitalcontent.api.tesco.com/v2/media/ghs/d3f0e335-1613-49f0-ba6c-cb89d032bd46/bd4d76f8-cf2e-45f1-b674-a3c2b0875d69_351328540.jpeg?h=225&w=225
261540024,Lamisil Cream 15G,https://www.tesco.com/groceries/en-GB/shop/health-and-beauty/all?department=Lifestyle%20%26%20Wellbeing&viewAll=department&page=,£6.25,£41.67/100g,,,/groceries/en-GB/products/261540024,https://digitalcontent.api.tesco.com/v2/media/ghs/f0c8ef20-9d67-4a4a-b70b-50bfb563c0ca/0dc32fbc-a5b6-4a5e-83b3-bd6cb54919fd_1767434494.jpeg?h=225&w=225
268307066,Tesco St Johns Wort 30S,https://www.tesco.com/groceries/en-GB/shop/health-and-beauty/all?department=Lifestyle%20%26%20Wellbeing&viewAll=department&page=,£6.80,£0.23/each,,,/groceries/en-GB/products/268307066,https://digitalcontent.api.tesco.com/v2/media/ghs/ef2de408-182b-47e5-865a-cfd101281755/3c8ab9b0-6e84-4658-bb7d-e1f2223a3a24_463380597.jpeg?h=225&w=225
293839026,Kalms Lavender Caps 14S,https://www.tesco.com/groceries/en-GB/shop/health-and-beauty/all?department=Lifestyle%20%26%20Wellbeing&viewAll=department&page=,£6.50,£0.46/each,,,/groceries/en-GB/products/293839026,https://digitalcontent.api.tesco.com/v2/media/ghs/168e09da-be14-4cbf-9fb5-4d0c08f9fd9c/1a060ab7-e34a-4b75-97a3-4aefe6d7a44a_146556282.jpeg?h=225&w=225
273712598,Seven Seas Trying For A Baby 28 Tablets,https://www.tesco.com/groceries/en-GB/shop/health-and-beauty/all?department=Lifestyle%20%26%20Wellbeing&viewAll=department&page=,£6.00,£0.22/each,Any 3 for 2 Clubcard Price - Cheapest Product Free - Selected Vitamins Or Supplements,,/groceries/en-GB/products/273712598,https://digitalcontent.api.tesco.com/v2/media/ghs/0a3c8397-6d5f-4886-83ee-2db25d98299f/811af99d-6b17-4bc4-b728-c96a5e55b2b7_1512118576.jpeg?h=225&w=225
309175481,Compeed Blister Plasters Mixed Size 6 Pack,https://www.tesco.com/groceries/en-GB/shop/health-and-beauty/all?department=Lifestyle%20%26%20Wellbeing&viewAll=department&page=,£5.00,£0.83/each,,,/groceries/en-GB/products/309175481,https://digitalcontent.api.tesco.com/v2/media/ghs/fe784d27-f385-4ea6-b91c-b5517386ec19/151ecd9e-5dd2-492b-9cd7-948e35e92ad4_16175394.jpeg?h=225&w=225
305528899,Scholl Air Cushion Everyday Insoles 1 Pair,https://www.tesco.com/groceries/en-GB/shop/health-and-beauty/all?department=Lifestyle%20%26%20Wellbeing&viewAll=department&page=,£4.00,£4.00/Pair,,,/groceries/en-GB/products/305528899,https://digitalcontent.api.tesco.com/v2/media/ghs/b66425ab-9ac3-4b3b-afe7-b01c2f53acd0/54786438-5d38-4927-83e3-5864dc8cbd15_17744000.jpeg?h=225&w=225
276903051,Scholl Fresh Step 24 Hour Care Anti-Perspirant,https://www.tesco.com/groceries/en-GB/shop/health-and-beauty/all?department=Lifestyle%20%26%20Wellbeing&viewAll=department&page=,£4.00,£2.67/100ml,,,/groceries/en-GB/products/276903051,https://digitalcontent.api.tesco.com/v2/media/ghs/948428e0-57a2-47ae-a003-028595a87898/30947173-2cea-4041-8787-0979897d91b5_1587511364.jpeg?h=225&w=225
302064646,Phd Shaker Bottle,https://www.tesco.com/groceries/en-GB/shop/health-and-beauty/all?department=Lifestyle%20%26%20Wellbeing&viewAll=department&page=,£3.95,£3.95/each,,,/groceries/en-GB/products/302064646,https://digitalcontent.api.tesco.com/v2/media/ghs/bb9b9969-f903-41a2-90f3-810399327aed/75808bff-b904-4786-b8d9-601b7ce52b12_973337670.jpeg?h=225&w=225
254469407,Optrex Eyedew Dazzling Blue Eye Drops 10Ml,https://www.tesco.com/groceries/en-GB/shop/health-and-beauty/all?department=Lifestyle%20%26%20Wellbeing&viewAll=department&page=,£4.70,£47.00/100ml,,,/groceries/en-GB/products/254469407,https://digitalcontent.api.tesco.com/v2/media/ghs/bbd5d004-356b-4f72-952b-e6cf9188d20e/60a7267f-644d-45ed-9c46-a930f82885bb_98047564.jpeg?h=225&w=225
312359867,So Divine Pristine Toy Cleaner 100Ml,https://www.tesco.com/groceries/en-GB/shop/health-and-beauty/all?department=Lifestyle%20%26%20Wellbeing&viewAll=department&page=,£8.00,£8.00/100ml,,,/groceries/en-GB/products/312359867,https://digitalcontent.api.tesco.com/v2/media/ghs/2e878eb0-fe5c-48cb-a3b8-1fab29e21927/64b83d52-c643-4aa0-a387-9430d04c9431_395535117.jpeg?h=225&w=225
258928043,Scholl Corn Removal Plasters Foot Care,https://www.tesco.com/groceries/en-GB/shop/health-and-beauty/all?department=Lifestyle%20%26%20Wellbeing&viewAll=department&page=,£3.00,£0.75/each,,,/groceries/en-GB/products/258928043,https://digitalcontent.api.tesco.com/v2/media/ghs/62274ac3-bbe4-40ac-8a44-7f5bd242c30a/bc79c66b-6005-4b6d-9bea-b3c0db2a4268_1432120781.jpeg?h=225&w=225
312342158,Battle Bites Dynabar Chocolate Hazelnut Bar 60G,https://www.tesco.com/groceries/en-GB/shop/health-and-beauty/all?department=Lifestyle%20%26%20Wellbeing&viewAll=department&page=,£2.00,£3.34/100g,,,/groceries/en-GB/products/312342158,https://digitalcontent.api.tesco.com/v2/media/ghs/fa3c2bb8-2505-4e2b-8bb6-6dd4b57f92bc/fc94375f-7644-4dd7-a15f-1a2511796574_555527582.jpeg?h=225&w=225
312847287,Maximuscle Cinnamon Flavoured Protein Bar 45G,https://www.tesco.com/groceries/en-GB/shop/health-and-beauty/all?department=Lifestyle%20%26%20Wellbeing&viewAll=department&page=,£2.00,£4.45/100g,,,/groceries/en-GB/products/312847287,https://digitalcontent.api.tesco.com/v2/media/ghs/6a2e9cc3-3240-4a80-a23c-302c0140e0d2/02da8285-e977-4c0f-a2ea-b2fe1eb9f5e8_1362249721.jpeg?h=225&w=225
274261754,Sis. Go Isotonic Energy Gel Blackcurrant 60Ml,https://www.tesco.com/groceries/en-GB/shop/health-and-beauty/all?department=Lifestyle%20%26%20Wellbeing&viewAll=department&page=,£1.50,£2.50/100ml,,,/groceries/en-GB/products/274261754,https://digitalcontent.api.tesco.com/v2/media/ghs/5e773b10-4e3a-4458-8059-864b79a46ed0/4cad42c0-8ce1-4719-93d3-812973a78079_1634787913.jpeg?h=225&w=225
306350802,Keep It Handy Screen Cleaning Wipes 100 Pack,https://www.tesco.com/groceries/en-GB/shop/health-and-beauty/all?department=Lifestyle%20%26%20Wellbeing&viewAll=department&page=,£1.00,£0.01/each,,,/groceries/en-GB/products/306350802,https://digitalcontent.api.tesco.com/v2/media/ghs/dd444eb5-993d-4a93-98d7-d225920ced00/5a4f433b-5884-4199-95e6-ee472f2a13a6_1439693975.jpeg?h=225&w=225
270916080,Phd Nutrition Diet Whey Vanilla Cream 1Kg,https://www.tesco.com/groceries/en-GB/shop/health-and-beauty/all?department=Lifestyle%20%26%20Wellbeing&viewAll=department&page=,£27.30,£2.73/100g,,,/groceries/en-GB/products/270916080,https://digitalcontent.api.tesco.com/v2/media/ghs/97de2698-942b-4614-a5e7-41c1a98bd7f9/a2cbbde9-8942-42fa-9420-3929909279e0_1469027555.jpeg?h=225&w=225
270915714,Phd Nutrition Diet Whey Belgian Chocolate 1Kg,https://www.tesco.com/groceries/en-GB/shop/health-and-beauty/all?department=Lifestyle%20%26%20Wellbeing&viewAll=department&page=,£27.30,£2.73/100g,,,/groceries/en-GB/products/270915714,https://digitalcontent.api.tesco.com/v2/media/ghs/a0d02ef4-d3b4-447c-b21d-3fc01db865fb/09f7256c-1081-4e74-a61f-35fae3ce49b5_1411787583.jpeg?h=225&w=225
277017113,Grenade Thermo Detonator 100 Caps,https://www.tesco.com/groceries/en-GB/shop/health-and-beauty/all?department=Lifestyle%20%26%20Wellbeing&viewAll=department&page=,£33.00,£0.33/each,,,/groceries/en-GB/products/277017113,https://digitalcontent.api.tesco.com/v2/media/ghs/57fc95b3-6a66-42b3-914e-7bf2b91b9cae/17658976-0102-43c5-8fb3-0fb4e109e8b8_435009053.jpeg?h=225&w=225
304678739,Vitality Cbd Oral Spray Berry 1200Mg 30Ml,https://www.tesco.com/groceries/en-GB/shop/health-and-beauty/all?department=Lifestyle%20%26%20Wellbeing&viewAll=department&page=,£24.00,£80.00/100ml,,,/groceries/en-GB/products/304678739,https://digitalcontent.api.tesco.com/v2/media/ghs/6d0757c9-05d7-4401-b3c3-d9bfa92fba3d/ed3b01b3-1692-46fc-8218-c51ce7aa6c3c_1559217370.jpeg?h=225&w=225
312208825,Usn Blue Lab 100% Whey Protein Strawberry 476G,https://www.tesco.com/groceries/en-GB/shop/health-and-beauty/all?department=Lifestyle%20%26%20Wellbeing&viewAll=department&page=,£20.00,£4.21/100g,,,/groceries/en-GB/products/312208825,https://digitalcontent.api.tesco.com/v2/media/ghs/82c9d1a6-1024-4277-a814-f6ed249f6903/65a0b36d-54cb-43e5-9be3-2a730275cb6a_23372151.jpeg?h=225&w=225
303288414,Niquitin Step 2 Patch (14Mg) 14 Day,https://www.tesco.com/groceries/en-GB/shop/health-and-beauty/all?department=Lifestyle%20%26%20Wellbeing&viewAll=department&page=,£23.50,£1.68/each,,,/groceries/en-GB/products/303288414,https://digitalcontent.api.tesco.com/v2/media/ghs/1ac3bba4-6ec4-4e60-8f8d-ddc9a5522f4e/c048b9c6-3e8c-4e45-adee-1f23cd9db1a1_1441754542.jpeg?h=225&w=225
308097678,Wartner Wart & Verruca Remover Pen,https://www.tesco.com/groceries/en-GB/shop/health-and-beauty/all?department=Lifestyle%20%26%20Wellbeing&viewAll=department&page=,£20.00,£20.00/each,,,/groceries/en-GB/products/308097678,https://digitalcontent.api.tesco.com/v2/media/ghs/392d3f40-a0f1-453e-9519-3c56852eeac6/74937924-de76-40b9-9707-862f2478874c_695423452.jpeg?h=225&w=225
311208176,Cannaray Cbd Gummies 300Mg Orange 30 Pack,https://www.tesco.com/groceries/en-GB/shop/health-and-beauty/all?department=Lifestyle%20%26%20Wellbeing&viewAll=department&page=,£20.00,£0.67/each,,,/groceries/en-GB/products/311208176,https://digitalcontent.api.tesco.com/v2/media/ghs/e8b2a2a2-89ea-41cd-bb23-810dad7b36a1/8118555c-070f-4fa9-b768-7d5033e67704_304353592.jpeg?h=225&w=225
312580866,Vitality Cbd Calm Support Drops 1200Mg 30Ml,https://www.tesco.com/groceries/en-GB/shop/health-and-beauty/all?department=Lifestyle%20%26%20Wellbeing&viewAll=department&page=,£20.00,£66.67/100ml,,,/groceries/en-GB/products/312580866,https://digitalcontent.api.tesco.com/v2/media/ghs/0ecef71a-2848-4ad2-b7ff-8a0f1cac0c4f/36e4efb8-d407-4335-8343-e9f13dbc3292_1168491046.jpeg?h=225&w=225
308110018,Phd Nutrition Smart Protein Chocolate Brownie 510G,https://www.tesco.com/groceries/en-GB/shop/health-and-beauty/all?department=Lifestyle%20%26%20Wellbeing&viewAll=department&page=,£16.00,£3.14/100g,,,/groceries/en-GB/products/308110018,https://digitalcontent.api.tesco.com/v2/media/ghs/4056b564-d295-4b44-85d8-dfc03d2ff432/b1e77747-ac6c-4121-85f8-271cc8998ab7_1750161773.jpeg?h=225&w=225
289622714,Durex Condoms Intimate Feel 12'S,https://www.tesco.com/groceries/en-GB/shop/health-and-beauty/all?department=Lifestyle%20%26%20Wellbeing&viewAll=department&page=,£14.00,£1.17/each,£11.50 Clubcard Price,,/groceries/en-GB/products/289622714,https://digitalcontent.api.tesco.com/v2/media/ghs/060ea1f4-c76b-4bdb-9d81-c21a128831ed/1273db05-eae8-4c64-af49-91df599683c3_1532229377.jpeg?h=225&w=225
308116726,Smart Protein Powder Salted Caramel 510G,https://www.tesco.com/groceries/en-GB/shop/health-and-beauty/all?department=Lifestyle%20%26%20Wellbeing&viewAll=department&page=,£16.00,£3.14/100g,,,/groceries/en-GB/products/308116726,https://digitalcontent.api.tesco.com/v2/media/ghs/a3d2552f-0001-4bf9-a57e-a52172ad9e8a/ee908626-a5aa-4c8b-acb8-78f8806cea7f_1286839595.jpeg?h=225&w=225
311688349,Hanx Ultra Thin Vegan Large Size Condoms 10 Pack,https://www.tesco.com/groceries/en-GB/shop/health-and-beauty/all?department=Lifestyle%20%26%20Wellbeing&viewAll=department&page=,£13.00,£1.30/each,,,/groceries/en-GB/products/311688349,https://digitalcontent.api.tesco.com/v2/media/ghs/037fef17-8d5a-4bea-b859-4d89e815d5b9/6bf9cfd7-5ab2-49d4-af32-53ea4c5e26cc_2045363260.jpeg?h=225&w=225
268406110,Nicorette Quickmist Mint Spray Single,https://www.tesco.com/groceries/en-GB/shop/health-and-beauty/all?department=Lifestyle%20%26%20Wellbeing&viewAll=department&page=,£19.00,£0.13/each,£15.00 Clubcard Price,,/groceries/en-GB/products/268406110,https://digitalcontent.api.tesco.com/v2/media/ghs/c81b8705-73f9-425c-a1f6-cc4078deb33b/8e54d90b-0e88-4465-b140-0eae11f84e08_91951596.jpeg?h=225&w=225
259467388,Nicorette Freshfruit Gum 2Mg 105S,https://www.tesco.com/groceries/en-GB/shop/health-and-beauty/all?department=Lifestyle%20%26%20Wellbeing&viewAll=department&page=,£15.50,£0.15/each,,,/groceries/en-GB/products/259467388,https://digitalcontent.api.tesco.com/v2/media/ghs/edd1cc30-e0c8-4290-9825-d8ea605effce/9d7a5442-bc92-4bdc-a768-4fe821ecf12a_1566425283.jpeg?h=225&w=225
253819514,Nicorette Freshfruit Gum 4Mg 105S,https://www.tesco.com/groceries/en-GB/shop/health-and-beauty/all?department=Lifestyle%20%26%20Wellbeing&viewAll=department&page=,£15.50,£0.15/each,,,/groceries/en-GB/products/253819514,https://digitalcontent.api.tesco.com/v2/media/ghs/45f2bb18-48fa-4bef-942b-e9271bd41ddb/8b50c2f3-5c14-41d1-ac3a-fb8d2a9c3212_1450326291.jpeg?h=225&w=225
289622562,Durex Condom Thin Feel 12'S,https://www.tesco.com/groceries/en-GB/shop/health-and-beauty/all?department=Lifestyle%20%26%20Wellbeing&viewAll=department&page=,£11.00,£0.92/each,,,/groceries/en-GB/products/289622562,https://digitalcontent.api.tesco.com/v2/media/ghs/cfdbbc68-0582-4729-bf76-347abccda672/7148511e-df17-4361-9915-cef9c28772a0_2063404010.jpeg?h=225&w=225
289622501,Durex Pleasure Me 12'S,https://www.tesco.com/groceries/en-GB/shop/health-and-beauty/all?department=Lifestyle%20%26%20Wellbeing&viewAll=department&page=,£11.00,£0.92/each,,,/groceries/en-GB/products/289622501,https://digitalcontent.api.tesco.com/v2/media/ghs/1d39331e-43fb-46dc-8c13-34161caee7d6/46386095-3ea7-48c8-984a-b2a251feac9e_1067380979.jpeg?h=225&w=225
310691605,Slimfast Vitality Strawberry Blueberry 8Pk480g,https://www.tesco.com/groceries/en-GB/shop/health-and-beauty/all?department=Lifestyle%20%26%20Wellbeing&viewAll=department&page=,£13.00,£2.71/100g,,,/groceries/en-GB/products/310691605,https://digitalcontent.api.tesco.com/v2/media/ghs/b2378d69-dd1e-4272-ac55-7ee2f2ce01a6/6b8e29dd-4291-4f09-829c-f26a423593bd_1550923355.jpeg?h=225&w=225
308836317,Clearblue Digital Ultra Early Pregnancy Test 2 Pack,https://www.tesco.com/groceries/en-GB/shop/health-and-beauty/all?department=Lifestyle%20%26%20Wellbeing&viewAll=department&page=,£18.00,£9.00/each,,,/groceries/en-GB/products/308836317,https://digitalcontent.api.tesco.com/v2/media/ghs/437dbfc7-3c7b-42be-aa11-68526633e63b/b733e871-1bc9-47c7-83a8-d72cedf4a6a1_2057328933.jpeg?h=225&w=225
268707791,Tesco Ribs & Dots 12 Condoms,https://www.tesco.com/groceries/en-GB/shop/health-and-beauty/all?department=Lifestyle%20%26%20Wellbeing&viewAll=department&page=,£6.50,£0.54/each,,,/groceries/en-GB/products/268707791,https://digitalcontent.api.tesco.com/v2/media/ghs/eef213a4-00d8-4a85-9864-b102043daea7/cba6a539-ae52-4687-bb47-2457a6c54aaf_2042867507.jpeg?h=225&w=225
268707094,Tesco Extra Sure 12 Condoms,https://www.tesco.com/groceries/en-GB/shop/health-and-beauty/all?department=Lifestyle%20%26%20Wellbeing&viewAll=department&page=,£6.50,£0.54/each,,,/groceries/en-GB/products/268707094,https://digitalcontent.api.tesco.com/v2/media/ghs/ca387f1b-0568-48e3-be60-750f1a4f33d7/594effe8-802c-49fe-a176-f62956b2d0f3_1464102129.jpeg?h=225&w=225
275115645,Bazuka Extra Strength Treatment Gel 6G,https://www.tesco.com/groceries/en-GB/shop/health-and-beauty/all?department=Lifestyle%20%26%20Wellbeing&viewAll=department&page=,£10.00,£166.67/100g,,,/groceries/en-GB/products/275115645,https://digitalcontent.api.tesco.com/v2/media/ghs/a773e51b-3477-4479-bc9c-403e7a3a844e/98051335-ea21-4654-9f05-3823e643a439_1134266587.jpeg?h=225&w=225
258901685,Durex Play 2 In 1 Massage 200Ml,https://www.tesco.com/groceries/en-GB/shop/health-and-beauty/all?department=Lifestyle%20%26%20Wellbeing&viewAll=department&page=,£8.00,£4.00/100ml,,,/groceries/en-GB/products/258901685,https://digitalcontent.api.tesco.com/v2/media/ghs/7b5af039-62df-42b3-8a1f-7492dbadb13e/96fcbd43-9ddd-4a23-a671-2869a1fa96e2_921902320.jpeg?h=225&w=225
259437599,Optrex Actimist Eye Spray 10Ml,https://www.tesco.com/groceries/en-GB/shop/health-and-beauty/all?department=Lifestyle%20%26%20Wellbeing&viewAll=department&page=,£13.00,£130.00/100ml,,,/groceries/en-GB/products/259437599,https://digitalcontent.api.tesco.com/v2/media/ghs/6f6784e7-0f9a-4232-8e13-26ddfe4aed4b/96728829-71f7-4334-9334-90d96c8a5085_804460160.jpeg?h=225&w=225
311214272,Snoreeze Snoring Relief Throat Spray 23.5Ml,https://www.tesco.com/groceries/en-GB/shop/health-and-beauty/all?department=Lifestyle%20%26%20Wellbeing&viewAll=department&page=,£9.00,£38.30/100ml,,New,/groceries/en-GB/products/311214272,https://digitalcontent.api.tesco.com/v2/media/ghs/30617fc3-e3d4-4911-8faf-fcd3ba5bc379/snapshotimagehandler_692790529.jpeg?h=225&w=225
305037352,Scholl Hard Skin Extra Coarse Single Roller Head Refill,https://www.tesco.com/groceries/en-GB/shop/health-and-beauty/all?department=Lifestyle%20%26%20Wellbeing&viewAll=department&page=,£9.00,£9.00/each,,,/groceries/en-GB/products/305037352,https://digitalcontent.api.tesco.com/v2/media/ghs/1a8ac3bc-ccb7-4451-95fe-062707c49482/b761b99d-5fe6-4921-a844-abdedee37843_247485782.jpeg?h=225&w=225
312235147,C-Sharp Unisex Reading Glasses & Case +2.0,https://www.tesco.com/groceries/en-GB/shop/health-and-beauty/all?department=Lifestyle%20%26%20Wellbeing&viewAll=department&page=,£7.00,£7.00/each,,,/groceries/en-GB/products/312235147,https://digitalcontent.api.tesco.com/v2/media/ghs/7a078dcd-f1cb-400a-bb22-79af36f685ab/a05eac04-59ac-47eb-a375-fce8014db86e_80398632.jpeg?h=225&w=225
309204769,Compeed Blister Plasters Extreme 6 Pack,https://www.tesco.com/groceries/en-GB/shop/health-and-beauty/all?department=Lifestyle%20%26%20Wellbeing&viewAll=department&page=,£7.50,£1.25/each,,,/groceries/en-GB/products/309204769,https://digitalcontent.api.tesco.com/v2/media/ghs/14a664cb-00c9-4c82-89cf-6a7edecffbea/0568a486-0c65-4a7e-932a-542546d66742_2123586072.jpeg?h=225&w=225
286956289,Tesco Reading Glasses Twin Pack 3.0,https://www.tesco.com/groceries/en-GB/shop/health-and-beauty/all?department=Lifestyle%20%26%20Wellbeing&viewAll=department&page=,£6.80,£6.80/each,,,/groceries/en-GB/products/286956289,https://digitalcontent.api.tesco.com/v2/media/ghs/161cf3cb-3994-4e92-83fb-00cbfbe4bd98/960c1122-fc2a-484f-96e3-6355a0bed5e1_1054204126.jpeg?h=225&w=225
268680624,Tesco Corn Removal Plasters 8S,https://www.tesco.com/groceries/en-GB/shop/health-and-beauty/all?department=Lifestyle%20%26%20Wellbeing&viewAll=department&page=,£5.60,£0.70/each,,,/groceries/en-GB/products/268680624,https://digitalcontent.api.tesco.com/v2/media/ghs/043d6f1a-c555-4fff-9b04-0b1968134624/ee30e056-b2c0-4091-9b96-ebb5ea31fe37_231708639.jpeg?h=225&w=225
310668801,Baylis & Harding Goodness Natural Pillow Mist Lavender & Bergamot 100Ml,https://www.tesco.com/groceries/en-GB/shop/health-and-beauty/all?department=Lifestyle%20%26%20Wellbeing&viewAll=department&page=,£7.00,£7.00/100ml,,,/groceries/en-GB/products/310668801,https://digitalcontent.api.tesco.com/v2/media/ghs/ed795081-d370-49ec-8ed9-b482bcca6ba0/235efa72-9bdb-462e-8510-41595ad3b168_1976775162.jpeg?h=225&w=225
286058802,Rescue Blackcurrant Pastilles 50G,https://www.tesco.com/groceries/en-GB/shop/health-and-beauty/all?department=Lifestyle%20%26%20Wellbeing&viewAll=department&page=,£7.00,£14.00/100g,,,/groceries/en-GB/products/286058802,https://digitalcontent.api.tesco.com/v2/media/ghs/4f704111-4765-4654-b6f5-b8ecf34e052a/d3f8c639-9792-4f07-976f-9f2529fbe7c1_1066401375.jpeg?h=225&w=225
310664235,Lovehoney Excite Rabbit Love Ring Blue,https://www.tesco.com/groceries/en-GB/shop/health-and-beauty/all?department=Lifestyle%20%26%20Wellbeing&viewAll=department&page=,£13.00,£13.00/each,£11.00 Clubcard Price,,/groceries/en-GB/products/310664235,https://digitalcontent.api.tesco.com/v2/media/ghs/69f5134b-a877-4cbd-aaca-a9c7cfd268fc/5bcf920f-a827-4264-b053-ef9d0aef912b_777938183.jpeg?h=225&w=225
302081308,Flexitol Moisturising Foot Cream 85G,https://www.tesco.com/groceries/en-GB/shop/health-and-beauty/all?department=Lifestyle%20%26%20Wellbeing&viewAll=department&page=,£6.10,£7.18/100g,,,/groceries/en-GB/products/302081308,https://digitalcontent.api.tesco.com/v2/media/ghs/324da934-8ffe-4521-8a50-20794b9bd8db/d02a5187-42a5-4726-a52d-9e1202e08a63_1563047172.jpeg?h=225&w=225
256570788,Scholl Complete Corn Removal Kit Foot Care,https://www.tesco.com/groceries/en-GB/shop/health-and-beauty/all?department=Lifestyle%20%26%20Wellbeing&viewAll=department&page=,£5.00,£5.00/each,,,/groceries/en-GB/products/256570788,https://digitalcontent.api.tesco.com/v2/media/ghs/9c1b7d01-3752-480f-856e-da236776c4e6/75c8e352-284b-4e8f-adf2-88c9bdee8682_1076015138.jpeg?h=225&w=225
310163344,Earhub Soft Foam Earplugs 10 Pairs,https://www.tesco.com/groceries/en-GB/shop/health-and-beauty/all?department=Lifestyle%20%26%20Wellbeing&viewAll=department&page=,£5.00,£0.50/Pair,,,/groceries/en-GB/products/310163344,https://digitalcontent.api.tesco.com/v2/media/ghs/c24484ef-b7de-4f64-90f3-b54267e2dda4/7448ca7d-46d3-4a75-b510-9c93c0ac3a00_1891695669.jpeg?h=225&w=225
259557261,Scholl Verruca Removal Plasters Foot Care,https://www.tesco.com/groceries/en-GB/shop/health-and-beauty/all?department=Lifestyle%20%26%20Wellbeing&viewAll=department&page=,£5.00,£5.00/each,,,/groceries/en-GB/products/259557261,https://digitalcontent.api.tesco.com/v2/media/ghs/48dbfd21-76be-4253-8e37-9660b2c9a124/5b664974-888e-47cb-98a2-a08be07d413a_1225008994.jpeg?h=225&w=225
311933117,Love Hemp Cbd Infused Dark Chocolate Balls 50G,https://www.tesco.com/groceries/en-GB/shop/health-and-beauty/all?department=Lifestyle%20%26%20Wellbeing&viewAll=department&page=,£5.00,£10.00/100g,,,/groceries/en-GB/products/311933117,https://digitalcontent.api.tesco.com/v2/media/ghs/ff9d4558-b0e5-46ef-965e-1f494c1c95b4/a4345d65-739b-40b9-bcf4-d441fdeaaaa5_790699846.jpeg?h=225&w=225
291723166,Optrex Hayfever Relief Eye Drops 10Ml,https://www.tesco.com/groceries/en-GB/shop/health-and-beauty/all?department=Lifestyle%20%26%20Wellbeing&viewAll=department&page=,£6.00,£60.00/100ml,,,/groceries/en-GB/products/291723166,https://digitalcontent.api.tesco.com/v2/media/ghs/2261b198-1575-4634-856f-b0c9e3f59723/ef58211e-d4fd-48a6-95c6-3cae60cd31f3_1579896422.jpeg?h=225&w=225
263847471,Optrex Brightening Drops 10Ml,https://www.tesco.com/groceries/en-GB/shop/health-and-beauty/all?department=Lifestyle%20%26%20Wellbeing&viewAll=department&page=,£4.70,£47.00/100ml,,,/groceries/en-GB/products/263847471,https://digitalcontent.api.tesco.com/v2/media/ghs/9d37dbeb-225d-4d81-a5a5-061d824c5b20/a718870f-1032-4f8f-8b42-76bc0917c23d_1116633395.jpeg?h=225&w=225
259596415,Profoot Soft Gel Corn Wraps 3S,https://www.tesco.com/groceries/en-GB/shop/health-and-beauty/all?department=Lifestyle%20%26%20Wellbeing&viewAll=department&page=,£3.00,£1.00/each,,,/groceries/en-GB/products/259596415,https://digitalcontent.api.tesco.com/v2/media/ghs/2b36bf62-1a6e-4b65-9468-77414d0da9dc/c32ed6d4-23ac-4498-8289-77f2202d0e77_409772600.jpeg?h=225&w=225
275048091,Profoot 360 Foot File,https://www.tesco.com/groceries/en-GB/shop/health-and-beauty/all?department=Lifestyle%20%26%20Wellbeing&viewAll=department&page=,£5.25,£5.25/each,,,/groceries/en-GB/products/275048091,https://digitalcontent.api.tesco.com/v2/media/ghs/78ed963a-b4d0-4a86-9911-616440368bd7/3a1d1295-0982-4808-aee4-28fbf7b9dfe5_1300005484.jpeg?h=225&w=225
299426373,Profoot Cracked Heel Cream 60Ml,https://www.tesco.com/groceries/en-GB/shop/health-and-beauty/all?department=Lifestyle%20%26%20Wellbeing&viewAll=department&page=,£4.00,£6.67/100ml,,,/groceries/en-GB/products/299426373,https://digitalcontent.api.tesco.com/v2/media/ghs/63dae1a7-bdbe-4c73-8843-8f352f25fdbc/5599452c-cea5-4d9b-b146-cb39acd88c9c_1960403824.jpeg?h=225&w=225
305436679,Schollmed Once Weekly Fungal Nail Treatment,https://www.tesco.com/groceries/en-GB/shop/health-and-beauty/all?department=Lifestyle%20%26%20Wellbeing&viewAll=department&page=,£31.50,£31.50/each,,,/groceries/en-GB/products/305436679,https://digitalcontent.api.tesco.com/v2/media/ghs/719504c6-55b2-4ee1-acb2-95952a27d20d/39c5ac30-b7c6-4e1a-b22e-49020a29a165_1341191066.jpeg?h=225&w=225
311955949,Sci-Mx Ultra Whey Chocolate 800G,https://www.tesco.com/groceries/en-GB/shop/health-and-beauty/all?department=Lifestyle%20%26%20Wellbeing&viewAll=department&page=,£25.50,£3.19/100g,,,/groceries/en-GB/products/311955949,https://digitalcontent.api.tesco.com/v2/media/ghs/dde0981e-56fe-479f-9718-d84e786e71a2/58207d7d-9770-47cb-8111-04993636bfde_2092128286.jpeg?h=225&w=225
304795169,Maximuscle Max Whey Powder Vanilla Flavoured 480G,https://www.tesco.com/groceries/en-GB/shop/health-and-beauty/all?department=Lifestyle%20%26%20Wellbeing&viewAll=department&page=,£24.00,£5.00/100g,,,/groceries/en-GB/products/304795169,https://digitalcontent.api.tesco.com/v2/media/ghs/46bbd75b-401b-472d-8a54-3a68b3d0788e/19626e8e-2363-4308-baef-932d3d3ac688_1551922773.jpeg?h=225&w=225
312360326,Durex Thin Feel Condoms Regular Fit 30'S,https://www.tesco.com/groceries/en-GB/shop/health-and-beauty/all?department=Lifestyle%20%26%20Wellbeing&viewAll=department&page=,£18.00,£0.60/each,,,/groceries/en-GB/products/312360326,https://digitalcontent.api.tesco.com/v2/media/ghs/5220192d-4f0d-4138-80fb-65582b83ee3f/bd828e54-7988-4a47-b293-da148c1d8f73_894658885.jpeg?h=225&w=225
312563501,Vitality Cbd 2400 Mg Oral Drop Spray Berry 30Ml,https://www.tesco.com/groceries/en-GB/shop/health-and-beauty/all?department=Lifestyle%20%26%20Wellbeing&viewAll=department&page=,£24.00,£80.00/100ml,,,/groceries/en-GB/products/312563501,https://digitalcontent.api.tesco.com/v2/media/ghs/39a842fe-63dc-4ceb-819b-9d05100e7eb0/1bcdf704-958f-4253-bc4e-6636d76e9674_345786709.jpeg?h=225&w=225
275048004,Mycosan Fungal Nail Treatment,https://www.tesco.com/groceries/en-GB/shop/health-and-beauty/all?department=Lifestyle%20%26%20Wellbeing&viewAll=department&page=,£20.00,£20.00/each,,,/groceries/en-GB/products/275048004,https://digitalcontent.api.tesco.com/v2/media/ghs/516e46fd-a3c3-4371-978b-f13d61b4d77b/fd87ab79-b1a7-4400-8319-fca41053b703_311628296.jpeg?h=225&w=225
303204054,Nailner 2 In 1 Brush Treatment Fungal Nails 5Ml,https://www.tesco.com/groceries/en-GB/shop/health-and-beauty/all?department=Lifestyle%20%26%20Wellbeing&viewAll=department&page=,£23.00,£460.00/100ml,,,/groceries/en-GB/products/303204054,https://digitalcontent.api.tesco.com/v2/media/ghs/55dedf20-2eca-40cf-8284-1ad5fbbd7a6f/70bb9d38-c2e3-44f9-abe5-186b7f2e58fa_21747484.jpeg?h=225&w=225
312089567,Usn Blue Lab 100% Whey Protein Chocolate Caramel 476G,https://www.tesco.com/groceries/en-GB/shop/health-and-beauty/all?department=Lifestyle%20%26%20Wellbeing&viewAll=department&page=,£20.00,£4.21/100g,,,/groceries/en-GB/products/312089567,https://digitalcontent.api.tesco.com/v2/media/ghs/fee3df55-31a7-43f3-8e57-6da66252d10d/1d7e7273-eae6-400f-bc91-82f24d3ee8c4_652689016.jpeg?h=225&w=225
289624418,Durex Condoms Real Feel 12'S,https://www.tesco.com/groceries/en-GB/shop/health-and-beauty/all?department=Lifestyle%20%26%20Wellbeing&viewAll=department&page=,£15.00,£1.25/each,£13.50 Clubcard Price,,/groceries/en-GB/products/289624418,https://digitalcontent.api.tesco.com/v2/media/ghs/7d41ccf8-19a7-426a-8f1b-22ca745706ff/6376d1f6-d877-4c4d-98d9-a5a2de1c7c50_1472305799.jpeg?h=225&w=225
289624113,Durex Condoms Mutual Climax 12 Condoms,https://www.tesco.com/groceries/en-GB/shop/health-and-beauty/all?department=Lifestyle%20%26%20Wellbeing&viewAll=department&page=,£15.00,£1.25/each,£13.50 Clubcard Price,,/groceries/en-GB/products/289624113,https://digitalcontent.api.tesco.com/v2/media/ghs/38fdfc0f-9112-46f6-8f66-acfee9f2f6e6/104b3c10-aa10-4a87-b324-771f27624183_1619997207.jpeg?h=225&w=225
311666905,Hanx Ultra Thin Vegan Condoms 10 Pack,https://www.tesco.com/groceries/en-GB/shop/health-and-beauty/all?department=Lifestyle%20%26%20Wellbeing&viewAll=department&page=,£13.00,£1.30/each,,,/groceries/en-GB/products/311666905,https://digitalcontent.api.tesco.com/v2/media/ghs/89e6a3c5-40c0-4d5a-a156-e8d6e95da837/96f32ce1-722f-4514-abdf-755a3c84f03a_1770212018.jpeg?h=225&w=225
310678075,Myprotein Clear Whey Protein Powder Peach Tea 244G,https://www.tesco.com/groceries/en-GB/shop/health-and-beauty/all?department=Lifestyle%20%26%20Wellbeing&viewAll=department&page=,£15.00,£6.15/100g,,,/groceries/en-GB/products/310678075,https://digitalcontent.api.tesco.com/v2/media/ghs/b65058e7-8978-4c41-a3f4-56ef1501ff8a/23391d8b-4ba0-4372-8327-8f4e3296e42a_539539806.jpeg?h=225&w=225
310117383,Usn Micronised Creatine Powder 200G,https://www.tesco.com/groceries/en-GB/shop/health-and-beauty/all?department=Lifestyle%20%26%20Wellbeing&viewAll=department&page=,£15.00,£7.50/100g,,,/groceries/en-GB/products/310117383,https://digitalcontent.api.tesco.com/v2/media/ghs/f48e7fd4-a1e7-4c24-8ced-c7928e46b876/56e6d5e6-8ed9-4671-a250-dd49b2420209_1577011176.jpeg?h=225&w=225
312845257,Optimum Nutrition Gold Standard Whey Protein Double Rich Chocolate 465G,https://www.tesco.com/groceries/en-GB/shop/health-and-beauty/all?department=Lifestyle%20%26%20Wellbeing&viewAll=department&page=,£20.65,£4.45/100g,,,/groceries/en-GB/products/312845257,https://digitalcontent.api.tesco.com/v2/media/ghs/c7dbd962-a929-4378-b3de-73ac2fce55b5/e18add01-7298-4e0b-8b23-6b879c75ba65_2106657246.jpeg?h=225&w=225
287614134,Scholl Gelactiv Insole Regular - Men,https://www.tesco.com/groceries/en-GB/shop/health-and-beauty/all?department=Lifestyle%20%26%20Wellbeing&viewAll=department&page=,£16.00,£16.00/each,,,/groceries/en-GB/products/287614134,https://digitalcontent.api.tesco.com/v2/media/ghs/c72f4e2a-0e0e-4887-8daf-94ecd6091171/05c26d98-b544-4fd2-847e-06bf51fa5df1_12931093.jpeg?h=225&w=225
259596277,Bazuka Sub Zero Warts And Verucca 50Ml,https://www.tesco.com/groceries/en-GB/shop/health-and-beauty/all?department=Lifestyle%20%26%20Wellbeing&viewAll=department&page=,£15.00,£30.00/100ml,,,/groceries/en-GB/products/259596277,https://digitalcontent.api.tesco.com/v2/media/ghs/ba843fc1-90e4-4f74-a2be-2e53f43ca520/eba4b56d-51e3-4c09-b9fe-dab21c4e9136_1950833779.jpeg?h=225&w=225
312223150,Cbd Alchemist Oral Spray 600Mg Mixed Citrus 30Ml,https://www.tesco.com/groceries/en-GB/shop/health-and-beauty/all?department=Lifestyle%20%26%20Wellbeing&viewAll=department&page=,£15.00,£50.00/100ml,,,/groceries/en-GB/products/312223150,https://digitalcontent.api.tesco.com/v2/media/ghs/9f615ef7-a16b-4529-8f77-7c7ca1eebb56/5064f6a6-9ac8-43b3-b50a-d6318c6b5819_720080939.jpeg?h=225&w=225
312223455,Love Hemp 25 Cbd Infused Gummies 250Mg Fruit Flavoured 112G,https://www.tesco.com/groceries/en-GB/shop/health-and-beauty/all?department=Lifestyle%20%26%20Wellbeing&viewAll=department&page=,£15.00,£13.40/100g,,,/groceries/en-GB/products/312223455,https://digitalcontent.api.tesco.com/v2/media/ghs/66ebc168-b931-4201-9d84-71f3e48ca580/81242d61-45f0-4283-90e6-20b10c713d28_484930615.jpeg?h=225&w=225
306947327,Slimfast Advanced Keto Fuel Shake Rich Chocolate 350G,https://www.tesco.com/groceries/en-GB/shop/health-and-beauty/all?department=Lifestyle%20%26%20Wellbeing&viewAll=department&page=,£15.00,£4.29/100g,,,/groceries/en-GB/products/306947327,https://digitalcontent.api.tesco.com/v2/media/ghs/04fca30c-c049-4671-bfe0-5c144e5588d7/38493a93-0e5c-4e3f-ba1e-72bf6f58a65b_317574210.jpeg?h=225&w=225
309742340,Xls Medical Weight Loss Plus 40 Tablets,https://www.tesco.com/groceries/en-GB/shop/health-and-beauty/all?department=Lifestyle%20%26%20Wellbeing&viewAll=department&page=,£15.00,£0.38/each,,,/groceries/en-GB/products/309742340,https://digitalcontent.api.tesco.com/v2/media/ghs/2a0e5f6d-3396-43ac-b0da-5c7e51ad454d/c77ec030-2d6e-4a1f-90ad-083a76e4fdad_1155190315.jpeg?h=225&w=225
259867942,Tesco Ovulation Tests 7S,https://www.tesco.com/groceries/en-GB/shop/health-and-beauty/all?department=Lifestyle%20%26%20Wellbeing&viewAll=department&page=,£11.20,£1.60/each,,,/groceries/en-GB/products/259867942,https://digitalcontent.api.tesco.com/v2/media/ghs/ca353121-8a1d-44c3-b21b-0a1d85fc6a3c/snapshotimagehandler_797206043.jpeg?h=225&w=225
310670475,Slimfast 8Pk Vi+Tality Mint Chocolate Shake 480G,https://www.tesco.com/groceries/en-GB/shop/health-and-beauty/all?department=Lifestyle%20%26%20Wellbeing&viewAll=department&page=,£13.00,£2.71/100g,,,/groceries/en-GB/products/310670475,https://digitalcontent.api.tesco.com/v2/media/ghs/19426349-c0b5-43d2-87e0-8afe5d8a1fe1/68c4380d-51cb-46e6-866e-47a5757103e5_2145462558.jpeg?h=225&w=225
302197039,Nicorette Fruit Lozenge 2Mg 80'S,https://www.tesco.com/groceries/en-GB/shop/health-and-beauty/all?department=Lifestyle%20%26%20Wellbeing&viewAll=department&page=,£13.50,£0.17/each,,,/groceries/en-GB/products/302197039,https://digitalcontent.api.tesco.com/v2/media/ghs/5d6e5eb4-0b07-4402-92b3-5b5f5a736ebd/d8e9bd15-ca39-4f45-ab07-43c3f489f847_503073112.jpeg?h=225&w=225
274948686,Nicorette Cools Lozenge 2Mg 80S,https://www.tesco.com/groceries/en-GB/shop/health-and-beauty/all?department=Lifestyle%20%26%20Wellbeing&viewAll=department&page=,£12.85,£3.22/each,,,/groceries/en-GB/products/274948686,https://digitalcontent.api.tesco.com/v2/media/ghs/e17d6a36-46c1-424e-80bf-c184bddcbc99/51ff0ff0-ac71-488b-a6e0-1389f63e853a_2138236278.jpeg?h=225&w=225
272103969,Mates Skyn Large 10 Each,https://www.tesco.com/groceries/en-GB/shop/health-and-beauty/all?department=Lifestyle%20%26%20Wellbeing&viewAll=department&page=,£10.00,£1.00/each,£8.00 Clubcard Price,,/groceries/en-GB/products/272103969,https://digitalcontent.api.tesco.com/v2/media/ghs/67d38849-53f8-4604-9039-82fcbcbd4ad8/fe365e7e-8d39-40cd-a890-3280bf49d096_1776821275.jpeg?h=225&w=225
276928626,Optrex 2 In 1 Spray Itchy & Watery Eyes 10Ml,https://www.tesco.com/groceries/en-GB/shop/health-and-beauty/all?department=Lifestyle%20%26%20Wellbeing&viewAll=department&page=,£13.00,£130.00/100ml,,,/groceries/en-GB/products/276928626,https://digitalcontent.api.tesco.com/v2/media/ghs/ceeae037-3f21-4879-ad69-b14a5316da88/05fac49a-f406-4103-ab2e-6c39f04a2bbb_223509758.jpeg?h=225&w=225
263025171,Nelsons Rescue Remedy Night 10Ml,https://www.tesco.com/groceries/en-GB/shop/health-and-beauty/all?department=Lifestyle%20%26%20Wellbeing&viewAll=department&page=,£8.90,£89.00/100ml,,,/groceries/en-GB/products/263025171,https://digitalcontent.api.tesco.com/v2/media/ghs/4119e7e2-409e-4e70-9b2d-db8024aa9641/6b7a1d5a-2bad-45c8-b2e3-00a24df4e3aa_1967411966.jpeg?h=225&w=225
303193192,Flexitol Heel Balm 112G,https://www.tesco.com/groceries/en-GB/shop/health-and-beauty/all?department=Lifestyle%20%26%20Wellbeing&viewAll=department&page=,£10.20,£9.11/100g,,,/groceries/en-GB/products/303193192,https://digitalcontent.api.tesco.com/v2/media/ghs/7e1f4b4a-84b6-4a5e-af21-1f3224600cc9/cf0ea849-8d1b-4755-89f9-b27bf1a462a1_750161847.jpeg?h=225&w=225
295677450,Durex Natural Pleasure Gel 100Ml,https://www.tesco.com/groceries/en-GB/shop/health-and-beauty/all?department=Lifestyle%20%26%20Wellbeing&viewAll=department&page=,£10.00,£10.00/100ml,£8.00 Clubcard Price,,/groceries/en-GB/products/295677450,https://digitalcontent.api.tesco.com/v2/media/ghs/79b05890-9c14-43c3-8314-c04fa84c9e70/82515706-c30e-4006-bbfd-7a11caaa6f70_1592526772.jpeg?h=225&w=225
305250179,O'keeffe's For Feet Exfoliating Foot Cream 85Ml,https://www.tesco.com/groceries/en-GB/shop/health-and-beauty/all?department=Lifestyle%20%26%20Wellbeing&viewAll=department&page=,£10.00,£11.77/100ml,,,/groceries/en-GB/products/305250179,https://digitalcontent.api.tesco.com/v2/media/ghs/c6fe0596-6248-4c89-9c2c-6150aa57bc28/snapshotimagehandler_1651723608.jpeg?h=225&w=225
305739414,Durex Tingling Pleasure Gel 100Ml,https://www.tesco.com/groceries/en-GB/shop/health-and-beauty/all?department=Lifestyle%20%26%20Wellbeing&viewAll=department&page=,£8.00,£8.00/100ml,,,/groceries/en-GB/products/305739414,https://digitalcontent.api.tesco.com/v2/media/ghs/1602632a-94dd-456c-8353-0e5745f2e571/23dd02bf-fa76-4547-bfcd-00cf7f4ac720_203811147.jpeg?h=225&w=225
286956306,Tesco Reading Glasses Twin Pack 3.5,https://www.tesco.com/groceries/en-GB/shop/health-and-beauty/all?department=Lifestyle%20%26%20Wellbeing&viewAll=department&page=,£6.80,£6.80/each,,,/groceries/en-GB/products/286956306,https://digitalcontent.api.tesco.com/v2/media/ghs/062a7574-1328-413c-ad24-ddf5bc9d4f2b/b96c5c0f-e898-4a75-a412-966193d480e5_1598376756.jpeg?h=225&w=225
312207930,C-Sharp Unisex Reading Glasses & Case +2.5,https://www.tesco.com/groceries/en-GB/shop/health-and-beauty/all?department=Lifestyle%20%26%20Wellbeing&viewAll=department&page=,£7.00,£7.00/each,,,/groceries/en-GB/products/312207930,https://digitalcontent.api.tesco.com/v2/media/ghs/54a5fb59-02f8-4adf-ad7e-58f9748f465c/7b2d2254-7007-400c-b3e4-fda7169589d8_1368756093.jpeg?h=225&w=225
311277686,Hanx Ultra Thin Vegan Large Size Condoms 3 Pack,https://www.tesco.com/groceries/en-GB/shop/health-and-beauty/all?department=Lifestyle%20%26%20Wellbeing&viewAll=department&page=,£6.00,£2.00/each,,,/groceries/en-GB/products/311277686,https://digitalcontent.api.tesco.com/v2/media/ghs/e7703af7-e282-4e4f-a2f7-0c221b73c50e/a636238b-0a4b-4ef0-bb65-55347dd1b96c_1775465829.jpeg?h=225&w=225
274761566,Sis. Go Isotonic Energygel Blackcurrant 6 X 60Ml Pack,https://www.tesco.com/groceries/en-GB/shop/health-and-beauty/all?department=Lifestyle%20%26%20Wellbeing&viewAll=department&page=,£6.60,£1.84/100ml,,,/groceries/en-GB/products/274761566,https://digitalcontent.api.tesco.com/v2/media/ghs/2b1cd2f4-8cf7-4a82-87f9-bee38ed82860/58d5abb1-89b3-4191-9068-64df4e127a46_658575871.jpeg?h=225&w=225
301893271,Optrex Double Action Dry Drops 10Ml,https://www.tesco.com/groceries/en-GB/shop/health-and-beauty/all?department=Lifestyle%20%26%20Wellbeing&viewAll=department&page=,£10.50,£105.00/100ml,,,/groceries/en-GB/products/301893271,https://digitalcontent.api.tesco.com/v2/media/ghs/e932258d-34ac-4898-9977-2dee5d7471b9/3feb49d7-8ffb-4d43-adf2-0d83904e4fd6_310588075.jpeg?h=225&w=225
305523393,Scholl Antifungal Shoe Spray 250Ml,https://www.tesco.com/groceries/en-GB/shop/health-and-beauty/all?department=Lifestyle%20%26%20Wellbeing&viewAll=department&page=,£6.00,£2.40/100ml,,,/groceries/en-GB/products/305523393,https://digitalcontent.api.tesco.com/v2/media/ghs/c7ad6dc5-1b7a-4942-b5c5-6462eba51a3d/de046248-4b68-4aab-8b93-b9a66afcb29a_1691061112.jpeg?h=225&w=225
308838563,Feather & Down Sweet Dreams Bath Essence 500Ml,https://www.tesco.com/groceries/en-GB/shop/health-and-beauty/all?department=Lifestyle%20%26%20Wellbeing&viewAll=department&page=,£7.00,£1.40/100ml,,,/groceries/en-GB/products/308838563,https://digitalcontent.api.tesco.com/v2/media/ghs/964cc01d-7712-49ee-adbf-ca7bdcf224f4/43a68cbd-1358-4c84-98a2-0515f54c4ff9_1836635415.jpeg?h=225&w=225
301893311,Optrex Double Action Itchy Drops 10Ml,https://www.tesco.com/groceries/en-GB/shop/health-and-beauty/all?department=Lifestyle%20%26%20Wellbeing&viewAll=department&page=,£10.50,£105.00/100ml,,,/groceries/en-GB/products/301893311,https://digitalcontent.api.tesco.com/v2/media/ghs/d70d8b6c-414b-4766-8205-9808d32a72d9/24d121fc-b288-4ccf-a1df-881dc16370d4_1684774092.jpeg?h=225&w=225
309192765,So Eco Biodegradable Foot Rasp Duo,https://www.tesco.com/groceries/en-GB/shop/health-and-beauty/all?department=Lifestyle%20%26%20Wellbeing&viewAll=department&page=,£5.00,£5.00/each,£4.00 Clubcard Price,,/groceries/en-GB/products/309192765,https://digitalcontent.api.tesco.com/v2/media/ghs/4450104a-eafa-4585-aa8d-a5fe02491f85/130d3b81-c3de-4fac-ae0c-3663e2dbb7d5_909144712.jpeg?h=225&w=225
305435998,So Divine Thriller 2 In 1 Vibrating Ring,https://www.tesco.com/groceries/en-GB/shop/health-and-beauty/all?department=Lifestyle%20%26%20Wellbeing&viewAll=department&page=,£10.00,£10.00/each,,,/groceries/en-GB/products/305435998,https://digitalcontent.api.tesco.com/v2/media/ghs/15207745-8e5c-4c4c-830a-019da7b07901/36e89daf-6325-4b57-a741-696b90b12924_1933024235.jpeg?h=225&w=225
306501509,Nicorette Icy White 2Mg Sugar Free 15 Pieces,https://www.tesco.com/groceries/en-GB/shop/health-and-beauty/all?department=Lifestyle%20%26%20Wellbeing&viewAll=department&page=,£4.00,£0.27/each,,,/groceries/en-GB/products/306501509,https://digitalcontent.api.tesco.com/v2/media/ghs/6db9ba43-5f68-4129-a6d8-0b78a173fe9f/f190c51a-deab-46fb-a412-5e1bc9d6ef3d_2115044551.jpeg?h=225&w=225
272537133,Durex Play Delight Vibrating Bullet,https://www.tesco.com/groceries/en-GB/shop/health-and-beauty/all?department=Lifestyle%20%26%20Wellbeing&viewAll=department&page=,£10.00,£10.00/each,,,/groceries/en-GB/products/272537133,https://digitalcontent.api.tesco.com/v2/media/ghs/a8f5da59-00c7-40a0-ae37-b29154e14981/c8c9c3d6-449a-42e8-bce9-a067e3c4ba0d_1422972856.jpeg?h=225&w=225
301420221,Tesco Digital Pregnancy Test 2 Pack,https://www.tesco.com/groceries/en-GB/shop/health-and-beauty/all?department=Lifestyle%20%26%20Wellbeing&viewAll=department&page=,£9.50,£4.75/each,,,/groceries/en-GB/products/301420221,https://digitalcontent.api.tesco.com/v2/media/ghs/08ae6564-dd8d-446e-8156-ff85b5b6c637/f6d6d2bd-279f-447b-ac53-cf8cb2324c72_1092895012.jpeg?h=225&w=225
270915985,Phd Nutrition Diet Whey Strawberry 1Kg,https://www.tesco.com/groceries/en-GB/shop/health-and-beauty/all?department=Lifestyle%20%26%20Wellbeing&viewAll=department&page=,£27.30,£2.73/100g,,,/groceries/en-GB/products/270915985,https://digitalcontent.api.tesco.com/v2/media/ghs/2bb7a3ad-86ed-4d5c-b51c-64b537eea1de/6e8d8b31-d18e-4e48-b8eb-cdc9e8d97b88_937378912.jpeg?h=225&w=225
291881110,Xls Medical Max Strength 40 Tablets,https://www.tesco.com/groceries/en-GB/shop/health-and-beauty/all?department=Lifestyle%20%26%20Wellbeing&viewAll=department&page=,£31.50,£0.79/each,,,/groceries/en-GB/products/291881110,https://digitalcontent.api.tesco.com/v2/media/ghs/97820030-714b-4936-bf49-1616b3342f24/f8b2f33b-410d-4b5f-a8f2-e25aad45acfa_141250613.jpeg?h=225&w=225
312094514,Sci-Mx Ultra Whey Strawberry 800G,https://www.tesco.com/groceries/en-GB/shop/health-and-beauty/all?department=Lifestyle%20%26%20Wellbeing&viewAll=department&page=,£25.50,£3.19/100g,,,/groceries/en-GB/products/312094514,https://digitalcontent.api.tesco.com/v2/media/ghs/d07be67d-2028-4a4e-bf7a-191cb7064d33/669e3f9e-80d6-438d-861c-9798ecc49ca6_5737049.jpeg?h=225&w=225
311433409,Sci-Mx Ultra Whey Protein No Added Sugar Vanilla 800G,https://www.tesco.com/groceries/en-GB/shop/health-and-beauty/all?department=Lifestyle%20%26%20Wellbeing&viewAll=department&page=,£25.50,£3.19/100g,,,/groceries/en-GB/products/311433409,https://digitalcontent.api.tesco.com/v2/media/ghs/d0da37f6-94dc-4ba0-8fe9-9ce6262f9416/36e706a0-16ee-4ad7-bde5-c29a661d4dc9_2081405115.jpeg?h=225&w=225
277662154,Clearblue Digital Ovulation Test 10 Pack,https://www.tesco.com/groceries/en-GB/shop/health-and-beauty/all?department=Lifestyle%20%26%20Wellbeing&viewAll=department&page=,£32.00,£3.20/each,£25.00 Clubcard Price,,/groceries/en-GB/products/277662154,https://digitalcontent.api.tesco.com/v2/media/ghs/332dd71b-8afe-4d41-a848-27c05f99e151/53447b56-52a1-4cff-945b-5d79a82dfb07_785606722.jpeg?h=225&w=225
304378617,Maximuscle Max Whey Protein Powder Strawberry 480G,https://www.tesco.com/groceries/en-GB/shop/health-and-beauty/all?department=Lifestyle%20%26%20Wellbeing&viewAll=department&page=,£24.00,£5.00/100g,,,/groceries/en-GB/products/304378617,https://digitalcontent.api.tesco.com/v2/media/ghs/1e8f77c2-26cc-4dee-acb1-b0949db51940/15904fd4-eb6b-4a25-9918-3fda7e19f9d7_340229675.jpeg?h=225&w=225
273713113,Xls Medical Fat Binder 60Each,https://www.tesco.com/groceries/en-GB/shop/health-and-beauty/all?department=Lifestyle%20%26%20Wellbeing&viewAll=department&page=,£25.00,£0.42/each,,,/groceries/en-GB/products/273713113,https://digitalcontent.api.tesco.com/v2/media/ghs/4f908ca2-fa11-4f7d-ac9c-03f478ba094d/30a90fc5-e3b1-4857-bb2f-306f668fb85f_1289214629.jpeg?h=225&w=225
305521579,Phd Diet Whey Lean Mrp Double Chocolate 770G,https://www.tesco.com/groceries/en-GB/shop/health-and-beauty/all?department=Lifestyle%20%26%20Wellbeing&viewAll=department&page=,£21.00,£2.73/100g,,,/groceries/en-GB/products/305521579,https://digitalcontent.api.tesco.com/v2/media/ghs/c4440140-4150-4f78-893d-ee0452b7940b/ff769039-4cfc-43f4-a4c6-42c272d9a110_1780031360.jpeg?h=225&w=225
305976639,Cannaray Cbd 750 Mg Juniper Lime Oral Drops 30Ml,https://www.tesco.com/groceries/en-GB/shop/health-and-beauty/all?department=Lifestyle%20%26%20Wellbeing&viewAll=department&page=,£22.50,£75.00/100ml,,,/groceries/en-GB/products/305976639,https://digitalcontent.api.tesco.com/v2/media/ghs/e3910ea6-e756-4f74-9de3-156a8fb25bbc/d0e4f257-61b7-46eb-865f-db694f406967_1108440218.jpeg?h=225&w=225
306662099,On Gold Standard Pre Workout Fruit Punch 330G,https://www.tesco.com/groceries/en-GB/shop/health-and-beauty/all?department=Lifestyle%20%26%20Wellbeing&viewAll=department&page=,£26.00,£7.88/100g,,,/groceries/en-GB/products/306662099,https://digitalcontent.api.tesco.com/v2/media/ghs/9c010ff6-b854-474b-8da2-cab6524564df/b7dda0d2-d4d7-4dec-9f9b-e861d3cd5e06_327792091.jpeg?h=225&w=225
306659229,Optimum Nutrition Gold Standard 100% Plant Vanilla 684G,https://www.tesco.com/groceries/en-GB/shop/health-and-beauty/all?department=Lifestyle%20%26%20Wellbeing&viewAll=department&page=,£18.99,£2.78/100g,,,/groceries/en-GB/products/306659229,https://digitalcontent.api.tesco.com/v2/media/ghs/0844f6a2-8762-4313-b3a1-a2067e8b3a69/1a80412c-c0e0-4272-b21e-d288c56e65d0_719644049.jpeg?h=225&w=225
310147220,Durex Thin Feel Xl Wide Fit 12 Pack,https://www.tesco.com/groceries/en-GB/shop/health-and-beauty/all?department=Lifestyle%20%26%20Wellbeing&viewAll=department&page=,£14.00,£1.17/each,,,/groceries/en-GB/products/310147220,https://digitalcontent.api.tesco.com/v2/media/ghs/7432f651-1e41-46a2-b834-b59c25bfad1e/acc7053b-72fc-4d7f-b02c-00c43a13be73_592881641.jpeg?h=225&w=225
299426217,Scholl Velvet Smooth Exfoliating Foot File Blue,https://www.tesco.com/groceries/en-GB/shop/health-and-beauty/all?department=Lifestyle%20%26%20Wellbeing&viewAll=department&page=,£40.00,£40.00/each,,,/groceries/en-GB/products/299426217,https://digitalcontent.api.tesco.com/v2/media/ghs/04bef45a-158c-4110-b107-2af4fc4341d2/4cfe78ff-20b7-4e43-a848-a7f97f19332b_946750444.jpeg?h=225&w=225
267392876,Scholl Fungal Nail Treatment Foot Care,https://www.tesco.com/groceries/en-GB/shop/health-and-beauty/all?department=Lifestyle%20%26%20Wellbeing&viewAll=department&page=,£18.50,£486.85/100ml,,,/groceries/en-GB/products/267392876,https://digitalcontent.api.tesco.com/v2/media/ghs/162610a0-2cee-4a32-ad86-a64a42121b73/cad02567-9cc6-474c-a133-5d63f658fab0_1626111525.jpeg?h=225&w=225
308106082,Smart Protein Plant Shake Chocolate Cookie 500G,https://www.tesco.com/groceries/en-GB/shop/health-and-beauty/all?department=Lifestyle%20%26%20Wellbeing&viewAll=department&page=,£18.00,£3.60/100g,,,/groceries/en-GB/products/308106082,https://digitalcontent.api.tesco.com/v2/media/ghs/eebc0509-8ce4-4763-a8a7-386075690fb6/7169be8c-c09f-47ca-9c1f-c02e83ca4e3b_1028598768.jpeg?h=225&w=225
302303899,Scholl Verruca & Wart Complete Treatment Pen 2Ml,https://www.tesco.com/groceries/en-GB/shop/health-and-beauty/all?department=Lifestyle%20%26%20Wellbeing&viewAll=department&page=,£15.00,£750.00/100ml,,,/groceries/en-GB/products/302303899,https://digitalcontent.api.tesco.com/v2/media/ghs/5693e455-89c0-455e-a5ab-efc5e8e085d3/398e3a75-1e56-45f0-b7d1-7a4ffa378078_1921694979.jpeg?h=225&w=225
287614111,Scholl Gelactiv Insole Regular - Women,https://www.tesco.com/groceries/en-GB/shop/health-and-beauty/all?department=Lifestyle%20%26%20Wellbeing&viewAll=department&page=,£16.00,£16.00/each,,,/groceries/en-GB/products/287614111,https://digitalcontent.api.tesco.com/v2/media/ghs/60e2c1f3-215b-4d9d-84fe-bcebba45a4d7/5f80aed6-c516-409d-a197-84e0001878ee_2118385440.jpeg?h=225&w=225
305525045,Wartie Advanced Wart & Verrucca Remover 50Ml,https://www.tesco.com/groceries/en-GB/shop/health-and-beauty/all?department=Lifestyle%20%26%20Wellbeing&viewAll=department&page=,£16.00,£32.00/100ml,,,/groceries/en-GB/products/305525045,https://digitalcontent.api.tesco.com/v2/media/ghs/cdb19ee1-9551-4210-9377-547b38bc8b08/4eb1ff3e-a51d-4d7a-953d-a56c0b2d8819_531992390.jpeg?h=225&w=225
309741358,Slimfast Advanced Keto Fuel Shake Creamy Vanilla 320G,https://www.tesco.com/groceries/en-GB/shop/health-and-beauty/all?department=Lifestyle%20%26%20Wellbeing&viewAll=department&page=,£15.00,£4.69/100g,,,/groceries/en-GB/products/309741358,https://digitalcontent.api.tesco.com/v2/media/ghs/acdd53dd-9f24-4774-88c1-810f871e2268/76376fb4-00a2-45dc-be3a-0e0cb3d22275_752130187.jpeg?h=225&w=225
289622602,Durex Condoms Extra Safe 12'S,https://www.tesco.com/groceries/en-GB/shop/health-and-beauty/all?department=Lifestyle%20%26%20Wellbeing&viewAll=department&page=,£11.00,£0.92/each,,,/groceries/en-GB/products/289622602,https://digitalcontent.api.tesco.com/v2/media/ghs/2b6204bc-d996-4c19-ba27-3faaaea3b3f7/2511f764-cb2e-44f7-8620-f8878da51fed_2135818122.jpeg?h=225&w=225
312350937,Cbd Alchemist Cbd Mixed Berry Oral Spray 600Mg 30Ml,https://www.tesco.com/groceries/en-GB/shop/health-and-beauty/all?department=Lifestyle%20%26%20Wellbeing&viewAll=department&page=,£15.00,£50.00/100ml,,,/groceries/en-GB/products/312350937,https://digitalcontent.api.tesco.com/v2/media/ghs/d572d176-1d77-4663-939d-ce09b37ca2b9/2e1abb9b-7f0d-45ce-a681-194c6839240c_2146364545.jpeg?h=225&w=225
258901408,Scholl Freeze Verruca & Wart Foot Care 80 Ml,https://www.tesco.com/groceries/en-GB/shop/health-and-beauty/all?department=Lifestyle%20%26%20Wellbeing&viewAll=department&page=,£15.00,£18.75/100ml,,,/groceries/en-GB/products/258901408,https://digitalcontent.api.tesco.com/v2/media/ghs/2ed72d1c-fd93-479e-b87d-9d0f500ff2dc/d16c36fa-e408-4b50-907c-75cf49edf8ac_1580790021.jpeg?h=225&w=225
306938119,Optrex Actimist Double Action Eye Spray 10Ml,https://www.tesco.com/groceries/en-GB/shop/health-and-beauty/all?department=Lifestyle%20%26%20Wellbeing&viewAll=department&page=,£16.00,£160.00/100ml,,,/groceries/en-GB/products/306938119,https://digitalcontent.api.tesco.com/v2/media/ghs/06bcf62e-f20d-4f42-9e72-f5b4557e4701/12e8ab12-31f6-47f2-8dd5-7b1d01fddf12_1330264237.jpeg?h=225&w=225
310189331,Durex Original Close Fit 12 Pack,https://www.tesco.com/groceries/en-GB/shop/health-and-beauty/all?department=Lifestyle%20%26%20Wellbeing&viewAll=department&page=,£11.00,£0.92/each,,,/groceries/en-GB/products/310189331,https://digitalcontent.api.tesco.com/v2/media/ghs/20c94dc0-fd01-4e33-af7e-bf0ab9fcc025/e41684eb-a531-4000-9b62-c5db38c902c0_1869730680.jpeg?h=225&w=225
312110243,Sci-Mx Total Protein Chocolate 450G,https://www.tesco.com/groceries/en-GB/shop/health-and-beauty/all?department=Lifestyle%20%26%20Wellbeing&viewAll=department&page=,£14.00,£3.12/100g,,,/groceries/en-GB/products/312110243,https://digitalcontent.api.tesco.com/v2/media/ghs/43ebde7c-60e6-410d-9fe1-0969d44959ad/85b39d01-d755-463d-8ea7-2e6b2397d6d9_1942938312.jpeg?h=225&w=225
310161657,Systane Complete 10Ml,https://www.tesco.com/groceries/en-GB/shop/health-and-beauty/all?department=Lifestyle%20%26%20Wellbeing&viewAll=department&page=,£15.50,£155.00/100ml,,,/groceries/en-GB/products/310161657,https://digitalcontent.api.tesco.com/v2/media/ghs/c034ed44-5bc2-42a4-a54d-d0781f587176/c4928558-9d6d-425a-80e9-076d12eb7711_1092804929.jpeg?h=225&w=225
310113410,Pulsin Pea Protein Chocolate Flavoured 250G,https://www.tesco.com/groceries/en-GB/shop/health-and-beauty/all?department=Lifestyle%20%26%20Wellbeing&viewAll=department&page=,£13.00,£5.20/100g,,,/groceries/en-GB/products/310113410,https://digitalcontent.api.tesco.com/v2/media/ghs/dec2e4d7-aed0-4c5d-9d53-4c8dbc0fb944/1813451b-713d-4494-ab46-27994ffca2e8_545948995.jpeg?h=225&w=225
310681122,Lovehoney Frisky Rabbit Vibrator Purple,https://www.tesco.com/groceries/en-GB/shop/health-and-beauty/all?department=Lifestyle%20%26%20Wellbeing&viewAll=department&page=,£25.00,£25.00/each,£20.00 Clubcard Price,,/groceries/en-GB/products/310681122,https://digitalcontent.api.tesco.com/v2/media/ghs/c644f79d-e46f-4796-8ee9-0556213034c5/945dfbe9-a8ce-4eae-9156-fb68ac40cc0d_71267139.jpeg?h=225&w=225
302307090,Scholl Corn Removal Pen 4Ml,https://www.tesco.com/groceries/en-GB/shop/health-and-beauty/all?department=Lifestyle%20%26%20Wellbeing&viewAll=department&page=,£12.00,£300.00/100ml,,,/groceries/en-GB/products/302307090,https://digitalcontent.api.tesco.com/v2/media/ghs/c7d1bcbb-15a7-469a-a59b-1719bd6e1058/1a2e93ee-1f87-43f5-970a-dc8cf8e2fad5_30997999.jpeg?h=225&w=225
310660147,Clearblue Digital Ultra Early Pregnancy Test,https://www.tesco.com/groceries/en-GB/shop/health-and-beauty/all?department=Lifestyle%20%26%20Wellbeing&viewAll=department&page=,£12.00,£12.00/each,,,/groceries/en-GB/products/310660147,https://digitalcontent.api.tesco.com/v2/media/ghs/11d234ad-c1bb-4ad3-bdbc-18e66ac9a44b/b35aac60-9d52-4d17-be20-37fc76543253_790266943.jpeg?h=225&w=225
286956151,Tesco Reading Glasses Twin Pack 2.0,https://www.tesco.com/groceries/en-GB/shop/health-and-beauty/all?department=Lifestyle%20%26%20Wellbeing&viewAll=department&page=,£6.80,£6.80/each,,,/groceries/en-GB/products/286956151,https://digitalcontent.api.tesco.com/v2/media/ghs/403c3bb0-462e-40ff-875a-e327be2ad555/45c18ce1-2255-4dd6-9ce9-eaee90c052cb_156490903.jpeg?h=225&w=225
286956102,Tesco Reading Glasses Twin Pack 1.5,https://www.tesco.com/groceries/en-GB/shop/health-and-beauty/all?department=Lifestyle%20%26%20Wellbeing&viewAll=department&page=,£6.80,£6.80/each,,,/groceries/en-GB/products/286956102,https://digitalcontent.api.tesco.com/v2/media/ghs/a0ef1f2d-b559-4769-bf75-7521342c149a/60edfd7e-8874-41d4-9fef-779dd5960cda_360316720.jpeg?h=225&w=225
286956243,Tesco Reading Glasses Twin Pack 2.5,https://www.tesco.com/groceries/en-GB/shop/health-and-beauty/all?department=Lifestyle%20%26%20Wellbeing&viewAll=department&page=,£6.80,£6.80/each,,,/groceries/en-GB/products/286956243,https://digitalcontent.api.tesco.com/v2/media/ghs/cedf3cc2-d893-4ace-a4b9-6fbf644dc9c0/f1bdce75-3129-48e3-ab1c-8ed18d5abf0b_1153562604.jpeg?h=225&w=225
312219737,Everything Genetic Covid-19 Self Testing Kit 5 Pack,https://www.tesco.com/groceries/en-GB/shop/health-and-beauty/all?department=Face%20Coverings%20%26%20Covid%20Tests&viewAll=department&page=,£9.50,£1.90/each,£8.50 Clubcard Price,,/groceries/en-GB/products/312219737,https://digitalcontent.api.tesco.com/v2/media/ghs/17dd3e80-77a0-4ce2-92a8-1a4fb57d3e69/169f98b5-c5ca-4210-b649-b850177469d9_1953380719.jpeg?h=225&w=225
307762100,Step Ahead Reusable Face Covering 5 Pack,https://www.tesco.com/groceries/en-GB/shop/health-and-beauty/all?department=Face%20Coverings%20%26%20Covid%20Tests&viewAll=department&page=,£5.80,£1.16/each,£5.00 Clubcard Price,,/groceries/en-GB/products/307762100,https://digitalcontent.api.tesco.com/v2/media/ghs/9f7d8bcd-5d26-4a30-81b9-211ce7e6df8c/113cfbfc-a9e5-48ae-ba57-93dfabdc90ad_1077982424.jpeg?h=225&w=225
302554487,Kleenex 40 Water Fresh Antibacterial Wet Wipes,https://www.tesco.com/groceries/en-GB/shop/health-and-beauty/all?department=Face%20Coverings%20%26%20Covid%20Tests&viewAll=department&page=,£2.00,£5.00/100sht,,,/groceries/en-GB/products/302554487,https://digitalcontent.api.tesco.com/v2/media/ghs/ff588599-0568-409f-a713-1148a2484515/32f89fda-26c8-4668-ba39-e9c8cfb62151_1112337576.jpeg?h=225&w=225
306955202,Cgm Disposable Face Coverings 10 Pack,https://www.tesco.com/groceries/en-GB/shop/health-and-beauty/all?department=Face%20Coverings%20%26%20Covid%20Tests&viewAll=department&page=,£3.00,£0.30/each,,,/groceries/en-GB/products/306955202,https://digitalcontent.api.tesco.com/v2/media/ghs/3d72f1dc-3e43-498b-9f0c-4b0171211499/b75937a4-7c19-46ac-96b5-5f9b8ef76c18_65434286.jpeg?h=225&w=225
307345243,Lifebuoy Hand Sanitiser Gel 250Ml,https://www.tesco.com/groceries/en-GB/shop/health-and-beauty/all?department=Face%20Coverings%20%26%20Covid%20Tests&viewAll=department&page=,£2.50,£1.00/100ml,,,/groceries/en-GB/products/307345243,https://digitalcontent.api.tesco.com/v2/media/ghs/9cd727bd-6698-4f50-9eb6-a2084322f70c/f771f39b-bcc1-4cb2-80da-dfb233adb66d_2070488211.jpeg?h=225&w=225
305734673,Sani Hands Anti-Bacterial 12 Hand Wipes,https://www.tesco.com/groceries/en-GB/shop/health-and-beauty/all?department=Face%20Coverings%20%26%20Covid%20Tests&viewAll=department&page=,£1.50,£12.50/100sht,Any 3 for 2 Clubcard Price - Cheapest Product Free - Selected Travel Accessories,,/groceries/en-GB/products/305734673,https://digitalcontent.api.tesco.com/v2/media/ghs/9bdff06e-dd4b-45f3-97b6-6b22a9a173c8/7a5da208-ba44-4864-8444-bd7b34ac108d_1171601820.jpeg?h=225&w=225
306496566,Carex Aloe Vera Hand Gel 300Ml,https://www.tesco.com/groceries/en-GB/shop/health-and-beauty/all?department=Face%20Coverings%20%26%20Covid%20Tests&viewAll=department&page=,£3.50,£1.17/100ml,,,/groceries/en-GB/products/306496566,https://digitalcontent.api.tesco.com/v2/media/ghs/992668a2-d014-49bd-bdfe-cdaa5faeadb0/78af79b2-3c4b-4a0f-9e0d-a0683fda38fe_66426304.jpeg?h=225&w=225
307337691,Carex Antibacterial Hand & Surface Spray 100Ml,https://www.tesco.com/groceries/en-GB/shop/health-and-beauty/all?department=Face%20Coverings%20%26%20Covid%20Tests&viewAll=department&page=,£3.35,£3.35/100ml,,,/groceries/en-GB/products/307337691,https://digitalcontent.api.tesco.com/v2/media/ghs/b8e7d875-6a83-4a4d-b0a4-23e237dd3cd7/f69cf25b-5618-40c2-8fdb-057f9c021cc7_669626962.jpeg?h=225&w=225
300953824,Tesco Health Antibacterial Hand Gel 200Ml,https://www.tesco.com/groceries/en-GB/shop/health-and-beauty/all?department=Face%20Coverings%20%26%20Covid%20Tests&viewAll=department&page=,£1.50,£0.75/100ml,,,/groceries/en-GB/products/300953824,https://digitalcontent.api.tesco.com/v2/media/ghs/409ddbee-84d2-4e96-af90-e06cb0c2b819/a972c647-755a-4806-8919-4c7fe94df60a_977512503.jpeg?h=225&w=225
312086236,Everything Genetic Covid-19 Rapid Self Test Kit,https://www.tesco.com/groceries/en-GB/shop/health-and-beauty/all?department=Face%20Coverings%20%26%20Covid%20Tests&viewAll=department&page=,£2.00,£2.00/each,,,/groceries/en-GB/products/312086236,https://digitalcontent.api.tesco.com/v2/media/ghs/dad9c46e-7ee1-4e14-b036-73b9879e6271/07826826-7374-4930-9828-b1852b01946c_244603175.jpeg?h=225&w=225
291569095,Cuticura Antibacterial Gel 50Ml,https://www.tesco.com/groceries/en-GB/shop/health-and-beauty/all?department=Face%20Coverings%20%26%20Covid%20Tests&viewAll=department&page=,£1.50,£3.00/100ml,Any 3 for 2 Clubcard Price - Cheapest Product Free - Selected Travel Accessories,,/groceries/en-GB/products/291569095,https://digitalcontent.api.tesco.com/v2/media/ghs/48a63a83-97fb-4808-bedb-2adbc4058f7d/a4974684-fcac-4b4d-8266-f8f955df7733_1731712258.jpeg?h=225&w=225
307145687,Grab It Antibacterial Unicorn Hand Sanitiser 35Ml,https://www.tesco.com/groceries/en-GB/shop/health-and-beauty/all?department=Face%20Coverings%20%26%20Covid%20Tests&viewAll=department&page=,£1.15,£3.29/100ml,Any 3 for 2 Clubcard Price - Cheapest Product Free - Selected Travel Accessories,,/groceries/en-GB/products/307145687,https://digitalcontent.api.tesco.com/v2/media/ghs/9198bb3f-79e7-411c-aaa8-3c76b8e285c1/snapshotimagehandler_1160638286.jpeg?h=225&w=225
264251281,Carex Moisture Plus Hand Gel 50Ml,https://www.tesco.com/groceries/en-GB/shop/health-and-beauty/all?department=Face%20Coverings%20%26%20Covid%20Tests&viewAll=department&page=,£1.30,£2.60/100ml,£1.00 Clubcard Price,,/groceries/en-GB/products/264251281,https://digitalcontent.api.tesco.com/v2/media/ghs/b7165e62-f1bd-4d1d-915c-2a9ee1c9852d/bf25e000-38f8-48ef-b43b-ba21df8a8897_1784497224.jpeg?h=225&w=225
306822095,Wet Ones Be Fresh 12 Antibacterial & Biodegradable Wipes,https://www.tesco.com/groceries/en-GB/shop/health-and-beauty/all?department=Face%20Coverings%20%26%20Covid%20Tests&viewAll=department&page=,£1.50,£12.50/100sht,Any 3 for 2 Clubcard Price - Cheapest Product Free - Selected Travel Accessories,,/groceries/en-GB/products/306822095,https://digitalcontent.api.tesco.com/v2/media/ghs/d894d333-5479-410d-a843-3f14e7a9a2c3/c3f98467-dd7f-4cff-9153-d6bbc9c036d1_970984864.jpeg?h=225&w=225
305963827,Kleenex Water Fresh Wipes Antibacterial 12 Sheets,https://www.tesco.com/groceries/en-GB/shop/health-and-beauty/all?department=Face%20Coverings%20%26%20Covid%20Tests&viewAll=department&page=,£1.00,£8.34/100sht,,,/groceries/en-GB/products/305963827,https://digitalcontent.api.tesco.com/v2/media/ghs/d4986cb6-fe93-4702-852c-034785435f89/013c8bf7-7cc4-496b-81c6-62b8a77a273c_1354742919.jpeg?h=225&w=225
302554464,Kleenex 12 Water Fresh Antibacterial Wet Wipes,https://www.tesco.com/groceries/en-GB/shop/health-and-beauty/all?department=Face%20Coverings%20%26%20Covid%20Tests&viewAll=department&page=,,,,,/groceries/en-GB/products/302554464,https://digitalcontent.api.tesco.com/v2/media/ghs/a685a3f7-123a-43a8-bf85-7f3ada1efb8a/c51642f8-b081-4585-b828-159fbe713c6c_1936712838.jpeg?h=225&w=225
261609077,Carex Hand Gel Aloe Vera 50Ml,https://www.tesco.com/groceries/en-GB/shop/health-and-beauty/all?department=Face%20Coverings%20%26%20Covid%20Tests&viewAll=department&page=,£1.30,£2.60/100ml,£1.00 Clubcard Price,,/groceries/en-GB/products/261609077,https://digitalcontent.api.tesco.com/v2/media/ghs/1df697e3-04b4-461e-99ac-ab7c2445f058/snapshotimagehandler_1977682805.jpeg?h=225&w=225
278288538,Grab & Go Antibacterial Hand Gel 50Ml,https://www.tesco.com/groceries/en-GB/shop/health-and-beauty/all?department=Face%20Coverings%20%26%20Covid%20Tests&viewAll=department&page=,£1.00,£2.00/100ml,Any 3 for 2 Clubcard Price - Cheapest Product Free - Selected Travel Accessories,,/groceries/en-GB/products/278288538,
