Product ID,Product Name,Cat Website,Price,Price/Kg,Promotion,Innovation,Link,Image,Stock Status
306953233,Good Boy Hug Tug Reindeer Dog Toy,https://www.tesco.com/groceries/en-GB/shop/pets/all?department=Christmas%20for%20Pets&viewAll=department&page=,£4.50,£4.50/each,,,/groceries/en-GB/products/306953233,https://digitalcontent.api.tesco.com/v2/media/ghs/d3921fe8-cdbf-4049-b1b3-450c8d43cfa9/8743fefa-b16c-4b7f-a475-52c4ea0bb324_658471060.jpeg?h=225&w=225,
309749459,Meowee Meaty Advent Calendar For Cats 96G,https://www.tesco.com/groceries/en-GB/shop/pets/all?department=Christmas%20for%20Pets&viewAll=department&page=,£5.00,£52.09/kg,,,/groceries/en-GB/products/309749459,https://digitalcontent.api.tesco.com/v2/media/ghs/7f8aad9b-cef5-44c0-a43f-5b2ab2f05f69/5ce6c271-854c-485b-b6a7-b6b111678211_728286990.jpeg?h=225&w=225,
312106456,Pet Face Cary's Cracker Dog Toy,https://www.tesco.com/groceries/en-GB/shop/pets/all?department=Christmas%20for%20Pets&viewAll=department&page=,£4.50,£4.50/each,,New,/groceries/en-GB/products/312106456,https://digitalcontent.api.tesco.com/v2/media/ghs/c7801207-7692-4d4e-affb-9739a127b2dc/4b44436b-e83e-4ea1-9516-9221f50aec8e_1376390183.jpeg?h=225&w=225,
312833954,Felix Special Purr-Esesnt 5 Treats 300G,https://www.tesco.com/groceries/en-GB/shop/pets/all?department=Christmas%20for%20Pets&viewAll=department&page=,£4.50,£15.00/kg,,New,/groceries/en-GB/products/312833954,https://digitalcontent.api.tesco.com/v2/media/ghs/48bb2008-22e1-4ba0-b709-554f5717a874/413a79c2-6cf3-4e39-aa5e-6fdfe6be8b99_266624272.jpeg?h=225&w=225,
304412641,Petface Reindeer Christmas Dog Toy,https://www.tesco.com/groceries/en-GB/shop/pets/all?department=Christmas%20for%20Pets&viewAll=department&page=,£4.50,£4.50/each,,,/groceries/en-GB/products/304412641,https://digitalcontent.api.tesco.com/v2/media/ghs/6cce791a-e8c3-421b-9aff-7f996cebb4b4/snapshotimagehandler_179055238.jpeg?h=225&w=225,
312827392,Bakers Christmas Gift Box Dog Treats 386G,https://www.tesco.com/groceries/en-GB/shop/pets/all?department=Christmas%20for%20Pets&viewAll=department&page=,£4.50,£11.66/kg,,New,/groceries/en-GB/products/312827392,https://digitalcontent.api.tesco.com/v2/media/ghs/7a37063d-7630-4b7b-bb31-1c9b4bf7e010/71c6d600-8ffc-475e-a298-811e36f4525f_742853528.jpeg?h=225&w=225,
306933637,Good Boy Wagtastic Moppy Robin Dog Toy,https://www.tesco.com/groceries/en-GB/shop/pets/all?department=Christmas%20for%20Pets&viewAll=department&page=,£3.50,£3.50/each,,,/groceries/en-GB/products/306933637,https://digitalcontent.api.tesco.com/v2/media/ghs/9785bed5-af6c-4c81-92a4-eac0883bd4f1/418b0116-7715-4164-b7c6-61121c85fb41_273821436.jpeg?h=225&w=225,
312094952,Denzel's Christmas Gift Box For Dogs 175G,https://www.tesco.com/groceries/en-GB/shop/pets/all?department=Christmas%20for%20Pets&viewAll=department&page=,£5.00,£28.58/kg,,New,/groceries/en-GB/products/312094952,https://digitalcontent.api.tesco.com/v2/media/ghs/afb8f9cd-375d-488a-bade-e6ba3707516e/b708e49f-9b55-438b-8950-2d664417a4e0_1128972780.jpeg?h=225&w=225,
309743362,Meowee Meaty Stocking For Cats,https://www.tesco.com/groceries/en-GB/shop/pets/all?department=Christmas%20for%20Pets&viewAll=department&page=,£4.50,£4.50/each,,,/groceries/en-GB/products/309743362,https://digitalcontent.api.tesco.com/v2/media/ghs/1948d120-f13b-4c5e-aa4b-39ed5fff34c2/8d4d40a4-e344-443a-9225-92d3b5db3aca_1077524018.jpeg?h=225&w=225,
309460143,Good Boy Wagtastic Real Meat Dog Stocking,https://www.tesco.com/groceries/en-GB/shop/pets/all?department=Christmas%20for%20Pets&viewAll=department&page=,£4.50,£4.50/each,,,/groceries/en-GB/products/309460143,https://digitalcontent.api.tesco.com/v2/media/ghs/1a6dfed2-fca4-4b38-88d2-0a11f53b77c2/d11665c1-d112-4fe2-8d83-a556f7978c08_1467006532.jpeg?h=225&w=225,
306955732,Good Boy Treats Festive Beef Wellington 70G,https://www.tesco.com/groceries/en-GB/shop/pets/all?department=Christmas%20for%20Pets&viewAll=department&page=,£3.00,£42.86/kg,,,/groceries/en-GB/products/306955732,https://digitalcontent.api.tesco.com/v2/media/ghs/1282b5b7-63f5-416e-ab57-c74f34390d8d/b6029e02-966b-4443-9c7f-f11ea3db1e7d_1678491279.jpeg?h=225&w=225,
312712510,Pedigree Dog Treats Christmas Gift Box 512G,https://www.tesco.com/groceries/en-GB/shop/pets/all?department=Christmas%20for%20Pets&viewAll=department&page=,£4.75,£9.28/kg,,New,/groceries/en-GB/products/312712510,https://digitalcontent.api.tesco.com/v2/media/ghs/9f50f53f-1705-4a2a-ba72-0e306546c776/818a27be-1049-443d-8226-e575e8c1e689_435074690.jpeg?h=225&w=225,
310093668,Dreamies Christmas Gift Box Cat Treats 315G,https://www.tesco.com/groceries/en-GB/shop/pets/all?department=Christmas%20for%20Pets&viewAll=department&page=,£4.75,£15.08/kg,,,/groceries/en-GB/products/310093668,https://digitalcontent.api.tesco.com/v2/media/ghs/a61825b5-f584-41f7-8b34-f0adc21c3392/1e0e678a-c20f-4c0c-971c-61050d8365a9_795969477.jpeg?h=225&w=225,
304398052,Tesco Macarons For Dogs 8 Pack,https://www.tesco.com/groceries/en-GB/shop/pets/all?department=Christmas%20for%20Pets&viewAll=department&page=,£3.00,£0.38/each,,,/groceries/en-GB/products/304398052,https://digitalcontent.api.tesco.com/v2/media/ghs/e6b5916a-f84a-47af-8daf-7ac62e489c2b/c8e4fe9b-e15a-45a8-837e-c6ede8988eae_1571438309.jpeg?h=225&w=225,
304374282,Petface Christmas Robin & Tree Cat Toy,https://www.tesco.com/groceries/en-GB/shop/pets/all?department=Christmas%20for%20Pets&viewAll=department&page=,£3.00,£3.00/each,,,/groceries/en-GB/products/304374282,https://digitalcontent.api.tesco.com/v2/media/ghs/5fe6ec5f-5afa-443d-bdcf-20b57d2a023c/snapshotimagehandler_1076047205.jpeg?h=225&w=225,
301884691,Tesco Christmas Pudding Biscuits For Dogs 2 Pack,https://www.tesco.com/groceries/en-GB/shop/pets/all?department=Christmas%20for%20Pets&viewAll=department&page=,£3.00,£1.50/each,,,/groceries/en-GB/products/301884691,https://digitalcontent.api.tesco.com/v2/media/ghs/203d67e9-2163-4cb3-8d0b-1c4f2296b70f/9daaabb8-e5a8-4d61-82d7-b198df1a0960_973717464.jpeg?h=225&w=225,
310166067,Pedigree Christmas Stocking Dog Treats 367G,https://www.tesco.com/groceries/en-GB/shop/pets/all?department=Christmas%20for%20Pets&viewAll=department&page=,£3.50,£9.54/kg,,,/groceries/en-GB/products/310166067,https://digitalcontent.api.tesco.com/v2/media/ghs/8a116e69-81b5-4251-82b5-719327127a39/0806e54d-999f-4475-b3f5-a920ce2bf28a_2054149225.jpeg?h=225&w=225,
309764187,Good Boy Wagtastic Light Up Snowball Toy,https://www.tesco.com/groceries/en-GB/shop/pets/all?department=Christmas%20for%20Pets&viewAll=department&page=,£2.00,£2.00/each,,,/groceries/en-GB/products/309764187,https://digitalcontent.api.tesco.com/v2/media/ghs/72acfa2a-2710-49a1-9f37-59fa899bde80/44eb2092-a4d4-4a84-8f35-35e4eb8db738_1195855741.jpeg?h=225&w=225,
306931645,Petface Mini Dog Treats Antler Chicken Flavoured 4Pk100g,https://www.tesco.com/groceries/en-GB/shop/pets/all?department=Christmas%20for%20Pets&viewAll=department&page=,£2.50,£25.00/kg,,,/groceries/en-GB/products/306931645,https://digitalcontent.api.tesco.com/v2/media/ghs/54e8b3f1-6c71-4a15-9580-0ab1cacffb79/snapshotimagehandler_1326213093.jpeg?h=225&w=225,
301884719,Tesco Mince Pies For Dogs 2 Pack,https://www.tesco.com/groceries/en-GB/shop/pets/all?department=Christmas%20for%20Pets&viewAll=department&page=,£3.00,£1.50/each,,,/groceries/en-GB/products/301884719,https://digitalcontent.api.tesco.com/v2/media/ghs/41cced62-6360-4e47-9527-2dd31d92af27/d0d0f912-ec58-4a4d-9674-fb523e097843_2038002831.jpeg?h=225&w=225,
312576682,Pedigree Ranchos Tree Dog Treats 52G,https://www.tesco.com/groceries/en-GB/shop/pets/all?department=Christmas%20for%20Pets&viewAll=department&page=,£1.50,£28.85/kg,,New,/groceries/en-GB/products/312576682,https://digitalcontent.api.tesco.com/v2/media/ghs/27d085f6-ecab-4148-8114-5bcc22027d38/5cdf16df-c5ea-4648-b68b-ea920890609f_956426732.jpeg?h=225&w=225,
260814123,Catsan Cat Litter 20 Litres,https://www.tesco.com/groceries/en-GB/shop/pets/all?department=Cat%20Food%20%26%20Accessories&viewAll=department&page=,£13.70,£0.68/litre,,,/groceries/en-GB/products/260814123,https://digitalcontent.api.tesco.com/v2/media/ghs/c35fdab3-70de-43dd-96c3-4f8489e2debd/343c7961-722e-4991-865e-b2b8a9fcd5af_1669630367.jpeg?h=225&w=225,
284776355,Whiskas Pouch Jelly Poultry 40X100g Pack,https://www.tesco.com/groceries/en-GB/shop/pets/all?department=Cat%20Food%20%26%20Accessories&viewAll=department&page=,£13.70,£3.43/kg,,,/groceries/en-GB/products/284776355,https://digitalcontent.api.tesco.com/v2/media/ghs/7175020a-de3c-4f84-8125-57584e74254b/ad4f4555-f0d7-4075-aba4-9178dc95a6fa_414825742.jpeg?h=225&w=225,
254960689,Catsan Cat Litter 10 Litres,https://www.tesco.com/groceries/en-GB/shop/pets/all?department=Cat%20Food%20%26%20Accessories&viewAll=department&page=,£7.00,£0.70/litre,,,/groceries/en-GB/products/254960689,https://digitalcontent.api.tesco.com/v2/media/ghs/4a99b693-a81a-41e8-ba19-c5d4bcec50c8/cec0e2e1-a12b-4f25-b655-f5aa9ab3270a_1825273817.jpeg?h=225&w=225,
308470893,Tesco Adult Cat Fish Selection In Jelly 6X400g,https://www.tesco.com/groceries/en-GB/shop/pets/all?department=Cat%20Food%20%26%20Accessories&viewAll=department&page=,£4.50,£1.88/kg,,,/groceries/en-GB/products/308470893,https://digitalcontent.api.tesco.com/v2/media/ghs/272f9a37-a570-45be-965d-5da1c6e40fd0/f99d9b5e-61c9-4ae2-b24c-821afae3524b_1554809915.jpeg?h=225&w=225,
256082665,Whiskas Cat Food 1+ Poultry Selection In Jelly 12X100g,https://www.tesco.com/groceries/en-GB/shop/pets/all?department=Cat%20Food%20%26%20Accessories&viewAll=department&page=,£4.50,£3.75/kg,,,/groceries/en-GB/products/256082665,https://digitalcontent.api.tesco.com/v2/media/ghs/25759392-7b2b-4de2-8fae-406b1d6f15e7/ab0f2d41-070f-410d-88c0-303ebfe871b5.jpeg?h=225&w=225,
308480316,Tesco Adult Cat Poultry Selection In Jelly 6X400g,https://www.tesco.com/groceries/en-GB/shop/pets/all?department=Cat%20Food%20%26%20Accessories&viewAll=department&page=,£4.50,£1.88/kg,,,/groceries/en-GB/products/308480316,https://digitalcontent.api.tesco.com/v2/media/ghs/ff7ebe98-ed33-4815-beb3-0fc8141aec9e/0e98135b-7e17-438a-a736-ca015cacd32c_716922033.jpeg?h=225&w=225,
266411671,Felix As Good As It Looks Senior Cat Food Fish 12 X 100G,https://www.tesco.com/groceries/en-GB/shop/pets/all?department=Cat%20Food%20%26%20Accessories&viewAll=department&page=,£4.50,£3.75/kg,,,/groceries/en-GB/products/266411671,https://digitalcontent.api.tesco.com/v2/media/ghs/dcc25b2b-bdd9-491a-812d-2724d21bec02/6b143871-f601-4b6f-836b-e6123b42ad00.jpeg?h=225&w=225,
266411665,Felix As Good As It Looks Senior Cat Food Meat 12 X 100G,https://www.tesco.com/groceries/en-GB/shop/pets/all?department=Cat%20Food%20%26%20Accessories&viewAll=department&page=,£4.50,£3.75/kg,,,/groceries/en-GB/products/266411665,https://digitalcontent.api.tesco.com/v2/media/ghs/0fdd6e01-2b33-488e-b6c0-d6ef290e3c24/70f4bdd8-df0a-47d9-8ca6-4052a0824fa2.jpeg?h=225&w=225,
296745132,Felix As Good As It Looks Mixed Variety Beef 12X100g,https://www.tesco.com/groceries/en-GB/shop/pets/all?department=Cat%20Food%20%26%20Accessories&viewAll=department&page=,£4.50,£3.75/kg,,,/groceries/en-GB/products/296745132,https://digitalcontent.api.tesco.com/v2/media/ghs/a185eb60-73bc-424d-8b22-673552542c61/2d1aec64-589b-40ab-98ac-39c24536d2da.jpeg?h=225&w=225,
286747442,Felix As Good As It Looks Cat Food Meat 12 X 100G,https://www.tesco.com/groceries/en-GB/shop/pets/all?department=Cat%20Food%20%26%20Accessories&viewAll=department&page=,£4.50,£3.75/kg,,,/groceries/en-GB/products/286747442,https://digitalcontent.api.tesco.com/v2/media/ghs/28eb802b-1507-4ae4-afc8-77e50d3cf9fa/7cbafb84-10b3-4509-a60b-014144b9e70f.jpeg?h=225&w=225,
296889416,Felix Cat Food Mixed Selection In Gravy 12X100g,https://www.tesco.com/groceries/en-GB/shop/pets/all?department=Cat%20Food%20%26%20Accessories&viewAll=department&page=,£3.85,£3.21/kg,,,/groceries/en-GB/products/296889416,https://digitalcontent.api.tesco.com/v2/media/ghs/f5cd6b14-e2ba-44f6-9383-cf0cfc8ecc7b/2a709b25-d660-420e-a9a4-2e2a18d63941.jpeg?h=225&w=225,
308492734,Tesco Adult Cat Food Mixed Selection In Jelly 12X100g,https://www.tesco.com/groceries/en-GB/shop/pets/all?department=Cat%20Food%20%26%20Accessories&viewAll=department&page=,£3.10,£2.59/kg,,,/groceries/en-GB/products/308492734,https://digitalcontent.api.tesco.com/v2/media/ghs/d3880b94-95a6-4d06-90c6-2f39064b524d/3c42071d-811f-404d-9fa3-4a7ebdcfc36e_635021746.jpeg?h=225&w=225,
308485708,Tesco Adult Cat 12X100g Fish Select In Jelly,https://www.tesco.com/groceries/en-GB/shop/pets/all?department=Cat%20Food%20%26%20Accessories&viewAll=department&page=,,,,,/groceries/en-GB/products/308485708,https://digitalcontent.api.tesco.com/v2/media/ghs/dd8d0730-18d0-407a-9bf2-abf0e666d22c/a5684690-1635-4012-9c57-bb0d96933acb_214730865.jpeg?h=225&w=225,This product's currently out of stock
295446009,Felix Goody Bag Maxi Pack Mix Original 200G,https://www.tesco.com/groceries/en-GB/shop/pets/all?department=Cat%20Food%20%26%20Accessories&viewAll=department&page=,£2.75,£13.75/kg,,,/groceries/en-GB/products/295446009,https://digitalcontent.api.tesco.com/v2/media/ghs/33529a9a-b588-455e-8579-997184f93fa9/ab5ffa9b-bcfd-48ef-8166-bbb9f1916892_1433122986.jpeg?h=225&w=225,
308822230,Sheba Fresh & Fine Chicken & Turkey In Gravy 6X50g,https://www.tesco.com/groceries/en-GB/shop/pets/all?department=Cat%20Food%20%26%20Accessories&viewAll=department&page=,£2.20,£7.34/kg,,,/groceries/en-GB/products/308822230,https://digitalcontent.api.tesco.com/v2/media/ghs/33594b97-5ec1-44a4-9bcc-59994ed53b0c/a08869d7-0144-4d4e-9d5c-e96271ba84bf.jpeg?h=225&w=225,
284044006,Gourmet Mon Petit Chicken 6X50g,https://www.tesco.com/groceries/en-GB/shop/pets/all?department=Cat%20Food%20%26%20Accessories&viewAll=department&page=,£1.75,£5.84/kg,,,/groceries/en-GB/products/284044006,https://digitalcontent.api.tesco.com/v2/media/ghs/e93ff066-2bbc-4f79-a63a-45fa300b82c9/d83e0a4c-7916-436d-bf6d-07c2c590479c_1797792054.jpeg?h=225&w=225,
309496711,Go-Cat Adult Dry Cat Food Chicken And Duck 750G,https://www.tesco.com/groceries/en-GB/shop/pets/all?department=Cat%20Food%20%26%20Accessories&viewAll=department&page=,£2.50,£3.34/kg,,,/groceries/en-GB/products/309496711,https://digitalcontent.api.tesco.com/v2/media/ghs/063402c9-2ed6-4143-a1a8-44598530d62f/f325decd-a411-48d5-bf74-d5e9332553d7_1995032045.jpeg?h=225&w=225,
262681114,Tesco Lightweight Cat Litter 10 Litres,https://www.tesco.com/groceries/en-GB/shop/pets/all?department=Cat%20Food%20%26%20Accessories&viewAll=department&page=,£1.95,£0.20/litre,Aldi Price Match,,/groceries/en-GB/products/262681114,https://digitalcontent.api.tesco.com/v2/media/ghs/76cc7498-c78a-4e8d-ba36-b39e8b5b04df/df88ee7a-0b48-4bf9-a56c-cc4f69914c09.jpeg?h=225&w=225,
284044093,Gourmet Mon Petit Fish Selection 6X50g,https://www.tesco.com/groceries/en-GB/shop/pets/all?department=Cat%20Food%20%26%20Accessories&viewAll=department&page=,£1.75,£5.84/kg,,,/groceries/en-GB/products/284044093,https://digitalcontent.api.tesco.com/v2/media/ghs/c31425fb-1459-44fc-996a-f836dbdc522d/6077aaf2-b217-4c45-a219-628bb76e1a1d_103050689.jpeg?h=225&w=225,
308094036,Tesco Adult Chicken & Vegetables Dry Cat Food 2Kg,https://www.tesco.com/groceries/en-GB/shop/pets/all?department=Cat%20Food%20%26%20Accessories&viewAll=department&page=,£2.50,£1.25/kg,,,/groceries/en-GB/products/308094036,https://digitalcontent.api.tesco.com/v2/media/ghs/24636748-3906-418e-a9af-f9b450f841dc/90bbd363-6b6e-4136-a1d9-419a35b9c98d_2145271878.jpeg?h=225&w=225,
286732583,Gourmet Mon Petit Ocean Variety 6X50g,https://www.tesco.com/groceries/en-GB/shop/pets/all?department=Cat%20Food%20%26%20Accessories&viewAll=department&page=,£1.75,£5.84/kg,,,/groceries/en-GB/products/286732583,https://digitalcontent.api.tesco.com/v2/media/ghs/c49f54e7-7a13-4acf-a34e-dac2459752f4/05b2a69e-c993-41ee-9304-1b62dd058127_416721254.jpeg?h=225&w=225,
305831811,Tesco Milk For Kittens 200Ml,https://www.tesco.com/groceries/en-GB/shop/pets/all?department=Cat%20Food%20%26%20Accessories&viewAll=department&page=,£0.75,£3.75/litre,,,/groceries/en-GB/products/305831811,https://digitalcontent.api.tesco.com/v2/media/ghs/6bd2e709-cbb0-4ffc-97f0-c3bb8780a8bb/bdf38deb-23b3-4609-ac1b-10f5e7a5ad48.jpeg?h=225&w=225,
303205577,Felix Cat Food Soup Fish Selection 288G 6 Pack,https://www.tesco.com/groceries/en-GB/shop/pets/all?department=Cat%20Food%20%26%20Accessories&viewAll=department&page=,£1.85,£6.43/kg,,,/groceries/en-GB/products/303205577,https://digitalcontent.api.tesco.com/v2/media/ghs/7f3851ed-ea5d-4de1-99f8-fb860ccabba9/458e4768-1ecc-484a-a0e7-942fc3ec4322.jpeg?h=225&w=225,
284044041,Gourmet Mon Petit Beef 6X50g,https://www.tesco.com/groceries/en-GB/shop/pets/all?department=Cat%20Food%20%26%20Accessories&viewAll=department&page=,£1.75,£5.84/kg,,,/groceries/en-GB/products/284044041,,
302054883,Butcher's Tripe Loaf Dog Food Tins 12X400g,https://www.tesco.com/groceries/en-GB/shop/pets/all?department=Dog%20Food%20%26%20Accessories&viewAll=department&page=,£9.50,£1.98/kg,,,/groceries/en-GB/products/302054883,https://digitalcontent.api.tesco.com/v2/media/ghs/d1349fcd-437e-49fc-8a63-89697eefa2bc/ee949a82-1471-4d73-88a0-ff0086d480b6_304588562.jpeg?h=225&w=225,
308462959,Tesco Adult Dog Select In Jelly 12 X 400G,https://www.tesco.com/groceries/en-GB/shop/pets/all?department=Dog%20Food%20%26%20Accessories&viewAll=department&page=,£7.00,£1.46/kg,,,/groceries/en-GB/products/308462959,https://digitalcontent.api.tesco.com/v2/media/ghs/e0d82411-c5ad-4954-85f1-f68cee44f678/8faff6af-b314-4014-bb07-2888fb2e9733_747306230.jpeg?h=225&w=225,
308464329,"Tesco Adult Dog Food Pate Selection Chicken, Beef & Lamb 12X150g",https://www.tesco.com/groceries/en-GB/shop/pets/all?department=Dog%20Food%20%26%20Accessories&viewAll=department&page=,£5.00,£2.78/kg,,,/groceries/en-GB/products/308464329,https://digitalcontent.api.tesco.com/v2/media/ghs/1c9fcfdc-63ee-4f6e-8c3e-30babb38cae0/b507c0aa-8aa2-41b2-9cb2-5fbf9540830f_375353109.jpeg?h=225&w=225,
291596799,Good Boy Wagtastic Jumbo Twist Chicken 70G,https://www.tesco.com/groceries/en-GB/shop/pets/all?department=Dog%20Food%20%26%20Accessories&viewAll=department&page=,£2.25,£32.15/kg,,,/groceries/en-GB/products/291596799,https://digitalcontent.api.tesco.com/v2/media/ghs/ddec5dec-6c5b-4fc3-a90e-bbeabf8022dc/345f7f4d-e146-4be0-8e8e-79ef053275bb_627641552.jpeg?h=225&w=225,
308481592,T.Adult Dog Food Mixed Select In Jelly 6X400g,https://www.tesco.com/groceries/en-GB/shop/pets/all?department=Dog%20Food%20%26%20Accessories&viewAll=department&page=,£4.40,£1.84/kg,,,/groceries/en-GB/products/308481592,https://digitalcontent.api.tesco.com/v2/media/ghs/69a67c04-4fed-467a-b947-ee2acd6628a1/0f800f92-986d-474b-b176-7d75673b08bf_1767021322.jpeg?h=225&w=225,
274776111,Tesco Chunks In Jelly Chicken Tinned Dog Food 400G,https://www.tesco.com/groceries/en-GB/shop/pets/all?department=Dog%20Food%20%26%20Accessories&viewAll=department&page=,£0.75,£1.88/kg,,,/groceries/en-GB/products/274776111,https://digitalcontent.api.tesco.com/v2/media/ghs/72e39058-2f22-4f4c-8677-cfc715a639d1/2de8cad2-3c6b-4fd2-869a-e3590b9a7e5e_1342144644.jpeg?h=225&w=225,
287318652,Good Boy Chewy Chick Twists 70G,https://www.tesco.com/groceries/en-GB/shop/pets/all?department=Dog%20Food%20%26%20Accessories&viewAll=department&page=,£2.25,£32.15/kg,,,/groceries/en-GB/products/287318652,https://digitalcontent.api.tesco.com/v2/media/ghs/29c2c1a0-44e8-4cc9-bc92-f4328effceea/cd79b6f5-ddbe-45d9-8e9d-e3f32d31366f_2099355002.jpeg?h=225&w=225,
254905848,Tesco Premium Complete Dog Food Chicken & Country Vegetable 3Kg,https://www.tesco.com/groceries/en-GB/shop/pets/all?department=Dog%20Food%20%26%20Accessories&viewAll=department&page=,,,,,/groceries/en-GB/products/254905848,https://digitalcontent.api.tesco.com/v2/media/ghs/2115b135-4c5d-4df3-9a34-8fd38b5c8ba0/9a9e3360-d584-44f3-9656-851899fe02f9_899918111.jpeg?h=225&w=225,This product's currently out of stock
307163803,Winalot Meaty Chunks In Jelly Dog Food 12X100g,https://www.tesco.com/groceries/en-GB/shop/pets/all?department=Dog%20Food%20%26%20Accessories&viewAll=department&page=,£3.65,£3.05/kg,,,/groceries/en-GB/products/307163803,https://digitalcontent.api.tesco.com/v2/media/ghs/ca7e17d1-0afb-4fa5-82d9-6909dd61c3f5/f6d4c877-1d47-42c2-a1f1-89a041c2f3b4_156616623.jpeg?h=225&w=225,
311942521,Winalot Small Dog Food Classic Meals In Gravy 12X100g,https://www.tesco.com/groceries/en-GB/shop/pets/all?department=Dog%20Food%20%26%20Accessories&viewAll=department&page=,£4.00,£3.34/kg,,New,/groceries/en-GB/products/311942521,https://digitalcontent.api.tesco.com/v2/media/ghs/d448a439-ce20-4885-9ff7-c84f2d1145e5/f40521ab-0681-412d-b1b5-3640c56189ca_569960812.jpeg?h=225&w=225,
279626921,Tesco Dog Poop Bags 75'S,https://www.tesco.com/groceries/en-GB/shop/pets/all?department=Dog%20Food%20%26%20Accessories&viewAll=department&page=,£1.65,£0.02/each,,,/groceries/en-GB/products/279626921,https://digitalcontent.api.tesco.com/v2/media/ghs/6e057b2a-2cef-47c6-a69b-cfcaf0b7e6fd/394b68bb-ba02-49a0-97c8-01aa8f28b908_442646085.jpeg?h=225&w=225,
295445206,Naturo Grain Free Chicken Tinned Dog Food 390G,https://www.tesco.com/groceries/en-GB/shop/pets/all?department=Dog%20Food%20%26%20Accessories&viewAll=department&page=,£1.20,£3.08/kg,Any 6 for £6.50 Clubcard Price - Selected Naturo Grain Free Dog Food 390g,,/groceries/en-GB/products/295445206,https://digitalcontent.api.tesco.com/v2/media/ghs/e2c19a5a-5d12-4a75-ba26-238f9ec4b104/694c96ca-400d-45c7-be8f-8b189a904075_1581086486.jpeg?h=225&w=225,
254906283,Winalot Shapes 800G,https://www.tesco.com/groceries/en-GB/shop/pets/all?department=Dog%20Food%20%26%20Accessories&viewAll=department&page=,£2.00,£2.50/kg,,,/groceries/en-GB/products/254906283,https://digitalcontent.api.tesco.com/v2/media/ghs/b1e99ed1-72d8-4899-babf-46c46dc4be7d/3432396f-d2ae-4a68-9b81-10508a12fcdf.jpeg?h=225&w=225,
295410167,Dentalife Daily Oral Care Small 115G,https://www.tesco.com/groceries/en-GB/shop/pets/all?department=Dog%20Food%20%26%20Accessories&viewAll=department&page=,£1.50,£13.05/kg,,,/groceries/en-GB/products/295410167,https://digitalcontent.api.tesco.com/v2/media/ghs/c884033e-e0d3-411d-a452-db9ee82d6657/a0005594-ac1a-45c4-9fdc-d6b96eef80e6_1570701583.jpeg?h=225&w=225,
298895660,Lily's Kitchen Cottage Pie 150G,https://www.tesco.com/groceries/en-GB/shop/pets/all?department=Dog%20Food%20%26%20Accessories&viewAll=department&page=,£1.30,£8.67/kg,,,/groceries/en-GB/products/298895660,https://digitalcontent.api.tesco.com/v2/media/ghs/cbb471f4-fbc9-448d-b45e-6f2dd6116e0f/f3ad24bf-63b2-45e9-b59c-c992b31ab637.jpeg?h=225&w=225,
261418821,Tesco Luxury Salami Dog Treats 5 X 11G,https://www.tesco.com/groceries/en-GB/shop/pets/all?department=Dog%20Food%20%26%20Accessories&viewAll=department&page=,£1.10,£20.00/kg,,,/groceries/en-GB/products/261418821,https://digitalcontent.api.tesco.com/v2/media/ghs/4e34d822-53b1-42b6-bcef-7e38027cf965/771363bc-ea67-483d-b39d-74ecaaa6c9ea_1372310024.jpeg?h=225&w=225,
254906225,Bonio The Original Biscuit Dog Food 650G,https://www.tesco.com/groceries/en-GB/shop/pets/all?department=Dog%20Food%20%26%20Accessories&viewAll=department&page=,£1.80,£2.77/kg,,,/groceries/en-GB/products/254906225,https://digitalcontent.api.tesco.com/v2/media/ghs/d338200d-aaf7-47da-a852-3ace210331e3/1424f094-a8ff-4190-a20d-52541dd9acf6_1940003931.jpeg?h=225&w=225,
262963985,Tesco Biscuit Bone Small Bite Selection 800G,https://www.tesco.com/groceries/en-GB/shop/pets/all?department=Dog%20Food%20%26%20Accessories&viewAll=department&page=,£1.90,£2.38/kg,,,/groceries/en-GB/products/262963985,https://digitalcontent.api.tesco.com/v2/media/ghs/9c837c0f-1871-4582-bc52-41d38bef22e3/68e3a3e0-a326-4312-89ba-1ae80bd2f08c.jpeg?h=225&w=225,
273668293,Tesco Meaty Treats With Chicken Beef & Liver 135G,https://www.tesco.com/groceries/en-GB/shop/pets/all?department=Dog%20Food%20%26%20Accessories&viewAll=department&page=,£1.15,£8.52/kg,,,/groceries/en-GB/products/273668293,https://digitalcontent.api.tesco.com/v2/media/ghs/1de91b50-3efc-42cf-b4de-93f1fadd9f1e/a4fe6133-ff8c-48bd-8653-e300b0a18de2.jpeg?h=225&w=225,
273668212,Tesco 7 Dental Sticks Smaller Dogs 110G,https://www.tesco.com/groceries/en-GB/shop/pets/all?department=Dog%20Food%20%26%20Accessories&viewAll=department&page=,£0.90,£8.19/kg,,,/groceries/en-GB/products/273668212,https://digitalcontent.api.tesco.com/v2/media/ghs/97c84bbf-fa3f-4576-8836-5abadb011153/bf97f9b2-d280-4345-8e57-24408011d3b1.jpeg?h=225&w=225,
260278411,Tesco 4 Sausages Treats With Beef & Game 70G,https://www.tesco.com/groceries/en-GB/shop/pets/all?department=Dog%20Food%20%26%20Accessories&viewAll=department&page=,£1.20,£17.15/kg,,,/groceries/en-GB/products/260278411,https://digitalcontent.api.tesco.com/v2/media/ghs/f1f0235b-d7f3-4075-8226-9db4320b4415/4d9565a7-f236-430e-93c3-67c41ae99a5c.jpeg?h=225&w=225,
265754636,Tesco 12 Puppy Sausages Treats Beef 30G,https://www.tesco.com/groceries/en-GB/shop/pets/all?department=Dog%20Food%20%26%20Accessories&viewAll=department&page=,£1.10,£36.67/kg,,,/groceries/en-GB/products/265754636,https://digitalcontent.api.tesco.com/v2/media/ghs/b48612ec-4c57-4396-bdfa-0260ef386d51/1ad06fea-8395-4e3f-af96-6293266b2f01.jpeg?h=225&w=225,
273674740,Tesco Tasty Treats 4 Small Log Bones With Chicken 180G,https://www.tesco.com/groceries/en-GB/shop/pets/all?department=Dog%20Food%20%26%20Accessories&viewAll=department&page=,£1.10,£6.12/kg,,,/groceries/en-GB/products/273674740,https://digitalcontent.api.tesco.com/v2/media/ghs/328573cf-3bd9-49c7-90cb-7173a8804699/af3499d1-1f84-44cb-af43-a298aca9cea0_1123212960.jpeg?h=225&w=225,
296983340,Tesco 8 Twirl Stick Dog Treats With Chicken 140G,https://www.tesco.com/groceries/en-GB/shop/pets/all?department=Dog%20Food%20%26%20Accessories&viewAll=department&page=,£1.15,£8.22/kg,,,/groceries/en-GB/products/296983340,,
311994574,Tesco Double Sided Blanket,https://www.tesco.com/groceries/en-GB/shop/pets/all?department=Small%20Animal%2C%20Fish%20%26%20Bird&viewAll=department&page=,£10.00,£10.00/each,,,/groceries/en-GB/products/311994574,https://digitalcontent.api.tesco.com/v2/media/ghs/54ded1bc-5596-4dc1-89a6-4f5cb20ffe6c/ff81b795-05a3-41ee-8cea-e74688d031b5_994292426.jpeg?h=225&w=225,
308108736,Tesco Wild Bird Everyday Seed Mix 12.5Kg,https://www.tesco.com/groceries/en-GB/shop/pets/all?department=Small%20Animal%2C%20Fish%20%26%20Bird&viewAll=department&page=,£8.75,£0.70/kg,,,/groceries/en-GB/products/308108736,https://digitalcontent.api.tesco.com/v2/media/ghs/a6a843b3-a99b-4be6-8463-6bcf9791073c/cb8d6dfe-70b0-4cee-87a7-81f8eb9a9f8f_180813124.jpeg?h=225&w=225,
301443136,Burgess Excel Rabbit Nuggets 1.5Kg,https://www.tesco.com/groceries/en-GB/shop/pets/all?department=Small%20Animal%2C%20Fish%20%26%20Bird&viewAll=department&page=,£4.90,£3.27/kg,,,/groceries/en-GB/products/301443136,https://digitalcontent.api.tesco.com/v2/media/ghs/245c015c-de58-437d-b845-ceffc1443e35/be264262-4238-4beb-b47d-46af37b7d9c9_1521006796.jpeg?h=225&w=225,
299513609,Peckish Complete Suet Bites 1Kg,https://www.tesco.com/groceries/en-GB/shop/pets/all?department=Small%20Animal%2C%20Fish%20%26%20Bird&viewAll=department&page=,£4.60,£4.60/kg,,,/groceries/en-GB/products/299513609,https://digitalcontent.api.tesco.com/v2/media/ghs/81073b17-e593-42f2-96fc-94cd4ce7ae35/610af01b-e9c8-4a04-96dd-2f01e65165bb_1491205318.jpeg?h=225&w=225,
302292393,Peckish Natural Balance Energy Ball Feeder 320G,https://www.tesco.com/groceries/en-GB/shop/pets/all?department=Small%20Animal%2C%20Fish%20%26%20Bird&viewAll=department&page=,£4.70,£14.69/kg,,,/groceries/en-GB/products/302292393,https://digitalcontent.api.tesco.com/v2/media/ghs/49b0fe27-9b61-4f07-9e39-be6b7b51b9de/8ac0fc11-84bb-4878-a5be-9c2484766a34_2083192257.jpeg?h=225&w=225,
307752498,Tesco Wild Bird Suet Pellets 2.5Kg,https://www.tesco.com/groceries/en-GB/shop/pets/all?department=Small%20Animal%2C%20Fish%20%26%20Bird&viewAll=department&page=,£5.00,£2.00/kg,,,/groceries/en-GB/products/307752498,https://digitalcontent.api.tesco.com/v2/media/ghs/d9f29cf7-72dc-47cb-9bcc-ac433539e9c4/cd0b2070-aef6-4d5a-a68a-70d14de342a6_953598013.jpeg?h=225&w=225,
299513569,Peckish Complete Easy Feeder 400G,https://www.tesco.com/groceries/en-GB/shop/pets/all?department=Small%20Animal%2C%20Fish%20%26%20Bird&viewAll=department&page=,£4.50,£11.25/kg,,,/groceries/en-GB/products/299513569,https://digitalcontent.api.tesco.com/v2/media/ghs/5169ba04-c1fa-4e33-aeba-01c8b37ff08a/8e326f87-4142-418f-b2a5-809a6fe1bbe4_1295251453.jpeg?h=225&w=225,
301443159,Burgess Excel Feeding Hay With Meadow Flowers 500G,https://www.tesco.com/groceries/en-GB/shop/pets/all?department=Small%20Animal%2C%20Fish%20%26%20Bird&viewAll=department&page=,£3.49,£6.98/kg,,,/groceries/en-GB/products/301443159,https://digitalcontent.api.tesco.com/v2/media/ghs/0078820e-2be5-4c65-a735-7eeb8a9b7ae6/341bae61-c4fd-4bba-9e58-3734d3bcc49a_1276767821.jpeg?h=225&w=225,
307338223,Tesco Wild Bird Everyday Seed Mix 4Kg,https://www.tesco.com/groceries/en-GB/shop/pets/all?department=Small%20Animal%2C%20Fish%20%26%20Bird&viewAll=department&page=,£4.50,£1.13/kg,,,/groceries/en-GB/products/307338223,https://digitalcontent.api.tesco.com/v2/media/ghs/6cc5af35-262b-42cf-878e-568c503071d8/5464f4c6-f1c6-4fa1-84fb-db7918493074_1485689656.jpeg?h=225&w=225,
302300886,Peckish No Grow Seed Mix 1.7Kg,https://www.tesco.com/groceries/en-GB/shop/pets/all?department=Small%20Animal%2C%20Fish%20%26%20Bird&viewAll=department&page=,£4.20,£2.48/kg,,,/groceries/en-GB/products/302300886,https://digitalcontent.api.tesco.com/v2/media/ghs/781fa31a-b575-41be-8bf8-79ffb3ef6df1/00562beb-9051-4d50-b974-77b7a3d49e7c_1184641753.jpeg?h=225&w=225,
299513581,Peckish Daily Goodness Nuggets 1Kg,https://www.tesco.com/groceries/en-GB/shop/pets/all?department=Small%20Animal%2C%20Fish%20%26%20Bird&viewAll=department&page=,£4.00,£4.00/kg,,,/groceries/en-GB/products/299513581,https://digitalcontent.api.tesco.com/v2/media/ghs/6f34ba19-4b24-45bc-9fcb-8753b584b83b/725c222c-0b0b-4f8e-a2e6-9a98bf19ccdf_545969562.jpeg?h=225&w=225,
296983402,Tesco Large Meadow Hay Bedding 1.5Kg,https://www.tesco.com/groceries/en-GB/shop/pets/all?department=Small%20Animal%2C%20Fish%20%26%20Bird&viewAll=department&page=,£3.00,£2.00/kg,,,/groceries/en-GB/products/296983402,https://digitalcontent.api.tesco.com/v2/media/ghs/65208103-46a7-4290-bb32-603af8865777/snapshotimagehandler_480892591.jpeg?h=225&w=225,
252444060,Aquarian Goldfish Flake Food 50G,https://www.tesco.com/groceries/en-GB/shop/pets/all?department=Small%20Animal%2C%20Fish%20%26%20Bird&viewAll=department&page=,£3.50,£70.00/kg,,,/groceries/en-GB/products/252444060,https://digitalcontent.api.tesco.com/v2/media/ghs/cbfd2a76-cd23-4145-a6de-fbc15baa1319/8823bc2f-b725-4e43-8b98-686e83cda925_672345782.jpeg?h=225&w=225,
307732787,Tesco Wild Bird High Energy Seed Mix 1.5Kg,https://www.tesco.com/groceries/en-GB/shop/pets/all?department=Small%20Animal%2C%20Fish%20%26%20Bird&viewAll=department&page=,£3.25,£2.17/kg,,,/groceries/en-GB/products/307732787,https://digitalcontent.api.tesco.com/v2/media/ghs/ad7eec24-9acb-4a1c-af0a-fae6dbf8ff75/b2e64564-3b56-41dc-95d9-4f078884d457_534793195.jpeg?h=225&w=225,
307754035,Tesco Wild Bird Sunflower Hearts 1Kg,https://www.tesco.com/groceries/en-GB/shop/pets/all?department=Small%20Animal%2C%20Fish%20%26%20Bird&viewAll=department&page=,£4.10,£4.10/kg,,,/groceries/en-GB/products/307754035,https://digitalcontent.api.tesco.com/v2/media/ghs/fdcda3d5-3859-4f77-b430-dc2efa3866ca/da871bcb-625e-4c79-a34b-191f7f263c1b_1522094706.jpeg?h=225&w=225,
252443988,Aquarian Tropical Fish Flakes 50G,https://www.tesco.com/groceries/en-GB/shop/pets/all?department=Small%20Animal%2C%20Fish%20%26%20Bird&viewAll=department&page=,£4.50,£90.00/kg,,,/groceries/en-GB/products/252443988,https://digitalcontent.api.tesco.com/v2/media/ghs/fc194307-3104-43a8-a812-b3e71d9cd0eb/d2d84833-f2cb-48b6-aeaa-e38e1877ba4c_1819545335.jpeg?h=225&w=225,
302183234,Burgess Hamster Gerbil & Mouse Food Mix 750G,https://www.tesco.com/groceries/en-GB/shop/pets/all?department=Small%20Animal%2C%20Fish%20%26%20Bird&viewAll=department&page=,£2.50,£3.34/kg,,,/groceries/en-GB/products/302183234,https://digitalcontent.api.tesco.com/v2/media/ghs/9421b242-9bc9-4aa6-ac36-05233b8d6864/82e21a47-b7ac-4229-8de1-0a46c19f65f1_2130228908.jpeg?h=225&w=225,
308109608,Tetra Pond Sticks 1L,https://www.tesco.com/groceries/en-GB/shop/pets/all?department=Small%20Animal%2C%20Fish%20%26%20Bird&viewAll=department&page=,£2.75,£2.75/litre,,,/groceries/en-GB/products/308109608,https://digitalcontent.api.tesco.com/v2/media/ghs/cb9ac7e3-a3a0-40ad-bce5-9f6bbbf676db/d5a291c8-5a37-4037-b108-eddc2ca50514_2102481672.jpeg?h=225&w=225,
311941015,Tetra Mineral Tropical Fish Flakes 52G,https://www.tesco.com/groceries/en-GB/shop/pets/all?department=Small%20Animal%2C%20Fish%20%26%20Bird&viewAll=department&page=,£3.00,£57.70/kg,,,/groceries/en-GB/products/311941015,https://digitalcontent.api.tesco.com/v2/media/ghs/eb4bff65-a299-4c16-ae5b-fb4d10672fa0/868910cd-3b4e-4d83-a850-06b1f235d5a0_1550260717.jpeg?h=225&w=225,
308089613,Tetra Goldfish Flakes 250Ml,https://www.tesco.com/groceries/en-GB/shop/pets/all?department=Small%20Animal%2C%20Fish%20%26%20Bird&viewAll=department&page=,£3.00,£12.00/litre,,,/groceries/en-GB/products/308089613,https://digitalcontent.api.tesco.com/v2/media/ghs/10f9b536-1dff-4214-a3ad-b76be1c66a88/e93c256d-008d-4718-b19a-248fa08400a9_41183506.jpeg?h=225&w=225,
307752135,Tesco Wild Bird Food Peanuts 1Kg,https://www.tesco.com/groceries/en-GB/shop/pets/all?department=Small%20Animal%2C%20Fish%20%26%20Bird&viewAll=department&page=,£3.35,"£3,350.00/kg",,,/groceries/en-GB/products/307752135,https://digitalcontent.api.tesco.com/v2/media/ghs/8addf2f3-c763-44db-bb29-51f4c1453260/b3c7af7e-1183-42ed-9291-c835b752b821_68757038.jpeg?h=225&w=225,
284998835,Tesco Wild Bird Food Meal Worm 100G,https://www.tesco.com/groceries/en-GB/shop/pets/all?department=Small%20Animal%2C%20Fish%20%26%20Bird&viewAll=department&page=,£2.00,£20.00/kg,,,/groceries/en-GB/products/284998835,https://digitalcontent.api.tesco.com/v2/media/ghs/637a96a5-0d07-4b5f-8aae-299f31d0e783/46d53673-da74-43cc-bd78-e91084dfb6ed_982044609.jpeg?h=225&w=225,
307758492,Tesco Wild Bird Sunflower Seeds 1Kg,https://www.tesco.com/groceries/en-GB/shop/pets/all?department=Small%20Animal%2C%20Fish%20%26%20Bird&viewAll=department&page=,£2.00,£2.00/kg,,,/groceries/en-GB/products/307758492,https://digitalcontent.api.tesco.com/v2/media/ghs/6b33cc55-823f-4600-882e-566240e09421/d3ee20e2-37db-4fe5-8969-1d8d91d35cb6_1837714899.jpeg?h=225&w=225,
308117149,Tesco Wild Bird Coconut Feeder,https://www.tesco.com/groceries/en-GB/shop/pets/all?department=Small%20Animal%2C%20Fish%20%26%20Bird&viewAll=department&page=,£1.00,£1.00/each,,,/groceries/en-GB/products/308117149,https://digitalcontent.api.tesco.com/v2/media/ghs/a9d1cabd-a8cd-434d-a31e-a6ddd683d6b6/ce8c8fb0-3cc8-45c1-b420-dd76ac3bf82f_1599380195.jpeg?h=225&w=225,
305833930,Tesco Milk For Milk For Cats 200Ml,https://www.tesco.com/groceries/en-GB/shop/pets/all?department=Cat%20Food%20%26%20Accessories&viewAll=department&page=,£0.75,£3.75/litre,,,/groceries/en-GB/products/305833930,https://digitalcontent.api.tesco.com/v2/media/ghs/df4fb93a-bcb3-4ffe-b149-c0b25bb5694b/e5abb9f3-d92c-4976-abaa-435f3cdb0664_716312867.jpeg?h=225&w=225,
255136472,Gourmet Gold Pate With Ocean Fish 85G,https://www.tesco.com/groceries/en-GB/shop/pets/all?department=Cat%20Food%20%26%20Accessories&viewAll=department&page=,£0.60,£7.06/kg,,,/groceries/en-GB/products/255136472,https://digitalcontent.api.tesco.com/v2/media/ghs/abb2dc25-32a2-4158-aebb-485afcbe49e8/0285ef1e-4b99-4fbc-b91f-8cf9f2fc1c9b_289605391.jpeg?h=225&w=225,
264387039,Dreamies Cat Treats With Chicken 60G,https://www.tesco.com/groceries/en-GB/shop/pets/all?department=Cat%20Food%20%26%20Accessories&viewAll=department&page=,£1.30,£21.67/kg,Any 2 for £2 Clubcard Price - Selected Pedigree Or Dreamies Cat And Dog Treats 60g - 180g,,/groceries/en-GB/products/264387039,https://digitalcontent.api.tesco.com/v2/media/ghs/b37b0547-d59f-410e-af53-63b1dccef953/e74cc197-c213-4741-92ba-97bc9b11ed19_1732551092.jpeg?h=225&w=225,
264387379,Dreamies Cat Treats With Cheese 60G,https://www.tesco.com/groceries/en-GB/shop/pets/all?department=Cat%20Food%20%26%20Accessories&viewAll=department&page=,£1.30,£21.67/kg,Any 2 for £2 Clubcard Price - Selected Pedigree Or Dreamies Cat And Dog Treats 60g - 180g,,/groceries/en-GB/products/264387379,https://digitalcontent.api.tesco.com/v2/media/ghs/406e3ca3-8d5a-4477-9086-fc0d2fc18424/b6d1b055-d218-4a6c-919a-ef9d225d0211_894333719.jpeg?h=225&w=225,
272385006,Dreamies Cat Treats With Turkey 60G,https://www.tesco.com/groceries/en-GB/shop/pets/all?department=Cat%20Food%20%26%20Accessories&viewAll=department&page=,£1.30,£21.67/kg,Any 2 for £2 Clubcard Price - Selected Pedigree Or Dreamies Cat And Dog Treats 60g - 180g,,/groceries/en-GB/products/272385006,https://digitalcontent.api.tesco.com/v2/media/ghs/6125a323-bd4a-4c98-ba69-35a3302b82c9/be1d2406-bb2b-48f0-98a2-2b45e0ce33f6_18970299.jpeg?h=225&w=225,
291683857,Gourmet Gold Savoury Cake With Chicken 85G,https://www.tesco.com/groceries/en-GB/shop/pets/all?department=Cat%20Food%20%26%20Accessories&viewAll=department&page=,£0.60,£7.06/kg,,,/groceries/en-GB/products/291683857,https://digitalcontent.api.tesco.com/v2/media/ghs/5fd08986-94b6-42d2-a279-d9a45cf5b829/ddbd4dd8-64b9-4588-ad9c-c3bbbccc5d97_741217550.jpeg?h=225&w=225,
272409717,Webbox Lick-E-Lix Chicken 5X15g,https://www.tesco.com/groceries/en-GB/shop/pets/all?department=Cat%20Food%20%26%20Accessories&viewAll=department&page=,£1.15,£15.34/kg,,,/groceries/en-GB/products/272409717,https://digitalcontent.api.tesco.com/v2/media/ghs/b858030c-7c96-42a5-82a4-b3e0bdcb952d/839c5529-5a48-49c9-a4a4-23387dcd4171.jpeg?h=225&w=225,
308856253,Pascoes Cat Food Fish Selection In Jelly 12X100g,https://www.tesco.com/groceries/en-GB/shop/pets/all?department=Cat%20Food%20%26%20Accessories&viewAll=department&page=,£2.35,£1.96/kg,,,/groceries/en-GB/products/308856253,https://digitalcontent.api.tesco.com/v2/media/ghs/7f10afe4-97fa-4482-b91f-b57adf5c0e5f/a1646cbf-248c-4c3d-b6e9-47cf169816b1_1690064200.jpeg?h=225&w=225,
264386524,Dreamies Cat Treats With Salmon 60G,https://www.tesco.com/groceries/en-GB/shop/pets/all?department=Cat%20Food%20%26%20Accessories&viewAll=department&page=,£1.30,£21.67/kg,Any 2 for £2 Clubcard Price - Selected Pedigree Or Dreamies Cat And Dog Treats 60g - 180g,,/groceries/en-GB/products/264386524,https://digitalcontent.api.tesco.com/v2/media/ghs/464de70a-ea2b-4ba0-a139-620650e63776/dbc9fb7a-3000-46a4-a074-115284c7f294_1330341280.jpeg?h=225&w=225,
273968871,Webbox Cats Delight 6 Sticks Salmon & Trout 30G,https://www.tesco.com/groceries/en-GB/shop/pets/all?department=Cat%20Food%20%26%20Accessories&viewAll=department&page=,£1.20,£40.00/kg,,,/groceries/en-GB/products/273968871,https://digitalcontent.api.tesco.com/v2/media/ghs/d8e40dd0-af1f-4174-9e4a-e75337bec30f/40128c8b-db22-4ff4-8cab-3b9d7e366496.jpeg?h=225&w=225,
273969023,Webbox Cat Sticks Chicken & Liver 6'S,https://www.tesco.com/groceries/en-GB/shop/pets/all?department=Cat%20Food%20%26%20Accessories&viewAll=department&page=,£1.20,£40.00/kg,,,/groceries/en-GB/products/273969023,https://digitalcontent.api.tesco.com/v2/media/ghs/0a9511c2-2336-49e8-8d18-c84f57869363/92a9ed86-b94a-4481-93fe-3a40a45c28f4.jpeg?h=225&w=225,
272409775,Webbox Lick-E-Lix Salmon 5X15g,https://www.tesco.com/groceries/en-GB/shop/pets/all?department=Cat%20Food%20%26%20Accessories&viewAll=department&page=,£1.15,£15.34/kg,,,/groceries/en-GB/products/272409775,https://digitalcontent.api.tesco.com/v2/media/ghs/951b7f67-69e8-41a6-812f-1d03fec316e2/2536742c-9e5f-4098-b387-362f2b46d2de.jpeg?h=225&w=225,
311801130,Dreamies Meaty Sticks With Chicken Cat Treats 6X5g,https://www.tesco.com/groceries/en-GB/shop/pets/all?department=Cat%20Food%20%26%20Accessories&viewAll=department&page=,£1.15,£38.34/kg,,New,/groceries/en-GB/products/311801130,https://digitalcontent.api.tesco.com/v2/media/ghs/a31467ef-b29c-41a7-af00-0177ec681cd6/7f950320-89ec-418d-a030-70eb6ffa5d1a_357105382.jpeg?h=225&w=225,
284776286,Whiskas Pouches Jelly Fisherman Choice 40X100g,https://www.tesco.com/groceries/en-GB/shop/pets/all?department=Cat%20Food%20%26%20Accessories&viewAll=department&page=,£13.70,£3.43/kg,,,/groceries/en-GB/products/284776286,https://digitalcontent.api.tesco.com/v2/media/ghs/23eff745-fbb9-4223-abd4-1019608f13aa/2e35db19-e678-47f2-95c5-6cf87aa50b85_360350320.jpeg?h=225&w=225,
257972929,Purina One Adult Dry Cat Food Chicken & Wholegrain 800G,https://www.tesco.com/groceries/en-GB/shop/pets/all?department=Cat%20Food%20%26%20Accessories&viewAll=department&page=,£5.00,£6.25/kg,,,/groceries/en-GB/products/257972929,https://digitalcontent.api.tesco.com/v2/media/ghs/54f0752e-da7c-4db5-897f-e1579400c14e/9fb5b34f-6331-4782-8873-005e05a345a9_170997264.jpeg?h=225&w=225,
263361843,Sheba Pouch Fine Flake Fish Selection 12X85g,https://www.tesco.com/groceries/en-GB/shop/pets/all?department=Cat%20Food%20%26%20Accessories&viewAll=department&page=,£5.00,£4.91/kg,,,/groceries/en-GB/products/263361843,https://digitalcontent.api.tesco.com/v2/media/ghs/bb7d0244-a4cf-405b-8c95-9182e7393391/28970d52-4fb2-4264-81dd-fdc10239407d.jpeg?h=225&w=225,
308491319,Tesco Adult Cat Mixed Selection In Gravy 6X400g,https://www.tesco.com/groceries/en-GB/shop/pets/all?department=Cat%20Food%20%26%20Accessories&viewAll=department&page=,£4.50,£1.88/kg,,,/groceries/en-GB/products/308491319,https://digitalcontent.api.tesco.com/v2/media/ghs/ec8e4efb-44ae-4a29-9e23-6a132e4218b3/96798a3e-745a-4179-91c2-bb286a66589c_1717282755.jpeg?h=225&w=225,
303227205,Gourmet Gold Melting Heart Mixed Cat Food 8X85g,https://www.tesco.com/groceries/en-GB/shop/pets/all?department=Cat%20Food%20%26%20Accessories&viewAll=department&page=,£4.40,£6.48/kg,,,/groceries/en-GB/products/303227205,https://digitalcontent.api.tesco.com/v2/media/ghs/64dfab21-46b6-44da-9d21-0c8b04e16385/f6b45a88-477d-4d14-99df-4c6100b299e2.jpeg?h=225&w=225,
263361716,Sheba Pouch Fine Flake Poultry 12X85g,https://www.tesco.com/groceries/en-GB/shop/pets/all?department=Cat%20Food%20%26%20Accessories&viewAll=department&page=,£5.00,£4.91/kg,,,/groceries/en-GB/products/263361716,https://digitalcontent.api.tesco.com/v2/media/ghs/38ae8602-c123-4caf-9fc0-296a288264bc/994ac815-ec2b-416c-a1f6-a799e2f7b3b5.jpeg?h=225&w=225,
303227165,Gourmet Gold Savoury Cake Mixed 8X85g,https://www.tesco.com/groceries/en-GB/shop/pets/all?department=Cat%20Food%20%26%20Accessories&viewAll=department&page=,£4.40,£6.48/kg,,,/groceries/en-GB/products/303227165,https://digitalcontent.api.tesco.com/v2/media/ghs/f1a92c50-acbe-4774-b8f5-f9337a3c7a10/00dbc020-abc3-4688-a4a7-cb9454d47934.jpeg?h=225&w=225,
289131552,Whiskas Kitten Poultry In Jelly 12X100g,https://www.tesco.com/groceries/en-GB/shop/pets/all?department=Cat%20Food%20%26%20Accessories&viewAll=department&page=,£4.50,£3.75/kg,,,/groceries/en-GB/products/289131552,https://digitalcontent.api.tesco.com/v2/media/ghs/b911c685-44a1-41c7-85bc-2350ff8a0397/8b9d786c-b7ec-428f-95af-e42a1280241f_838583505.jpeg?h=225&w=225,
292631912,Go Cat Chicken & Duck 2Kg,https://www.tesco.com/groceries/en-GB/shop/pets/all?department=Cat%20Food%20%26%20Accessories&viewAll=department&page=,£4.25,£2.13/kg,,,/groceries/en-GB/products/292631912,https://digitalcontent.api.tesco.com/v2/media/ghs/3f875407-abd8-4178-a097-420dfd62e5e2/1368fa39-a9f0-4e14-a0ee-5f095e1d1de7_300981810.jpeg?h=225&w=225,
302872421,Whiskas Cat Food 11+Poultry Selection Pouches 12X100g,https://www.tesco.com/groceries/en-GB/shop/pets/all?department=Cat%20Food%20%26%20Accessories&viewAll=department&page=,£4.50,£3.75/kg,,,/groceries/en-GB/products/302872421,https://digitalcontent.api.tesco.com/v2/media/ghs/abaa2439-8d4c-4410-a263-3b49eb6a6c5e/7dc3f2f0-03fb-4f43-a5b0-ebe72f30bd45.jpeg?h=225&w=225,
302872409,Whiskas Cat Food 11+ Pouches Fish Selection 12X100g,https://www.tesco.com/groceries/en-GB/shop/pets/all?department=Cat%20Food%20%26%20Accessories&viewAll=department&page=,£4.50,£3.75/kg,,,/groceries/en-GB/products/302872409,https://digitalcontent.api.tesco.com/v2/media/ghs/cda39448-1a5e-4f88-b0b0-861df958d96c/6a2a9e48-2380-43e0-9958-4d671892ff03.jpeg?h=225&w=225,
255261259,Tesco 7 Dental Sticks Medium Dog 180G,https://www.tesco.com/groceries/en-GB/shop/pets/all?department=Dog%20Food%20%26%20Accessories&viewAll=department&page=,£0.95,£5.28/kg,,,/groceries/en-GB/products/255261259,https://digitalcontent.api.tesco.com/v2/media/ghs/0fc0d164-85cf-4a88-b37a-e319483cba1b/e50475e4-30c2-4355-b60c-d5842e1ce3a0.jpeg?h=225&w=225,
263355119,Tesco 2 Filled Log Bone Dog Treats 200G,https://www.tesco.com/groceries/en-GB/shop/pets/all?department=Dog%20Food%20%26%20Accessories&viewAll=department&page=,£1.00,£5.00/kg,,,/groceries/en-GB/products/263355119,https://digitalcontent.api.tesco.com/v2/media/ghs/ed566078-d68f-45b9-993b-2c8c353ac34f/ea74c613-55b7-43da-8f25-cbee18617447_14799055.jpeg?h=225&w=225,
307346144,Pedigree Rodeo Duos Chicken & Bacon Dog Treats 123G,https://www.tesco.com/groceries/en-GB/shop/pets/all?department=Dog%20Food%20%26%20Accessories&viewAll=department&page=,£1.30,£10.57/kg,Any 2 for £2 Clubcard Price - Selected Pedigree Or Dreamies Cat And Dog Treats 60g - 180g,,/groceries/en-GB/products/307346144,https://digitalcontent.api.tesco.com/v2/media/ghs/b8e1cee5-4f0a-47a9-acb5-c164b3655d34/86ba69d2-0ee8-4d5a-a925-405eec323952_480145401.jpeg?h=225&w=225,
302663339,Good Boy Antibacterial Degradable Poo Bags X 100,https://www.tesco.com/groceries/en-GB/shop/pets/all?department=Dog%20Food%20%26%20Accessories&viewAll=department&page=,£1.00,£0.01/each,,,/groceries/en-GB/products/302663339,https://digitalcontent.api.tesco.com/v2/media/ghs/e05f4b22-5cfe-470a-9820-6084cf6d193e/26460fcd-f217-4469-9b7b-c65dfb40ad50_1286491831.jpeg?h=225&w=225,
273674763,Tesco 7 Dental Sticks For Large Dogs 270G,https://www.tesco.com/groceries/en-GB/shop/pets/all?department=Dog%20Food%20%26%20Accessories&viewAll=department&page=,£1.10,£4.08/kg,,,/groceries/en-GB/products/273674763,https://digitalcontent.api.tesco.com/v2/media/ghs/c76c547c-cd32-4095-b788-7c927bf9b929/67a53241-cbd2-47ad-9c96-9ada771915d1.jpeg?h=225&w=225,
312350085,Keep It Handy Dog Poop Bag Refills 60 Pack,https://www.tesco.com/groceries/en-GB/shop/pets/all?department=Dog%20Food%20%26%20Accessories&viewAll=department&page=,£1.00,£0.02/each,,New,/groceries/en-GB/products/312350085,https://digitalcontent.api.tesco.com/v2/media/ghs-mktg/b0b04216-fa73-466d-a9d7-c9fcfa1ce9b3/no-image.jpeg,
312363916,Keep It Handy Dog Poop Bags And Holder,https://www.tesco.com/groceries/en-GB/shop/pets/all?department=Dog%20Food%20%26%20Accessories&viewAll=department&page=,£1.00,£1.00/each,,New,/groceries/en-GB/products/312363916,https://digitalcontent.api.tesco.com/v2/media/ghs/d3b803b5-205e-4a80-902d-949a2871509f/f8eed8ae-d561-432f-92ac-dff4debd6e56_1375509250.jpeg?h=225&w=225,
295236120,Wagg Training Treats Chicken Beef & Lamb 125G,https://www.tesco.com/groceries/en-GB/shop/pets/all?department=Dog%20Food%20%26%20Accessories&viewAll=department&page=,£1.20,£9.60/kg,,,/groceries/en-GB/products/295236120,https://digitalcontent.api.tesco.com/v2/media/ghs/311c8550-68cd-4053-a9b2-5ef53a43cc25/2bf111c1-69fa-40ad-90bd-63ed8d791b1b_984036777.jpeg?h=225&w=225,
265390488,Wagg Low Fat Dog Treats 125G,https://www.tesco.com/groceries/en-GB/shop/pets/all?department=Dog%20Food%20%26%20Accessories&viewAll=department&page=,£1.20,£9.60/kg,,,/groceries/en-GB/products/265390488,https://digitalcontent.api.tesco.com/v2/media/ghs/43f64e55-0ed4-4b0b-9879-750edbfe4ec7/bbf7b580-4120-4faa-ae1f-2c5dcf06f412_910798330.jpeg?h=225&w=225,
284355934,Bakers Allsorts Pack 98G,https://www.tesco.com/groceries/en-GB/shop/pets/all?department=Dog%20Food%20%26%20Accessories&viewAll=department&page=,£1.00,£10.21/kg,,,/groceries/en-GB/products/284355934,https://digitalcontent.api.tesco.com/v2/media/ghs/358c7555-eff3-4075-9ae2-53d7ff2c3901/5e4f566f-1048-46fa-b269-f8486a00e3cc_2011720422.jpeg?h=225&w=225,
286782730,Adventuros Strips 90G,https://www.tesco.com/groceries/en-GB/shop/pets/all?department=Dog%20Food%20%26%20Accessories&viewAll=department&page=,£1.10,£12.23/kg,,New,/groceries/en-GB/products/286782730,https://digitalcontent.api.tesco.com/v2/media/ghs/1581e3fd-e0aa-48a3-bb1f-c285c7111583/80384c0c-bdd9-4a17-bc45-645ff8f942bf_177050594.jpeg?h=225&w=225,
278755677,Tesco Meaty Strips Rich In Beef 200G,https://www.tesco.com/groceries/en-GB/shop/pets/all?department=Dog%20Food%20%26%20Accessories&viewAll=department&page=,,,,,/groceries/en-GB/products/278755677,https://digitalcontent.api.tesco.com/v2/media/ghs/0810ac9a-503f-47ab-ac1e-e9839835217f/c7ec1f2e-92bb-4eeb-a631-577221df77ce.jpeg?h=225&w=225,This product's currently out of stock
255193126,Tesco Meaty Strips For Dogs Chicken 200G,https://www.tesco.com/groceries/en-GB/shop/pets/all?department=Dog%20Food%20%26%20Accessories&viewAll=department&page=,£0.85,£4.25/kg,,,/groceries/en-GB/products/255193126,https://digitalcontent.api.tesco.com/v2/media/ghs/ee2c2b6e-66ec-457a-805d-376ee15103d4/9761415d-5619-4758-8a78-ba114b49ed69_827112851.jpeg?h=225&w=225,
286784526,Adventuros Sticks 120G,https://www.tesco.com/groceries/en-GB/shop/pets/all?department=Dog%20Food%20%26%20Accessories&viewAll=department&page=,£1.10,£9.17/kg,,New,/groceries/en-GB/products/286784526,https://digitalcontent.api.tesco.com/v2/media/ghs/018a8a0f-114c-4718-8d8c-ec82edc914f2/0e90ae81-604b-4893-912b-45a26686238e_1173543035.jpeg?h=225&w=225,
303837445,Bakers Whirlers Dog Treats Bacon And Cheese 130G,https://www.tesco.com/groceries/en-GB/shop/pets/all?department=Dog%20Food%20%26%20Accessories&viewAll=department&page=,£1.00,£7.70/kg,,,/groceries/en-GB/products/303837445,https://digitalcontent.api.tesco.com/v2/media/ghs/cdb05577-7f3a-48f7-811d-f629872348e3/a076e3bc-e4e6-40e8-94a6-1a834ca29a52_1945397878.jpeg?h=225&w=225,
303837409,Bakers Sizzlers Dog Treats Bacon 90G,https://www.tesco.com/groceries/en-GB/shop/pets/all?department=Dog%20Food%20%26%20Accessories&viewAll=department&page=,£1.00,£11.12/kg,,,/groceries/en-GB/products/303837409,https://digitalcontent.api.tesco.com/v2/media/ghs/cc648e75-54f2-488d-8f2f-62576287ed61/f80a0b20-3003-483f-8eed-23ce5a38fbbe_367040218.jpeg?h=225&w=225,
308107081,Tesco Tasty Treats Gravy Bites With Beef 500G,https://www.tesco.com/groceries/en-GB/shop/pets/all?department=Dog%20Food%20%26%20Accessories&viewAll=department&page=,£1.25,£2.50/kg,,,/groceries/en-GB/products/308107081,https://digitalcontent.api.tesco.com/v2/media/ghs/86327fb9-1b64-4a6a-a610-261e26db5946/b14b36ec-f056-40ea-9c9e-83746afd950b_1168246138.jpeg?h=225&w=225,
286782592,Adventuros Nuggets 90G,https://www.tesco.com/groceries/en-GB/shop/pets/all?department=Dog%20Food%20%26%20Accessories&viewAll=department&page=,£1.10,£12.23/kg,,New,/groceries/en-GB/products/286782592,https://digitalcontent.api.tesco.com/v2/media/ghs/dfe2c958-6be7-4daa-a9ce-f626677702d3/1401ad58-b10a-4b2b-9c1a-e96c026aaee8_1246620212.jpeg?h=225&w=225,
261252457,Tesco Meaty Rolls Treats 500G,https://www.tesco.com/groceries/en-GB/shop/pets/all?department=Dog%20Food%20%26%20Accessories&viewAll=department&page=,£1.25,£2.50/kg,,,/groceries/en-GB/products/261252457,https://digitalcontent.api.tesco.com/v2/media/ghs/79cc10bb-a402-481f-815b-ac23d2c27eac/c7c660e2-677f-4cee-922c-6ba7df68f9d8_1040925353.jpeg?h=225&w=225,
284775707,Pedigree Tasty Minis Cheesy Dog Treats 140G,https://www.tesco.com/groceries/en-GB/shop/pets/all?department=Dog%20Food%20%26%20Accessories&viewAll=department&page=,£1.30,£9.29/kg,Any 2 for £2 Clubcard Price - Selected Pedigree Or Dreamies Cat And Dog Treats 60g - 180g,,/groceries/en-GB/products/284775707,https://digitalcontent.api.tesco.com/v2/media/ghs/d79e8ac7-6dc6-46ba-9fd9-2e340e8f1840/958e2198-7a24-48eb-bdd6-0ee87df37ad5_1540593296.jpeg?h=225&w=225,
291612292,Good Boy Wagtastic Chewy Chicken Twists 320G,https://www.tesco.com/groceries/en-GB/shop/pets/all?department=Dog%20Food%20%26%20Accessories&viewAll=department&page=,£7.50,£23.44/kg,,,/groceries/en-GB/products/291612292,https://digitalcontent.api.tesco.com/v2/media/ghs-mktg/b0b04216-fa73-466d-a9d7-c9fcfa1ce9b3/no-image.jpeg,
311955713,Good Boy Cheesy Chicken Sticks Dog Treats 250G,https://www.tesco.com/groceries/en-GB/shop/pets/all?department=Dog%20Food%20%26%20Accessories&viewAll=department&page=,£7.50,£30.00/kg,,New,/groceries/en-GB/products/311955713,https://digitalcontent.api.tesco.com/v2/media/ghs-mktg/b0b04216-fa73-466d-a9d7-c9fcfa1ce9b3/no-image.jpeg,
311944922,Good Boy Chicken & Rice Sticks Dog Treats 300G,https://www.tesco.com/groceries/en-GB/shop/pets/all?department=Dog%20Food%20%26%20Accessories&viewAll=department&page=,£7.50,£25.00/kg,,New,/groceries/en-GB/products/311944922,https://digitalcontent.api.tesco.com/v2/media/ghs/ae198601-81b8-444e-a473-4653784a51f9/6b939de2-d5ed-48d4-b0e8-dcd19cc7a267_780832444.jpeg?h=225&w=225,
311258300,Butchers Joint & Coat Dog Food Mixed Selection 12X150g,https://www.tesco.com/groceries/en-GB/shop/pets/all?department=Dog%20Food%20%26%20Accessories&viewAll=department&page=,£6.50,£3.62/kg,£5.75 Clubcard Price,,/groceries/en-GB/products/311258300,,
305835231,Bucktons Budgerigar Food Spiralife 500G,https://www.tesco.com/groceries/en-GB/shop/pets/all?department=Small%20Animal%2C%20Fish%20%26%20Bird&viewAll=department&page=,£1.90,£3.80/kg,,,/groceries/en-GB/products/305835231,https://digitalcontent.api.tesco.com/v2/media/ghs/e033cc94-11fa-4d41-a61b-731e38d901b3/90376238-dfef-4819-96f3-d7d53ec1636d_198142315.jpeg?h=225&w=225,
307743440,Tesco Wild Bird Suet Balls 10 Pack,https://www.tesco.com/groceries/en-GB/shop/pets/all?department=Small%20Animal%2C%20Fish%20%26%20Bird&viewAll=department&page=,£1.45,£0.14/each,,,/groceries/en-GB/products/307743440,https://digitalcontent.api.tesco.com/v2/media/ghs/38215b8d-9d5c-466a-a15c-a6071d05338a/935de78c-b97e-4842-ae20-7e16bcd7e999_1732649625.jpeg?h=225&w=225,
256278025,Trill Budgie Food 500G,https://www.tesco.com/groceries/en-GB/shop/pets/all?department=Small%20Animal%2C%20Fish%20%26%20Bird&viewAll=department&page=,£2.50,£5.00/kg,,,/groceries/en-GB/products/256278025,https://digitalcontent.api.tesco.com/v2/media/ghs/5163e493-b871-4d74-b53d-e5793e40b348/ab82e29d-43cc-4599-81c4-9e4b0df9ad03_937910315.jpeg?h=225&w=225,
260622839,Rotastak 3 Carrot Nibble Sticks 95G,https://www.tesco.com/groceries/en-GB/shop/pets/all?department=Small%20Animal%2C%20Fish%20%26%20Bird&viewAll=department&page=,£1.30,£13.69/kg,,,/groceries/en-GB/products/260622839,https://digitalcontent.api.tesco.com/v2/media/ghs/c02771b5-7c53-4f61-8dea-1dc527b0af70/4452d0b8-05b2-437b-af20-d0de3e70a9b0_3735505.jpeg?h=225&w=225,
299512858,Peckish 6 Energy Balls 6X80g,https://www.tesco.com/groceries/en-GB/shop/pets/all?department=Small%20Animal%2C%20Fish%20%26%20Bird&viewAll=department&page=,£1.50,£3.13/kg,,,/groceries/en-GB/products/299512858,https://digitalcontent.api.tesco.com/v2/media/ghs/877ec206-9e6d-45bc-8b13-ad8f61721cb4/f8a3d1b3-01cc-48ae-adf0-06b7a7155b9c_547268837.jpeg?h=225&w=225,
308095909,Tesco Everyday Seed Mix 1Kg,https://www.tesco.com/groceries/en-GB/shop/pets/all?department=Small%20Animal%2C%20Fish%20%26%20Bird&viewAll=department&page=,£1.55,£1.55/kg,,,/groceries/en-GB/products/308095909,https://digitalcontent.api.tesco.com/v2/media/ghs/770ae08f-be98-4c2c-b047-ddb72e35d596/16f257aa-7911-44da-9c41-3afaf91a64d0_426609689.jpeg?h=225&w=225,
305526793,Webbox Wildlife Hedgehog Food 175G,https://www.tesco.com/groceries/en-GB/shop/pets/all?department=Small%20Animal%2C%20Fish%20%26%20Bird&viewAll=department&page=,£1.30,£7.43/kg,,,/groceries/en-GB/products/305526793,https://digitalcontent.api.tesco.com/v2/media/ghs/8cdd492c-bdaf-4f61-88c4-7cbb401b0474/7de31bf8-121a-497d-93ef-6e31a7af9a91_21181483.jpeg?h=225&w=225,
305429827,Webbox Wildlife Swan & Duck Food 150G,https://www.tesco.com/groceries/en-GB/shop/pets/all?department=Small%20Animal%2C%20Fish%20%26%20Bird&viewAll=department&page=,£1.30,£8.67/kg,,,/groceries/en-GB/products/305429827,https://digitalcontent.api.tesco.com/v2/media/ghs/d83e90db-4e2d-4e31-bfd7-0d39c80c13ba/fc21510b-69e4-450e-86b6-6733216ba58e_899701195.jpeg?h=225&w=225,
260623026,Rotastak Honey Nut 3 Nibble Sticks 95G,https://www.tesco.com/groceries/en-GB/shop/pets/all?department=Small%20Animal%2C%20Fish%20%26%20Bird&viewAll=department&page=,£1.30,£13.69/kg,,,/groceries/en-GB/products/260623026,https://digitalcontent.api.tesco.com/v2/media/ghs/8cd148db-be3b-40af-a434-df6d97f775a7/86502d02-1532-4afc-83e5-add3311abb76.jpeg?h=225&w=225,
284998340,Tesco Standard Wild Bird Food Suet Tray 300G,https://www.tesco.com/groceries/en-GB/shop/pets/all?department=Small%20Animal%2C%20Fish%20%26%20Bird&viewAll=department&page=,£1.05,£3.50/kg,,,/groceries/en-GB/products/284998340,https://digitalcontent.api.tesco.com/v2/media/ghs/f578830c-422c-489a-94ac-0dc37a83c947/f0316531-4065-4153-b986-dca41b8964e8_1436197431.jpeg?h=225&w=225,
307748400,Tesco Wild Bird Suet Pellets 500G,https://www.tesco.com/groceries/en-GB/shop/pets/all?department=Small%20Animal%2C%20Fish%20%26%20Bird&viewAll=department&page=,£1.10,£2.20/kg,,,/groceries/en-GB/products/307748400,https://digitalcontent.api.tesco.com/v2/media/ghs/d71d1264-dc0f-41f6-aeef-fd91ff4b05d5/6960257a-e7b5-480f-85b5-fbf268fdfd7a_1735967128.jpeg?h=225&w=225,
307737442,Tesco Wild Bird Peanuts Mix 4Kg,https://www.tesco.com/groceries/en-GB/shop/pets/all?department=Small%20Animal%2C%20Fish%20%26%20Bird&viewAll=department&page=,£9.00,£2.25/kg,,,/groceries/en-GB/products/307737442,https://digitalcontent.api.tesco.com/v2/media/ghs/27b74313-53ce-4d6d-937f-0e80c387d977/44d6c40b-234a-44fd-8a4a-887c983d54a3_1711607588.jpeg?h=225&w=225,
257579595,Whiskas Cat Food 1+ Fish Selection In Jelly 12X100g,https://www.tesco.com/groceries/en-GB/shop/pets/all?department=Cat%20Food%20%26%20Accessories&viewAll=department&page=,£4.50,£3.75/kg,,,/groceries/en-GB/products/257579595,https://digitalcontent.api.tesco.com/v2/media/ghs/b1db2000-d0cf-4695-a601-d9a28763b2b8/687851d3-3d53-460a-98c1-ed7037b0ffed.jpeg?h=225&w=225,
257504431,Whiskas Pouches Poultry Selection In Gravy 12X100g,https://www.tesco.com/groceries/en-GB/shop/pets/all?department=Cat%20Food%20%26%20Accessories&viewAll=department&page=,£4.50,£3.75/kg,,,/groceries/en-GB/products/257504431,https://digitalcontent.api.tesco.com/v2/media/ghs/fc43b5fb-2434-493f-9605-2db1711a6091/3d0b24f9-fd76-4429-a8b0-11d07ac4ab5c.jpeg?h=225&w=225,
264249296,Felix As Good As It Looks Kitten Jelly 12X100g,https://www.tesco.com/groceries/en-GB/shop/pets/all?department=Cat%20Food%20%26%20Accessories&viewAll=department&page=,£4.50,£3.75/kg,,,/groceries/en-GB/products/264249296,https://digitalcontent.api.tesco.com/v2/media/ghs/13c847f8-a273-4aa5-8c50-be804e4d9303/15ac114c-329e-430f-9931-e505a17d9cc5.jpeg?h=225&w=225,
278501961,Felix As Good As It Looks Senior Mixed In Jelly 12X100g,https://www.tesco.com/groceries/en-GB/shop/pets/all?department=Cat%20Food%20%26%20Accessories&viewAll=department&page=,£4.50,£3.75/kg,,,/groceries/en-GB/products/278501961,https://digitalcontent.api.tesco.com/v2/media/ghs/9c3fede6-5a93-4d32-b0e7-f80d3fc73355/af34747f-cda3-46e5-bc25-05e3a61a853c.jpeg?h=225&w=225,
254523919,Felix Cat Food Fish Selection In Jelly 12 X 100G,https://www.tesco.com/groceries/en-GB/shop/pets/all?department=Cat%20Food%20%26%20Accessories&viewAll=department&page=,£3.85,£3.21/kg,,,/groceries/en-GB/products/254523919,https://digitalcontent.api.tesco.com/v2/media/ghs/f87d5f54-d587-44b8-9983-f60d32f3cc56/9dc5a5ac-0a57-4be6-ba61-0a8359240f7f.jpeg?h=225&w=225,
296889451,Felix Senior Mixed Selection In Jelly 12X100g,https://www.tesco.com/groceries/en-GB/shop/pets/all?department=Cat%20Food%20%26%20Accessories&viewAll=department&page=,£3.85,£3.21/kg,,,/groceries/en-GB/products/296889451,https://digitalcontent.api.tesco.com/v2/media/ghs/2b77a054-3e0d-4d78-aecb-4a4e80db5fa8/2cf77bd1-df4f-489b-9cee-c0595f92b01b.jpeg?h=225&w=225,
255534968,Felix Cat Food Mixed Selection In Jelly 12X100g,https://www.tesco.com/groceries/en-GB/shop/pets/all?department=Cat%20Food%20%26%20Accessories&viewAll=department&page=,£3.85,£3.21/kg,,,/groceries/en-GB/products/255534968,https://digitalcontent.api.tesco.com/v2/media/ghs/6c910177-cebc-4e06-8e19-79e4df6f7d1a/a96d5214-a34a-4a7a-9717-fcdb14399c0a.jpeg?h=225&w=225,
295647083,Felix Goody Bag Maxi Pack Seaside Mix 200G,https://www.tesco.com/groceries/en-GB/shop/pets/all?department=Cat%20Food%20%26%20Accessories&viewAll=department&page=,£2.75,£13.75/kg,,,/groceries/en-GB/products/295647083,https://digitalcontent.api.tesco.com/v2/media/ghs/afa84e4c-e7d5-4321-b755-db73d2294eaf/4cd11acc-0924-4523-8cc1-0bd66a1bcc48_1171143021.jpeg?h=225&w=225,
308475064,Tesco Senior Cat 12X100g Fish Select In Jelly,https://www.tesco.com/groceries/en-GB/shop/pets/all?department=Cat%20Food%20%26%20Accessories&viewAll=department&page=,£3.10,£2.59/kg,,,/groceries/en-GB/products/308475064,https://digitalcontent.api.tesco.com/v2/media/ghs/c5c2bccf-da89-4023-b192-535712783da0/dd268d9b-6845-49a8-93fb-245230644065_902437954.jpeg?h=225&w=225,
274746654,Tesco Chicken Cat Food Pate 100G,https://www.tesco.com/groceries/en-GB/shop/pets/all?department=Cat%20Food%20%26%20Accessories&viewAll=department&page=,£0.40,£4.00/kg,,,/groceries/en-GB/products/274746654,https://digitalcontent.api.tesco.com/v2/media/ghs/71f27369-b2aa-4da2-9c7d-cab553ec0c90/52a56c85-1718-4535-9838-75ea37848927_326930711.jpeg?h=225&w=225,
309492928,Go-Cat Crunchy & Tender Salmon Tuna Vegetable 900G,https://www.tesco.com/groceries/en-GB/shop/pets/all?department=Cat%20Food%20%26%20Accessories&viewAll=department&page=,£2.75,£3.06/kg,,,/groceries/en-GB/products/309492928,https://digitalcontent.api.tesco.com/v2/media/ghs/a18bee0b-dd4f-4c6d-9e52-e041752910af/ffaa6030-d7e7-4410-b8f9-5243eaf1456b_473110875.jpeg?h=225&w=225,
274746988,Tesco Standard Pate With Salmon 100G,https://www.tesco.com/groceries/en-GB/shop/pets/all?department=Cat%20Food%20%26%20Accessories&viewAll=department&page=,£0.40,£4.00/kg,,,/groceries/en-GB/products/274746988,https://digitalcontent.api.tesco.com/v2/media/ghs/80995d2f-36ec-4560-b68a-160e96a53851/c1dc2df3-aebd-4fd3-a36f-975d8c98f3e4_1656116124.jpeg?h=225&w=225,
309451436,Go-Cat Adult Dry Cat Food Tuna Herring & Vegetable 750G,https://www.tesco.com/groceries/en-GB/shop/pets/all?department=Cat%20Food%20%26%20Accessories&viewAll=department&page=,£2.50,£3.34/kg,,,/groceries/en-GB/products/309451436,https://digitalcontent.api.tesco.com/v2/media/ghs/731db2b4-a55d-41da-adef-569a01e2a852/9d0d42f0-d185-43d4-a7a5-3fbe7ad0c734_201572060.jpeg?h=225&w=225,
257450171,Whiskas Adult With Chicken 2 Kilograms,https://www.tesco.com/groceries/en-GB/shop/pets/all?department=Cat%20Food%20%26%20Accessories&viewAll=department&page=,£4.99,£2.50/kg,,,/groceries/en-GB/products/257450171,https://digitalcontent.api.tesco.com/v2/media/ghs/0e35b382-350b-4fb8-ae3e-b7dccdcf14a4/8b091bc7-c897-496b-8744-fbbd8aa89103_1731524014.jpeg?h=225&w=225,
304387848,Petface Cat Litter Tray Liners 6Pack,https://www.tesco.com/groceries/en-GB/shop/pets/all?department=Cat%20Food%20%26%20Accessories&viewAll=department&page=,£1.00,£0.17/each,,,/groceries/en-GB/products/304387848,https://digitalcontent.api.tesco.com/v2/media/ghs/6e7333f6-9da7-40b0-b89e-fc5c0215e0d4/720fd1f3-7b7a-4ad2-9056-448b38493ac7_1462059301.jpeg?h=225&w=225,
303205554,Felix Soup Cat Food Farm Selection 288G 6 Pack,https://www.tesco.com/groceries/en-GB/shop/pets/all?department=Cat%20Food%20%26%20Accessories&viewAll=department&page=,£1.85,£6.43/kg,,,/groceries/en-GB/products/303205554,https://digitalcontent.api.tesco.com/v2/media/ghs/87fae3e1-bd20-4679-aef6-eb9e1031c81b/e5aa2caf-e677-44d4-b8c4-58e49d2d8d34.jpeg?h=225&w=225,
308863336,Felix Soup Tender Strips Meat Selection Cat Food 6X48g,https://www.tesco.com/groceries/en-GB/shop/pets/all?department=Cat%20Food%20%26%20Accessories&viewAll=department&page=,£1.85,£6.43/kg,,,/groceries/en-GB/products/308863336,https://digitalcontent.api.tesco.com/v2/media/ghs/ddba99a3-02c3-4315-81e0-a5da14412bac/75e05c63-8d0c-4348-85a9-002f397c4d8e_892906535.jpeg?h=225&w=225,
272980753,Felix Goody Bag Mixed Grill 60G,https://www.tesco.com/groceries/en-GB/shop/pets/all?department=Cat%20Food%20%26%20Accessories&viewAll=department&page=,£1.10,£18.34/kg,,,/groceries/en-GB/products/272980753,https://digitalcontent.api.tesco.com/v2/media/ghs/61cee19c-755c-4cb8-84ca-27c62bd527a4/3ed61444-4cca-4178-a5a3-c789d6125f26_124930511.jpeg?h=225&w=225,
272941230,Felix Goody Bag Seaside Mix 60G,https://www.tesco.com/groceries/en-GB/shop/pets/all?department=Cat%20Food%20%26%20Accessories&viewAll=department&page=,£1.10,£18.34/kg,,,/groceries/en-GB/products/272941230,https://digitalcontent.api.tesco.com/v2/media/ghs/6406e89f-73ca-4a66-a6a2-a47dea9fac3a/851e14be-6796-4006-8eb8-41ed37da7285_1958128819.jpeg?h=225&w=225,
278502073,Felix Crispies Salmon & Trout 45G,https://www.tesco.com/groceries/en-GB/shop/pets/all?department=Cat%20Food%20%26%20Accessories&viewAll=department&page=,£1.10,£24.45/kg,,,/groceries/en-GB/products/278502073,https://digitalcontent.api.tesco.com/v2/media/ghs/42ad0307-0ab2-4c56-8456-b2e4d7616195/fdf9bbd9-ff7a-4021-97e9-80826782184d_463671274.jpeg?h=225&w=225,
272980724,Felix Goody Bag Original Mix 60G,https://www.tesco.com/groceries/en-GB/shop/pets/all?department=Cat%20Food%20%26%20Accessories&viewAll=department&page=,£1.10,£18.34/kg,,,/groceries/en-GB/products/272980724,https://digitalcontent.api.tesco.com/v2/media/ghs/296adf40-97f4-4b9c-a5d4-8229da2602e3/1ddb2517-30f0-4541-8c84-26576bc11960_1798315711.jpeg?h=225&w=225,
278501990,Felix Crispies Beef & Chicken 45G,https://www.tesco.com/groceries/en-GB/shop/pets/all?department=Cat%20Food%20%26%20Accessories&viewAll=department&page=,£1.10,£24.45/kg,,,/groceries/en-GB/products/278501990,https://digitalcontent.api.tesco.com/v2/media/ghs/c7ebf5af-3c1e-4e51-82b2-49a7e7d27760/139418ef-5620-4686-9278-6a7e16656d7a_1185323028.jpeg?h=225&w=225,
268368534,Dreamies Cat Treats With Duck 60G,https://www.tesco.com/groceries/en-GB/shop/pets/all?department=Cat%20Food%20%26%20Accessories&viewAll=department&page=,£1.30,£21.67/kg,Any 2 for £2 Clubcard Price - Selected Pedigree Or Dreamies Cat And Dog Treats 60g - 180g,,/groceries/en-GB/products/268368534,https://digitalcontent.api.tesco.com/v2/media/ghs/a59e48a8-f34d-4bb1-8f7b-e04db824b0e1/1b71dd7f-9a5a-4b43-b290-faafbc809a30_1885430292.jpeg?h=225&w=225,
265953232,Dreamies Cat Treats With Beef 60G,https://www.tesco.com/groceries/en-GB/shop/pets/all?department=Cat%20Food%20%26%20Accessories&viewAll=department&page=,£1.30,£21.67/kg,Any 2 for £2 Clubcard Price - Selected Pedigree Or Dreamies Cat And Dog Treats 60g - 180g,,/groceries/en-GB/products/265953232,https://digitalcontent.api.tesco.com/v2/media/ghs/fb6dcd31-69ef-4f84-bcc5-adde7f8b967b/a6bdc06d-6bd3-46be-90a5-d629ff6f0694_448911813.jpeg?h=225&w=225,
303334147,Winalot Dog Food Meat Selection In Gravy 40X100g,https://www.tesco.com/groceries/en-GB/shop/pets/all?department=Dog%20Food%20%26%20Accessories&viewAll=department&page=,£10.60,£2.65/kg,,,/groceries/en-GB/products/303334147,https://digitalcontent.api.tesco.com/v2/media/ghs/8b1dfd33-3b45-4e3f-9a14-3112e7c0c9b3/77ed76c8-2ee0-4fd2-82a5-5693d355d47b_2130491433.jpeg?h=225&w=225,
298437062,Naturo Dog Grain Free Variety 400G 6 Pack,https://www.tesco.com/groceries/en-GB/shop/pets/all?department=Dog%20Food%20%26%20Accessories&viewAll=department&page=,£6.50,£2.71/kg,,,/groceries/en-GB/products/298437062,https://digitalcontent.api.tesco.com/v2/media/ghs/37d7ba2f-a2cd-40a2-a6da-407a2eea7750/e96dc64e-f5b4-4fd4-a553-31dc86c84098.jpeg?h=225&w=225,
284982560,Naturo Dog Food Variety 6X400g,https://www.tesco.com/groceries/en-GB/shop/pets/all?department=Dog%20Food%20%26%20Accessories&viewAll=department&page=,£6.50,£2.71/kg,,,/groceries/en-GB/products/284982560,https://digitalcontent.api.tesco.com/v2/media/ghs/de0efba4-ab7a-4e05-9241-363d294106eb/b41fea86-5891-4639-b27d-febf7b1b9eaf.jpeg?h=225&w=225,
302054900,Butcher's Meaty Recipe In Jelly Dog Food 12X400g,https://www.tesco.com/groceries/en-GB/shop/pets/all?department=Dog%20Food%20%26%20Accessories&viewAll=department&page=,£9.50,£1.98/kg,,,/groceries/en-GB/products/302054900,https://digitalcontent.api.tesco.com/v2/media/ghs/8990dd3f-444d-4ce0-8584-5dcaa8ff49db/e30239ea-1190-457d-9337-793b73314d85_291493053.jpeg?h=225&w=225,
302055663,Butcher's Recipe In Gravy Dog Food Tin 12X400g,https://www.tesco.com/groceries/en-GB/shop/pets/all?department=Dog%20Food%20%26%20Accessories&viewAll=department&page=,£9.50,£1.98/kg,,,/groceries/en-GB/products/302055663,https://digitalcontent.api.tesco.com/v2/media/ghs/bd9092bb-c50b-4959-977b-1604c5d7617e/8357a3a7-4bed-463d-b24c-ddb727f378e7_2052169387.jpeg?h=225&w=225,
312368145,Butcher's Lean & Tasty Low Fat Dog Food 12X390g,https://www.tesco.com/groceries/en-GB/shop/pets/all?department=Dog%20Food%20%26%20Accessories&viewAll=department&page=,£9.50,£2.03/kg,,New,/groceries/en-GB/products/312368145,https://digitalcontent.api.tesco.com/v2/media/ghs/b9cefb99-bb4f-42a5-b7f7-8e62ce5c9d8f/9c94d9ae-75e7-4a58-8350-d3ceda89a810_2104517254.jpeg?h=225&w=225,
308087333,Tesco Adult Dog Loaf Selection 12 X 395G,https://www.tesco.com/groceries/en-GB/shop/pets/all?department=Dog%20Food%20%26%20Accessories&viewAll=department&page=,£8.30,£1.76/kg,,,/groceries/en-GB/products/308087333,https://digitalcontent.api.tesco.com/v2/media/ghs/44dd4227-1ce0-4754-9d35-48c66f79ff85/e3a17af6-8d46-448f-92bf-4f2c35f72078_1367206132.jpeg?h=225&w=225,
257985119,Pedigree Medium Dog Dentastix Treats 28 Sticks 720G,https://www.tesco.com/groceries/en-GB/shop/pets/all?department=Dog%20Food%20%26%20Accessories&viewAll=department&page=,£6.00,£8.34/kg,,,/groceries/en-GB/products/257985119,https://digitalcontent.api.tesco.com/v2/media/ghs/b531c52f-eb96-4fff-acba-136dcb8804a5/9476f485-439b-4b59-bc19-2a9432ea7f91_114733129.jpeg?h=225&w=225,
287318813,Good Boy Chewy Chicken Strips 80G,https://www.tesco.com/groceries/en-GB/shop/pets/all?department=Dog%20Food%20%26%20Accessories&viewAll=department&page=,£2.25,£28.13/kg,,,/groceries/en-GB/products/287318813,https://digitalcontent.api.tesco.com/v2/media/ghs/47ddf270-d905-4dfd-9a20-828487efce47/d7af5814-90b9-4a85-93cb-b0777e8c1f9e_1569240793.jpeg?h=225&w=225,
302054134,Butcher's Simply Gentle Dog Food Tins 6X390g,https://www.tesco.com/groceries/en-GB/shop/pets/all?department=Dog%20Food%20%26%20Accessories&viewAll=department&page=,£5.10,£2.18/kg,,,/groceries/en-GB/products/302054134,https://digitalcontent.api.tesco.com/v2/media/ghs/ef811317-bc55-4e79-aee5-9aedcf3e28a1/87a8ba7e-f0bf-496f-ba71-7c15ec8dbc72_530059645.jpeg?h=225&w=225,
305255018,Good Boy Dog Treats Jumbo Chicken & Carrot Stick 100G,https://www.tesco.com/groceries/en-GB/shop/pets/all?department=Dog%20Food%20%26%20Accessories&viewAll=department&page=,£2.25,£22.50/kg,,,/groceries/en-GB/products/305255018,https://digitalcontent.api.tesco.com/v2/media/ghs/6cbbd474-432a-4418-aee6-25fb85006e93/5b32a70e-594f-4da6-b130-e6b138ac0f34_1874964785.jpeg?h=225&w=225,
254906868,Tesco Beef & Country Vegetable Dry Dog Food 3Kg,https://www.tesco.com/groceries/en-GB/shop/pets/all?department=Dog%20Food%20%26%20Accessories&viewAll=department&page=,£3.80,£1.27/kg,,,/groceries/en-GB/products/254906868,https://digitalcontent.api.tesco.com/v2/media/ghs/3ec3f119-fcba-4904-9cfc-e7ceb579630a/d2eab615-35da-42c8-b1d0-460eb59779f9_872470080.jpeg?h=225&w=225,
270954391,Bakers Complete Meaty Meals Small Dog Beef 1Kg,https://www.tesco.com/groceries/en-GB/shop/pets/all?department=Dog%20Food%20%26%20Accessories&viewAll=department&page=,£3.10,£3.10/kg,,,/groceries/en-GB/products/270954391,https://digitalcontent.api.tesco.com/v2/media/ghs/ded0e480-1621-40fd-972d-8453971000a7/9f9986a3-074f-4149-895e-0ba4db62628d_764692875.jpeg?h=225&w=225,
295410081,Dentalife Daily Oral Care Large 142G,https://www.tesco.com/groceries/en-GB/shop/pets/all?department=Dog%20Food%20%26%20Accessories&viewAll=department&page=,£1.50,£10.57/kg,,,/groceries/en-GB/products/295410081,https://digitalcontent.api.tesco.com/v2/media/ghs/3b3fe653-64cc-4001-ad35-9f1ca88dc5e7/faa961d3-3054-4a44-a764-b8c31e22e447.jpeg?h=225&w=225,
305519940,Good Boy Dog Treats Pigs In Blankets 80G,https://www.tesco.com/groceries/en-GB/shop/pets/all?department=Dog%20Food%20%26%20Accessories&viewAll=department&page=,£2.25,£28.13/kg,,,/groceries/en-GB/products/305519940,https://digitalcontent.api.tesco.com/v2/media/ghs/d35a6e27-6648-449a-8dad-51ca34178dc8/3c66ddd5-9b59-4b16-92c5-25745636407b_1102378720.jpeg?h=225&w=225,
252757657,Tesco Biscuit Bones Large Bite Selection Dog Treats 1.2Kg,https://www.tesco.com/groceries/en-GB/shop/pets/all?department=Dog%20Food%20%26%20Accessories&viewAll=department&page=,£3.10,£2.59/kg,,,/groceries/en-GB/products/252757657,https://digitalcontent.api.tesco.com/v2/media/ghs/2fc6fe0e-2e10-480d-8ef7-d72e9a83bf28/dbb1e5b5-83df-4975-b4a2-e9a05a827580_1362367588.jpeg?h=225&w=225,
295747419,Naturo Grain Free Turkey With Cran Crrot 390G,https://www.tesco.com/groceries/en-GB/shop/pets/all?department=Dog%20Food%20%26%20Accessories&viewAll=department&page=,£1.20,£3.08/kg,Any 6 for £6.50 Clubcard Price - Selected Naturo Grain Free Dog Food 390g,,/groceries/en-GB/products/295747419,https://digitalcontent.api.tesco.com/v2/media/ghs/30c33cd7-714f-4995-aba9-c976bdd287ff/7d8cf86f-d6b8-4de1-b23b-dad9f4f959aa_1158325924.jpeg?h=225&w=225,
257237977,Bonio The Original Biscuit Dog Food 1.2Kg,https://www.tesco.com/groceries/en-GB/shop/pets/all?department=Dog%20Food%20%26%20Accessories&viewAll=department&page=,£3.50,£2.92/kg,,,/groceries/en-GB/products/257237977,https://digitalcontent.api.tesco.com/v2/media/ghs/4d8f6134-c646-4ca9-9d17-d9575b2351ae/02157a98-5e03-4697-9bab-2af248cd6d3b_1668224557.jpeg?h=225&w=225,
303205750,Winalot Sunday Dinner Dog Food 1.2Kg 12X100g,https://www.tesco.com/groceries/en-GB/shop/pets/all?department=Dog%20Food%20%26%20Accessories&viewAll=department&page=,£3.65,£3.05/kg,,,/groceries/en-GB/products/303205750,https://digitalcontent.api.tesco.com/v2/media/ghs/fd25bf98-d5c1-4f12-8ec3-14b40aa24aa7/aa4c96c5-80e7-4e7d-9dc9-1015125efcde.jpeg?h=225&w=225,
309497687,Naturo Grain Free Beef Chicken In Herb Jelly 390G,https://www.tesco.com/groceries/en-GB/shop/pets/all?department=Dog%20Food%20%26%20Accessories&viewAll=department&page=,£1.20,£3.08/kg,Any 6 for £6.50 Clubcard Price - Selected Naturo Grain Free Dog Food 390g,,/groceries/en-GB/products/309497687,https://digitalcontent.api.tesco.com/v2/media/ghs/f18a5d17-d0b5-41a8-a4f5-fb9032663161/3c6d7093-2cc3-425b-9587-a1e869c876d0_2134348627.jpeg?h=225&w=225,
263422946,Tesco 28 Dental Sticks Medium Dog 720G,https://www.tesco.com/groceries/en-GB/shop/pets/all?department=Dog%20Food%20%26%20Accessories&viewAll=department&page=,£3.00,£4.17/kg,,,/groceries/en-GB/products/263422946,https://digitalcontent.api.tesco.com/v2/media/ghs/75b56d17-8071-496b-aab2-9ecebb4bc13e/98af4038-b658-4da6-9449-5208211c6fb4_1513272593.jpeg?h=225&w=225,
291683206,Winalot Dog Food Pouches Mixed In Gravy 12X100g,https://www.tesco.com/groceries/en-GB/shop/pets/all?department=Dog%20Food%20%26%20Accessories&viewAll=department&page=,£3.65,£3.05/kg,,,/groceries/en-GB/products/291683206,https://digitalcontent.api.tesco.com/v2/media/ghs/b2ce7470-e752-4b5a-815f-9b92a2a431ed/f4ffd3f5-5f5c-4455-9db1-5ec68e3444de.jpeg?h=225&w=225,
303036644,Good Boy Tripe Filled Bone Dog Treat,https://www.tesco.com/groceries/en-GB/shop/pets/all?department=Dog%20Food%20%26%20Accessories&viewAll=department&page=,£1.50,£1.50/each,,,/groceries/en-GB/products/303036644,https://digitalcontent.api.tesco.com/v2/media/ghs/3071abb6-27b1-448b-b790-f2d13c66caf6/fd9bbfee-5f00-41ae-b57c-0e12299aa737_10584509.jpeg?h=225&w=225,
295410121,Dentalife Daily Oral Care Medium 115G,https://www.tesco.com/groceries/en-GB/shop/pets/all?department=Dog%20Food%20%26%20Accessories&viewAll=department&page=,£1.50,£13.05/kg,,,/groceries/en-GB/products/295410121,https://digitalcontent.api.tesco.com/v2/media/ghs/a30db6ce-36b6-45e0-8a9d-8a87a97ee48d/90184d5c-a384-4d76-ab5c-0d73b6787412.jpeg?h=225&w=225,
308084935,Tesco Tasty Treats Pocket Pillows With Catnip 65G,https://www.tesco.com/groceries/en-GB/shop/pets/all?department=Cat%20Food%20%26%20Accessories&viewAll=department&page=,£0.85,£13.08/kg,,,/groceries/en-GB/products/308084935,https://digitalcontent.api.tesco.com/v2/media/ghs/0071d0bc-eed2-443e-89be-f395bf9983d3/ed0c02eb-3ca1-4cfc-9490-da2065257a6c_2061394582.jpeg?h=225&w=225,
291683990,Gourmet Gold Savoury Cake Salmon 85G,https://www.tesco.com/groceries/en-GB/shop/pets/all?department=Cat%20Food%20%26%20Accessories&viewAll=department&page=,£0.60,£7.06/kg,,,/groceries/en-GB/products/291683990,https://digitalcontent.api.tesco.com/v2/media/ghs/131ef53c-5049-4478-bb21-cae53666f864/678bba9b-e20c-444b-b9fd-5c2633c26ae3_1135987241.jpeg?h=225&w=225,
308093129,Tesco Kitten Chicken & Rice Dry Food 1Kg,https://www.tesco.com/groceries/en-GB/shop/pets/all?department=Cat%20Food%20%26%20Accessories&viewAll=department&page=,£1.60,£1.60/kg,,,/groceries/en-GB/products/308093129,https://digitalcontent.api.tesco.com/v2/media/ghs/ea5b8d81-7433-48eb-bcb1-1c49f1eda226/eec42502-caaa-411d-8f4e-a10ebcc5dfc7_949497992.jpeg?h=225&w=225,
308835324,Pascoes Tasty Chunks In Jelly 12X100g,https://www.tesco.com/groceries/en-GB/shop/pets/all?department=Cat%20Food%20%26%20Accessories&viewAll=department&page=,£2.35,£1.96/kg,,,/groceries/en-GB/products/308835324,https://digitalcontent.api.tesco.com/v2/media/ghs/6f6c7520-0b01-42c8-9fff-53b73ce3958e/5cba390a-8e66-457f-b138-2cf3ec777bee_833239341.jpeg?h=225&w=225,
303286762,Webbox Yogurt Lick-E-Lix Liver & Cat Grass 5X15g,https://www.tesco.com/groceries/en-GB/shop/pets/all?department=Cat%20Food%20%26%20Accessories&viewAll=department&page=,£1.15,£15.34/kg,,,/groceries/en-GB/products/303286762,https://digitalcontent.api.tesco.com/v2/media/ghs/e80a3afe-4520-4c3c-8be8-b6b36c1e83cc/d87b4b55-f913-4e9b-aed5-e0dba9d7fcd8_2061610702.jpeg?h=225&w=225,
311946183,Dreamies Meaty Sticks With Salmon Cat Treats 6X5g,https://www.tesco.com/groceries/en-GB/shop/pets/all?department=Cat%20Food%20%26%20Accessories&viewAll=department&page=,£1.15,£38.34/kg,,New,/groceries/en-GB/products/311946183,https://digitalcontent.api.tesco.com/v2/media/ghs/c043cd43-2cd3-4a44-9389-75078ef45012/91d16579-dcf3-48bc-9f0a-15f30bebc39d_1985595279.jpeg?h=225&w=225,
311953485,Dreamies Creamy Cat Treats With Salmon 4X10g,https://www.tesco.com/groceries/en-GB/shop/pets/all?department=Cat%20Food%20%26%20Accessories&viewAll=department&page=,£1.19,£29.75/kg,Aldi Price Match,New,/groceries/en-GB/products/311953485,https://digitalcontent.api.tesco.com/v2/media/ghs/2a8ed7b2-b299-4674-a551-1cbced657d49/356b2a29-674d-4521-8407-d7d422be92d0_701880420.jpeg?h=225&w=225,
311944824,Dreamies Creamy Cat Treats With Chicken 4X10g,https://www.tesco.com/groceries/en-GB/shop/pets/all?department=Cat%20Food%20%26%20Accessories&viewAll=department&page=,£1.19,£29.75/kg,Aldi Price Match,New,/groceries/en-GB/products/311944824,https://digitalcontent.api.tesco.com/v2/media/ghs/cb918a9f-3394-47cd-a7ea-9ba256abe273/a353149c-c587-4eae-8266-6562c41c0668_654479020.jpeg?h=225&w=225,
298437230,Gourmet Gold Melting Heart Chicken 85G,https://www.tesco.com/groceries/en-GB/shop/pets/all?department=Cat%20Food%20%26%20Accessories&viewAll=department&page=,£0.60,£7.06/kg,,,/groceries/en-GB/products/298437230,https://digitalcontent.api.tesco.com/v2/media/ghs/9cdffe94-6a59-47e0-a23e-4b7c54dff0cf/01baf1e1-2bfa-4e2c-b6a6-71df029bfe33_2022740238.jpeg?h=225&w=225,
293638673,Whiskas 7+ Senior Poultry Selection In Jelly 40X100g,https://www.tesco.com/groceries/en-GB/shop/pets/all?department=Cat%20Food%20%26%20Accessories&viewAll=department&page=,£13.70,£3.43/kg,,,/groceries/en-GB/products/293638673,https://digitalcontent.api.tesco.com/v2/media/ghs/458a9431-7394-4271-8200-42394af01962/60b353c4-41e2-4260-be45-8e17ddf0eb4a_254974068.jpeg?h=225&w=225,
296143533,Felix As Good As It Looks Cat Food Mixed Selection 40X100g,https://www.tesco.com/groceries/en-GB/shop/pets/all?department=Cat%20Food%20%26%20Accessories&viewAll=department&page=,£13.50,£3.38/kg,,,/groceries/en-GB/products/296143533,https://digitalcontent.api.tesco.com/v2/media/ghs/a5bc51b4-f1de-4267-933b-7649f8b907a6/9896abbb-ab4c-43d6-b69c-40770ef39fe7_1442579158.jpeg?h=225&w=225,
262976935,Catsan Smart Pack 2 Packs,https://www.tesco.com/groceries/en-GB/shop/pets/all?department=Cat%20Food%20%26%20Accessories&viewAll=department&page=,£8.25,£4.13/each,,,/groceries/en-GB/products/262976935,https://digitalcontent.api.tesco.com/v2/media/ghs/495a69ae-6b20-4817-9f0a-214c7750810f/bba305df-8a1c-46da-a6ff-4f9cd6e06d49_259732551.jpeg?h=225&w=225,
257972699,Purina One Cat Adult Salmon & Whole Grain 800G,https://www.tesco.com/groceries/en-GB/shop/pets/all?department=Cat%20Food%20%26%20Accessories&viewAll=department&page=,£5.00,£6.25/kg,,,/groceries/en-GB/products/257972699,https://digitalcontent.api.tesco.com/v2/media/ghs/5f651403-c648-4694-8527-336e75067124/1e07edff-2aec-486d-812d-fa1c790a96be_2065730347.jpeg?h=225&w=225,
264375036,Gourmet Perle Country Medleys In Jelly 12X85g,https://www.tesco.com/groceries/en-GB/shop/pets/all?department=Cat%20Food%20%26%20Accessories&viewAll=department&page=,£5.00,£4.91/kg,,,/groceries/en-GB/products/264375036,https://digitalcontent.api.tesco.com/v2/media/ghs/ce8e1517-6c8c-45cd-afcf-da603f9855ac/91f2a78f-c5ed-4bb9-adad-aa96590c8118.jpeg?h=225&w=225,
260589803,Gourmet Perle Ocean Delicacies In Gravy 12X85g,https://www.tesco.com/groceries/en-GB/shop/pets/all?department=Cat%20Food%20%26%20Accessories&viewAll=department&page=,£5.00,£4.91/kg,,,/groceries/en-GB/products/260589803,https://digitalcontent.api.tesco.com/v2/media/ghs/04d48135-8eb3-4d9a-a6ea-d91ef2968bd5/127aa8a8-0032-4cb3-b2c8-9bc538d58d7b.jpeg?h=225&w=225,
257459392,Whiskas Adult Tuna & Vegetable & Nuggets 2Kg,https://www.tesco.com/groceries/en-GB/shop/pets/all?department=Cat%20Food%20%26%20Accessories&viewAll=department&page=,£4.99,£2.50/kg,,,/groceries/en-GB/products/257459392,https://digitalcontent.api.tesco.com/v2/media/ghs/b2652ab4-6396-418b-831a-045923dc5310/85381415-3085-4de0-8247-98c3da55533a_2004971565.jpeg?h=225&w=225,
293638857,Sheba Cat Pouch Fish In Gravy 12X85g,https://www.tesco.com/groceries/en-GB/shop/pets/all?department=Cat%20Food%20%26%20Accessories&viewAll=department&page=,£5.00,£4.91/kg,,,/groceries/en-GB/products/293638857,https://digitalcontent.api.tesco.com/v2/media/ghs/0b6d8cc6-6409-4ef0-8f79-c705757e2680/8aabc643-f50f-4dae-a0f3-f01753dfe700.jpeg?h=225&w=225,
257267209,Whiskas 2-12 Month Fish Selection In Jelly 12X100g,https://www.tesco.com/groceries/en-GB/shop/pets/all?department=Cat%20Food%20%26%20Accessories&viewAll=department&page=,£4.50,£3.75/kg,,,/groceries/en-GB/products/257267209,https://digitalcontent.api.tesco.com/v2/media/ghs/c84f2aec-7bb5-4683-99d3-122fa1a9bfc2/fd1ca3ae-fe6a-4ea2-9c6d-4cf8e017f1f7.jpeg?h=225&w=225,
305745308,Purina Gourmet Tinned Food Pate Mixed 8X85g,https://www.tesco.com/groceries/en-GB/shop/pets/all?department=Cat%20Food%20%26%20Accessories&viewAll=department&page=,£4.40,£6.48/kg,,,/groceries/en-GB/products/305745308,https://digitalcontent.api.tesco.com/v2/media/ghs/34036e8f-b72e-4250-a691-142c37dc590d/c7c833bc-ee01-4002-b89c-7e699e8be6ee_1472309443.jpeg?h=225&w=225,
262261957,Whiskas Cat Food Pouch 7+ Poultry Jelly 12X100g,https://www.tesco.com/groceries/en-GB/shop/pets/all?department=Cat%20Food%20%26%20Accessories&viewAll=department&page=,£4.50,£3.75/kg,,,/groceries/en-GB/products/262261957,https://digitalcontent.api.tesco.com/v2/media/ghs/d9f2fe1d-6921-45c1-b765-d1fe2772299c/7a095be6-4116-4eec-ad19-6ce966783ccc.jpeg?h=225&w=225,
263383477,Whiskas Senior Fisherman Choice In Jelly 12X100g,https://www.tesco.com/groceries/en-GB/shop/pets/all?department=Cat%20Food%20%26%20Accessories&viewAll=department&page=,£4.50,£3.75/kg,,,/groceries/en-GB/products/263383477,https://digitalcontent.api.tesco.com/v2/media/ghs/d52a877e-6b79-48cb-9b92-511732f1cbb1/0560dc8b-7094-4fb0-87ce-4cbebb2e0301.jpeg?h=225&w=225,
312564892,Encore Chicken Selection In Jelly Cat Food Pouches 5X50g,https://www.tesco.com/groceries/en-GB/shop/pets/all?department=Cat%20Food%20%26%20Accessories&viewAll=department&page=,£4.00,£16.00/kg,,New,/groceries/en-GB/products/312564892,https://digitalcontent.api.tesco.com/v2/media/ghs/2d55e10a-5822-493c-b867-870364a0d123/6ad11135-b343-42c9-8b62-265c9f75f6a8_944945192.jpeg?h=225&w=225,
256902520,Whiskas Pouches Favourites Adult 12 X 100G,https://www.tesco.com/groceries/en-GB/shop/pets/all?department=Cat%20Food%20%26%20Accessories&viewAll=department&page=,£4.50,£3.75/kg,,,/groceries/en-GB/products/256902520,https://digitalcontent.api.tesco.com/v2/media/ghs/05b89c00-db3d-4b70-97f6-ba4e67aebe56/a95b4f17-fa44-4d1b-954f-53c6a2197a58.jpeg?h=225&w=225,
308473629,Gourmet Revelations Chicken Cat Food 4 X 57G,https://www.tesco.com/groceries/en-GB/shop/pets/all?department=Cat%20Food%20%26%20Accessories&viewAll=department&page=,£2.95,£12.94/kg,£2.10 Clubcard Price,,/groceries/en-GB/products/308473629,https://digitalcontent.api.tesco.com/v2/media/ghs/e3dd519a-76ab-4d1f-b2f3-04fbf511a6e8/aa1f96a2-6088-41f1-b26d-ce6ca229a752_1828851640.jpeg?h=225&w=225,
298895682,Lily's Kitchen Sunday Lunch 150G,https://www.tesco.com/groceries/en-GB/shop/pets/all?department=Dog%20Food%20%26%20Accessories&viewAll=department&page=,£1.30,£8.67/kg,,,/groceries/en-GB/products/298895682,https://digitalcontent.api.tesco.com/v2/media/ghs/31917c9c-f9f6-49d5-8254-b5155e3dddf7/0ecf8104-b247-447f-8af6-6da2a1aded0d_548089869.jpeg?h=225&w=225,
295236143,Naturo Adult Dog Grain Free Chicken Potato & Vegetable 400G,https://www.tesco.com/groceries/en-GB/shop/pets/all?department=Dog%20Food%20%26%20Accessories&viewAll=department&page=,£1.30,£3.25/kg,,,/groceries/en-GB/products/295236143,https://digitalcontent.api.tesco.com/v2/media/ghs/ed68e8e9-6bb4-43f1-8e44-6596e2ddd115/13497a87-2b5d-43ed-8c2c-5a17dd08d7a3_787402729.jpeg?h=225&w=225,
267704110,Tesco Dog Small Bite Mixer 1.8Kg,https://www.tesco.com/groceries/en-GB/shop/pets/all?department=Dog%20Food%20%26%20Accessories&viewAll=department&page=,£2.00,£1.12/kg,,,/groceries/en-GB/products/267704110,https://digitalcontent.api.tesco.com/v2/media/ghs/3f203e1c-9321-4546-ab52-706690383a22/7ebe1e44-0869-4588-a270-47973a8c4e37_1732263585.jpeg?h=225&w=225,
291622222,Wagtastic Face Balls,https://www.tesco.com/groceries/en-GB/shop/pets/all?department=Dog%20Food%20%26%20Accessories&viewAll=department&page=,£1.00,£1.00/each,,,/groceries/en-GB/products/291622222,https://digitalcontent.api.tesco.com/v2/media/ghs/1ec8d86d-6bcd-472f-84b5-b217a96eada6/aac6b7d4-182f-46e6-9158-41cbee0ae706_1384727391.jpeg?h=225&w=225,
257520843,Pedigree Biscrok Gravy Bones Dog Treats Original 400G,https://www.tesco.com/groceries/en-GB/shop/pets/all?department=Dog%20Food%20%26%20Accessories&viewAll=department&page=,£1.95,£4.88/kg,,,/groceries/en-GB/products/257520843,https://digitalcontent.api.tesco.com/v2/media/ghs/92587b6e-a3bd-4b45-9daa-437be4b40f94/0e8bb591-9d33-444a-bcc7-b4dc5088cd64_1008605964.jpeg?h=225&w=225,
278433747,Naturo Senior Turkey Rice & Vegetable 400G,https://www.tesco.com/groceries/en-GB/shop/pets/all?department=Dog%20Food%20%26%20Accessories&viewAll=department&page=,£1.30,£3.25/kg,,,/groceries/en-GB/products/278433747,https://digitalcontent.api.tesco.com/v2/media/ghs/e3b1e0b7-5cb3-418b-8090-3c9f8810e67f/89b431ce-eeb6-4237-acaa-0a8dad63c920_277873339.jpeg?h=225&w=225,
284355462,Bakers Mixed Variety Pack 100G,https://www.tesco.com/groceries/en-GB/shop/pets/all?department=Dog%20Food%20%26%20Accessories&viewAll=department&page=,£1.00,£10.00/kg,,,/groceries/en-GB/products/284355462,https://digitalcontent.api.tesco.com/v2/media/ghs/679db87d-59b7-4c78-b9b6-249dd9e535ce/dda426c1-e3d2-437a-b756-ba37e3ad0557_1430367259.jpeg?h=225&w=225,
260587673,Top Life Formula Puppy Milk 200Ml,https://www.tesco.com/groceries/en-GB/shop/pets/all?department=Dog%20Food%20%26%20Accessories&viewAll=department&page=,£0.90,£4.50/litre,,,/groceries/en-GB/products/260587673,https://digitalcontent.api.tesco.com/v2/media/ghs/68997e6c-0c52-456d-a8fb-f2bd8e8e818a/bcd8118b-96cd-4f89-b653-9d6b38a24c31_443026237.jpeg?h=225&w=225,
306660504,Webbox Supreme Chub Roll Chicken & Turkey 720G,https://www.tesco.com/groceries/en-GB/shop/pets/all?department=Dog%20Food%20%26%20Accessories&viewAll=department&page=,£0.75,£1.05/kg,,,/groceries/en-GB/products/306660504,https://digitalcontent.api.tesco.com/v2/media/ghs/0872b174-2882-42cd-bb06-b5ee8e7751d0/7bab54ec-59c3-4c7b-b485-d718d4ff84c7_330052105.jpeg?h=225&w=225,
302411189,Butcher's Tripe Dog Food Tin 400G,https://www.tesco.com/groceries/en-GB/shop/pets/all?department=Dog%20Food%20%26%20Accessories&viewAll=department&page=,£0.95,£2.38/kg,,,/groceries/en-GB/products/302411189,https://digitalcontent.api.tesco.com/v2/media/ghs/1227dae8-cc3e-4bd9-8fff-2a93fa2f33a9/9c905cb7-d27e-4f24-92af-fb7d9a3fb77f_1364680578.jpeg?h=225&w=225,
284776159,Pedigree Tasty Minis Dog Treat Chewy Cubes 130G,https://www.tesco.com/groceries/en-GB/shop/pets/all?department=Dog%20Food%20%26%20Accessories&viewAll=department&page=,£1.30,£10.00/kg,Any 2 for £2 Clubcard Price - Selected Pedigree Or Dreamies Cat And Dog Treats 60g - 180g,,/groceries/en-GB/products/284776159,https://digitalcontent.api.tesco.com/v2/media/ghs/f635a089-20f1-468d-8df8-8d62afd4036b/2ab19634-b5e3-44c0-a340-21a70d90b8f9_524743261.jpeg?h=225&w=225,
305436381,Pedigree Jumbone Mini Chicken & Lamb Dog Chew X4 160G,https://www.tesco.com/groceries/en-GB/shop/pets/all?department=Dog%20Food%20%26%20Accessories&viewAll=department&page=,£1.30,£8.13/kg,Any 2 for £2 Clubcard Price - Selected Pedigree Or Dreamies Cat And Dog Treats 60g - 180g,,/groceries/en-GB/products/305436381,https://digitalcontent.api.tesco.com/v2/media/ghs/75a726ba-a57e-42b9-9a48-194189cc43ba/87431235-9c68-4043-bc82-7c41e99d8591_2104276661.jpeg?h=225&w=225,
305434072,Pedigree Jumbone Dog Treat Beef & Poultry X4 160G,https://www.tesco.com/groceries/en-GB/shop/pets/all?department=Dog%20Food%20%26%20Accessories&viewAll=department&page=,£1.30,£8.13/kg,Any 2 for £2 Clubcard Price - Selected Pedigree Or Dreamies Cat And Dog Treats 60g - 180g,,/groceries/en-GB/products/305434072,https://digitalcontent.api.tesco.com/v2/media/ghs/c72a0284-20fa-42c2-82c1-b4e4015e5c03/8663bb27-bd91-403f-8d80-a76b613dd5d3.jpeg?h=225&w=225,
305438298,Pedigree Rodeo Dog Treats Chicken 7 Sticks 123G,https://www.tesco.com/groceries/en-GB/shop/pets/all?department=Dog%20Food%20%26%20Accessories&viewAll=department&page=,£1.30,£10.57/kg,Any 2 for £2 Clubcard Price - Selected Pedigree Or Dreamies Cat And Dog Treats 60g - 180g,,/groceries/en-GB/products/305438298,https://digitalcontent.api.tesco.com/v2/media/ghs/3a92b48f-873b-45c9-9bf9-dd368d7303c6/ea692df9-4731-4f16-bba0-5a660adabd3a_566452459.jpeg?h=225&w=225,
305436300,Pedigree Multi Mix Schmacko Dog Treats X20 144G,https://www.tesco.com/groceries/en-GB/shop/pets/all?department=Dog%20Food%20%26%20Accessories&viewAll=department&page=,£1.30,£9.03/kg,Any 2 for £2 Clubcard Price - Selected Pedigree Or Dreamies Cat And Dog Treats 60g - 180g,,/groceries/en-GB/products/305436300,https://digitalcontent.api.tesco.com/v2/media/ghs/d4600b28-d7d6-4bcd-8c11-00fd75057dcc/235e53f8-858d-4c3d-bf2d-0dc6faf3362f_1380588879.jpeg?h=225&w=225,
305432039,Pedigree Jumbone Chicken & Lamb Dog Chew X2 180G,https://www.tesco.com/groceries/en-GB/shop/pets/all?department=Dog%20Food%20%26%20Accessories&viewAll=department&page=,£1.30,£7.23/kg,Any 2 for £2 Clubcard Price - Selected Pedigree Or Dreamies Cat And Dog Treats 60g - 180g,,/groceries/en-GB/products/305432039,https://digitalcontent.api.tesco.com/v2/media/ghs/d0856bb7-261c-4332-b97a-f9cb965da43a/715afdc4-9708-461b-a003-d80a3274e7f9_1476219766.jpeg?h=225&w=225,
305435059,Pedigree Jumbone Dog Treat Beef & Poultry X2 180G,https://www.tesco.com/groceries/en-GB/shop/pets/all?department=Dog%20Food%20%26%20Accessories&viewAll=department&page=,£1.30,£7.23/kg,Any 2 for £2 Clubcard Price - Selected Pedigree Or Dreamies Cat And Dog Treats 60g - 180g,,/groceries/en-GB/products/305435059,https://digitalcontent.api.tesco.com/v2/media/ghs/fdd99056-65cb-4a3a-96d3-955d2b545861/0c057550-5d64-4256-8d10-c188b14ba6af_1014808717.jpeg?h=225&w=225,
291612430,Good Boy Wagtastic Chewy Chicken Strips 330G,https://www.tesco.com/groceries/en-GB/shop/pets/all?department=Dog%20Food%20%26%20Accessories&viewAll=department&page=,£7.50,£22.73/kg,,,/groceries/en-GB/products/291612430,https://digitalcontent.api.tesco.com/v2/media/ghs/a13a682f-82ca-4f3b-9a60-debe7d7f45a1/fc7c22e3-8b18-422a-85cc-8720a62729df_1969844546.jpeg?h=225&w=225,
298872830,G Boy Wagtastic Training Pad For Dogs 30'S,https://www.tesco.com/groceries/en-GB/shop/pets/all?department=Dog%20Food%20%26%20Accessories&viewAll=department&page=,£5.75,£0.19/each,,,/groceries/en-GB/products/298872830,https://digitalcontent.api.tesco.com/v2/media/ghs/81ce9ded-5d1f-4886-8fb7-1de528f76d00/8770c7ec-9316-4787-98a7-271b4b73a80a_1395548696.jpeg?h=225&w=225,
307163786,Winalot Meaty Chunks In Jelly Dog Food 40X100g,https://www.tesco.com/groceries/en-GB/shop/pets/all?department=Dog%20Food%20%26%20Accessories&viewAll=department&page=,£10.60,£2.65/kg,,,/groceries/en-GB/products/307163786,https://digitalcontent.api.tesco.com/v2/media/ghs/196ad263-ab65-4f8e-b5c4-6fd770308599/59917487-3ea4-41cd-bad6-a57d981fbba4_1695403909.jpeg?h=225&w=225,
299269777,Butchers Traditional Recipe 12X150g Foiltray,https://www.tesco.com/groceries/en-GB/shop/pets/all?department=Dog%20Food%20%26%20Accessories&viewAll=department&page=,£6.65,£3.70/kg,£5.75 Clubcard Price,,/groceries/en-GB/products/299269777,https://digitalcontent.api.tesco.com/v2/media/ghs/b2bd15a5-09e4-4100-8806-a51333bb069d/e7fde4d4-f993-480a-bee2-c3c929a863d2_2024379008.jpeg?h=225&w=225,
308091539,Cesar Classic Terrine 8X150g,https://www.tesco.com/groceries/en-GB/shop/pets/all?department=Dog%20Food%20%26%20Accessories&viewAll=department&page=,£5.50,£4.59/kg,,,/groceries/en-GB/products/308091539,https://digitalcontent.api.tesco.com/v2/media/ghs/7861ae71-5fc8-4385-8e3e-452c2fe7b55e/602a9f9f-ab2d-4453-94da-704732a357c3_1979724693.jpeg?h=225&w=225,
299271210,Butcher's Simply Gentle Dog Food Trays 12X150g,https://www.tesco.com/groceries/en-GB/shop/pets/all?department=Dog%20Food%20%26%20Accessories&viewAll=department&page=,£6.65,£3.70/kg,£5.75 Clubcard Price,,/groceries/en-GB/products/299271210,https://digitalcontent.api.tesco.com/v2/media/ghs/b8dce621-c895-4d32-ad68-0277dcbe5b4b/30aa17e3-776e-4e19-b3dc-d7e2f9baa568_685410253.jpeg?h=225&w=225,
312716039,Harringtons Adult Lamb & Rice 1.7Kg,https://www.tesco.com/groceries/en-GB/shop/pets/all?department=Dog%20Food%20%26%20Accessories&viewAll=department&page=,£4.69,£2.76/kg,,New,/groceries/en-GB/products/312716039,https://digitalcontent.api.tesco.com/v2/media/ghs/8c06007b-2687-4c0e-91e1-13f385f48826/0e292c1e-44eb-4aee-bec4-2c1118552488_1508859216.jpeg?h=225&w=225,
291210180,Felix Double Delicious Ocean Selection 12X100g,https://www.tesco.com/groceries/en-GB/shop/pets/all?department=Cat%20Food%20%26%20Accessories&viewAll=department&page=,£4.50,£3.75/kg,,,/groceries/en-GB/products/291210180,https://digitalcontent.api.tesco.com/v2/media/ghs/1177d779-abba-4c6b-9292-dd4a2eefde28/8580c4c9-09d4-45b8-bde5-8d69f445d2b4.jpeg?h=225&w=225,
264369793,Felix As Good As It Looks Cat Food Vegetable 12X100g,https://www.tesco.com/groceries/en-GB/shop/pets/all?department=Cat%20Food%20%26%20Accessories&viewAll=department&page=,£4.50,£3.75/kg,,,/groceries/en-GB/products/264369793,https://digitalcontent.api.tesco.com/v2/media/ghs/e88ba85b-4fa1-4e01-8de2-c0d7a77de0ad/04101d76-a7df-4f24-b1c9-42a7a61e3eac.jpeg?h=225&w=225,
250610878,Whiskas Cat Milk 3 Pack 3X200ml,https://www.tesco.com/groceries/en-GB/shop/pets/all?department=Cat%20Food%20%26%20Accessories&viewAll=department&page=,£3.60,£6.00/litre,,,/groceries/en-GB/products/250610878,https://digitalcontent.api.tesco.com/v2/media/ghs/8437cab7-ffb1-45a7-9af1-ac9c249afe80/6dd9d170-6ec8-4997-8ef6-03a29d8dfbb7.jpeg?h=225&w=225,
308864905,Sheba Fresh & Fine Turkey & Chicken In Jelly 6X50g,https://www.tesco.com/groceries/en-GB/shop/pets/all?department=Cat%20Food%20%26%20Accessories&viewAll=department&page=,£2.20,£7.34/kg,,,/groceries/en-GB/products/308864905,https://digitalcontent.api.tesco.com/v2/media/ghs/99305f34-4e04-462d-9c1c-4b01c78ada9f/f79a0f94-adaa-4aae-ad09-3d1c3832738d_228260517.jpeg?h=225&w=225,
273824581,Encore Cat Food Tuna & Whitebait Pouch 70G,https://www.tesco.com/groceries/en-GB/shop/pets/all?department=Cat%20Food%20%26%20Accessories&viewAll=department&page=,£1.10,£15.72/kg,,,/groceries/en-GB/products/273824581,https://digitalcontent.api.tesco.com/v2/media/ghs/cdfa1c88-ff68-4d8f-88ef-d6e26753fe5c/a270505f-6cf4-45a2-9c88-60810cb8a81e_1435945431.jpeg?h=225&w=225,
308838528,Sheba Fresh & Fine Tuna & Cod In Gravy 6X50g,https://www.tesco.com/groceries/en-GB/shop/pets/all?department=Cat%20Food%20%26%20Accessories&viewAll=department&page=,£2.20,£7.34/kg,,,/groceries/en-GB/products/308838528,https://digitalcontent.api.tesco.com/v2/media/ghs/5dda9dc6-8d6d-4431-a814-27fa00a4d238/2ada4b21-e34e-4c9d-b4ae-4deeac68833d_1656448751.jpeg?h=225&w=225,
308473325,Sheba Fresh & Fine Beef & Chicken In Gravy 6X50g,https://www.tesco.com/groceries/en-GB/shop/pets/all?department=Cat%20Food%20%26%20Accessories&viewAll=department&page=,£2.20,£7.34/kg,,,/groceries/en-GB/products/308473325,https://digitalcontent.api.tesco.com/v2/media/ghs/f9ea43b6-8960-4876-a1b4-d443658920d4/87711837-be14-4b1d-80b5-a2793cd2aba5_734864457.jpeg?h=225&w=225,
308481239,Tesco Adult Cat Pate With Turkey & Liver 100G,https://www.tesco.com/groceries/en-GB/shop/pets/all?department=Cat%20Food%20%26%20Accessories&viewAll=department&page=,£0.40,£4.00/kg,,,/groceries/en-GB/products/308481239,https://digitalcontent.api.tesco.com/v2/media/ghs/9e276ffa-4bf2-4a7b-9168-e70ab061cbb1/6cae845d-9caf-4019-8627-f778f260d9fa_1006332949.jpeg?h=225&w=225,
310683347,Sheba Cat Food Tuna Fillet Soup Pouches 4X40g,https://www.tesco.com/groceries/en-GB/shop/pets/all?department=Cat%20Food%20%26%20Accessories&viewAll=department&page=,£2.00,£12.50/kg,,,/groceries/en-GB/products/310683347,https://digitalcontent.api.tesco.com/v2/media/ghs/52770158-2741-42e1-9349-bddd2267065f/d967b29b-918b-463a-b919-5923ee16c1b5_1959262480.jpeg?h=225&w=225,
308464209,Tesco Adult Cat Pate With White Fish 100G,https://www.tesco.com/groceries/en-GB/shop/pets/all?department=Cat%20Food%20%26%20Accessories&viewAll=department&page=,,,,,/groceries/en-GB/products/308464209,https://digitalcontent.api.tesco.com/v2/media/ghs/58452b67-0f98-408b-8a09-bafbcd3e341a/bb01ad62-c95e-4d0d-aee0-13bac01abd36_1238488874.jpeg?h=225&w=225,This product's currently out of stock
291729380,Whiskas Dry Complete Chicken +7 1.9Kg,https://www.tesco.com/groceries/en-GB/shop/pets/all?department=Cat%20Food%20%26%20Accessories&viewAll=department&page=,£4.99,£2.63/kg,,,/groceries/en-GB/products/291729380,https://digitalcontent.api.tesco.com/v2/media/ghs/d33d44f4-8a60-488a-8a9d-d3e8847b0abb/b5300d5b-dd74-4c9d-b677-3645c89f9c2f_1698232934.jpeg?h=225&w=225,
310188142,Sheba Cat Food Chicken Fillet Soup Pouches 4X40g,https://www.tesco.com/groceries/en-GB/shop/pets/all?department=Cat%20Food%20%26%20Accessories&viewAll=department&page=,£2.00,£12.50/kg,,,/groceries/en-GB/products/310188142,https://digitalcontent.api.tesco.com/v2/media/ghs/845021da-663a-42ad-9405-f3ff9f316b7a/1b7d40ea-8d8e-4214-ac23-702727fd9ce4_1883773988.jpeg?h=225&w=225,
303205599,Purina Dentalife Cat Dental Chew Chicken 40G,https://www.tesco.com/groceries/en-GB/shop/pets/all?department=Cat%20Food%20%26%20Accessories&viewAll=department&page=,£1.35,£33.75/kg,£1.10 Clubcard Price,,/groceries/en-GB/products/303205599,https://digitalcontent.api.tesco.com/v2/media/ghs/2b7b7c08-51ea-4f9b-8cc0-d23537ddf7ac/0db4d4bc-7c94-42ec-b79e-c9d8eb7b8379_844564377.jpeg?h=225&w=225,
307742809,Tesco Senior Chicken & Vegetable Dry Cat Food 2Kg,https://www.tesco.com/groceries/en-GB/shop/pets/all?department=Cat%20Food%20%26%20Accessories&viewAll=department&page=,£2.50,£1.25/kg,,,/groceries/en-GB/products/307742809,https://digitalcontent.api.tesco.com/v2/media/ghs/57e21a2e-6748-440e-815d-4c405419a3fc/837ba522-993e-48c2-89f4-6612bae2ad97_774875149.jpeg?h=225&w=225,
308458367,Felix Soup Tenderstrips Fish Selection 6 X 48G,https://www.tesco.com/groceries/en-GB/shop/pets/all?department=Cat%20Food%20%26%20Accessories&viewAll=department&page=,£1.85,£6.43/kg,,,/groceries/en-GB/products/308458367,https://digitalcontent.api.tesco.com/v2/media/ghs/bb995801-1b74-4229-837f-e44da024e788/21201cad-c335-4486-8480-cf537026a915_1954942405.jpeg?h=225&w=225,
284799748,Whiskas With Chicken 825G,https://www.tesco.com/groceries/en-GB/shop/pets/all?department=Cat%20Food%20%26%20Accessories&viewAll=department&page=,£2.75,£3.34/kg,,,/groceries/en-GB/products/284799748,https://digitalcontent.api.tesco.com/v2/media/ghs/aeb105e2-77e3-471d-8474-7ce38db992f4/c3c1f43a-a2bd-44d9-8463-ad853ab54444_461156266.jpeg?h=225&w=225,
308857718,Dreamies Cat Treats With Catnip 60G,https://www.tesco.com/groceries/en-GB/shop/pets/all?department=Cat%20Food%20%26%20Accessories&viewAll=department&page=,£1.30,£21.67/kg,Any 2 for £2 Clubcard Price - Selected Pedigree Or Dreamies Cat And Dog Treats 60g - 180g,,/groceries/en-GB/products/308857718,https://digitalcontent.api.tesco.com/v2/media/ghs/ede4382a-d60c-4781-ba6b-ff982406f3af/d498dc1e-0439-45d6-8149-d671d180ad37_198246245.jpeg?h=225&w=225,
255709668,Whiskas Temptations Chicken & Cheese 60G,https://www.tesco.com/groceries/en-GB/shop/pets/all?department=Cat%20Food%20%26%20Accessories&viewAll=department&page=,£1.10,£18.34/kg,,,/groceries/en-GB/products/255709668,https://digitalcontent.api.tesco.com/v2/media/ghs/a489da8d-5a4a-450e-9389-d3da186b10a3/56d15ee4-ff4c-40de-af39-cea93c7441d5_1613423627.jpeg?h=225&w=225,
308089567,Tesco Tasty Treats Pocket Pillows With Cheese 65G,https://www.tesco.com/groceries/en-GB/shop/pets/all?department=Cat%20Food%20%26%20Accessories&viewAll=department&page=,£0.85,£13.08/kg,,,/groceries/en-GB/products/308089567,https://digitalcontent.api.tesco.com/v2/media/ghs/7038bde3-a687-4391-b455-72fcdf89305e/98674608-64eb-4529-a1f4-9de138bd0b1d_1322994795.jpeg?h=225&w=225,
308097557,Tesco Tasty Treats Pocket Pillows With Chicken 65G,https://www.tesco.com/groceries/en-GB/shop/pets/all?department=Cat%20Food%20%26%20Accessories&viewAll=department&page=,£0.85,£13.08/kg,,,/groceries/en-GB/products/308097557,https://digitalcontent.api.tesco.com/v2/media/ghs/d85d67ad-1269-4134-a71d-72805f0d4cdb/67eb95bd-00f3-4fd1-aa9e-4a26cd7da27f_1740886844.jpeg?h=225&w=225,
268175556,Gourmet Gold Duo Duck And Turkey 85G,https://www.tesco.com/groceries/en-GB/shop/pets/all?department=Cat%20Food%20%26%20Accessories&viewAll=department&page=,£0.60,£7.06/kg,,,/groceries/en-GB/products/268175556,https://digitalcontent.api.tesco.com/v2/media/ghs/514a3a16-3113-408a-9767-c6796071627c/351172ba-7c33-4d86-a4d0-26496e6819e7_530379637.jpeg?h=225&w=225,
307350518,Whiskas 7+ Cat Fish Selection In Jelly 40X100g,https://www.tesco.com/groceries/en-GB/shop/pets/all?department=Cat%20Food%20%26%20Accessories&viewAll=department&page=,£13.70,£3.43/kg,,,/groceries/en-GB/products/307350518,https://digitalcontent.api.tesco.com/v2/media/ghs/b23ec34d-6d7c-4d8c-93e1-efefe790a725/5a0f7404-2c67-4c52-9396-537a27c8b330_1258820199.jpeg?h=225&w=225,
305744730,Purina Gourmet Natures Creation Meat Recipe 8X85g,https://www.tesco.com/groceries/en-GB/shop/pets/all?department=Cat%20Food%20%26%20Accessories&viewAll=department&page=,£5.85,£8.61/kg,£4.20 Clubcard Price,,/groceries/en-GB/products/305744730,https://digitalcontent.api.tesco.com/v2/media/ghs/05c351a9-7814-4cfd-bdd4-42488d87aef8/33ff5de4-627e-4c5a-aff0-a315ea28c00c_169733883.jpeg?h=225&w=225,
301767939,Iams Adult 1+ Cat Food With Fresh Chicken 800G,https://www.tesco.com/groceries/en-GB/shop/pets/all?department=Cat%20Food%20%26%20Accessories&viewAll=department&page=,£5.10,£6.38/kg,,,/groceries/en-GB/products/301767939,,
312716039,Harringtons Adult Lamb & Rice 1.7Kg,https://www.tesco.com/groceries/en-GB/shop/pets/all?department=Dog%20Food%20%26%20Accessories&viewAll=department&page=,£4.69,£2.76/kg,,New,/groceries/en-GB/products/312716039,https://digitalcontent.api.tesco.com/v2/media/ghs/8c06007b-2687-4c0e-91e1-13f385f48826/0e292c1e-44eb-4aee-bec4-2c1118552488_1508859216.jpeg?h=225&w=225,
299153608,Wagtastic Treat Pigs Ears 4 Pieces,https://www.tesco.com/groceries/en-GB/shop/pets/all?department=Dog%20Food%20%26%20Accessories&viewAll=department&page=,£3.00,£0.75/each,,,/groceries/en-GB/products/299153608,https://digitalcontent.api.tesco.com/v2/media/ghs/631ebcb2-d11f-4881-ba0c-a8a4f806cf7a/b17b634d-80ea-455f-bd6b-234a3bc1c02e_1966044864.jpeg?h=225&w=225,
312853106,Harringtons Adult Dog Food Salmon & Sw/Pot 1Kg,https://www.tesco.com/groceries/en-GB/shop/pets/all?department=Dog%20Food%20%26%20Accessories&viewAll=department&page=,£4.30,£4.30/kg,,New,/groceries/en-GB/products/312853106,https://digitalcontent.api.tesco.com/v2/media/ghs/55cbbf42-0b34-47bf-84ad-111b5fa99106/f369690d-2258-414a-966d-cd7eac9593cc_1247517724.jpeg?h=225&w=225,
301074837,Bakers Small Dog Food Chicken & Vegetables 1.1Kg,https://www.tesco.com/groceries/en-GB/shop/pets/all?department=Dog%20Food%20%26%20Accessories&viewAll=department&page=,£3.50,£3.19/kg,,,/groceries/en-GB/products/301074837,https://digitalcontent.api.tesco.com/v2/media/ghs/ca233e44-5c99-4a71-8c72-12afdf5f18e5/b41dfb75-91a8-414f-a667-74e7179df033_1613223401.jpeg?h=225&w=225,
299153476,Wagtastic Treat Jumbo Twist Pork 70G,https://www.tesco.com/groceries/en-GB/shop/pets/all?department=Dog%20Food%20%26%20Accessories&viewAll=department&page=,£2.25,£32.15/kg,,,/groceries/en-GB/products/299153476,https://digitalcontent.api.tesco.com/v2/media/ghs/35593755-a0fc-4d19-8023-2d9eb276a100/1ae7e54e-6876-4543-9420-f37d41737e3c_846507213.jpeg?h=225&w=225,
307735162,Good Boy Wagtastic Large Chewy Braid 80G,https://www.tesco.com/groceries/en-GB/shop/pets/all?department=Dog%20Food%20%26%20Accessories&viewAll=department&page=,£2.25,£28.13/kg,,,/groceries/en-GB/products/307735162,https://digitalcontent.api.tesco.com/v2/media/ghs/59d45c10-b8c0-4a8d-abbc-0ba4c1dba50d/87c63798-f96f-49fd-a779-9943387dc823_1117756600.jpeg?h=225&w=225,
268533287,Good Boy Chewy Chicken Dumbbells 90G,https://www.tesco.com/groceries/en-GB/shop/pets/all?department=Dog%20Food%20%26%20Accessories&viewAll=department&page=,£2.25,£25.00/kg,,,/groceries/en-GB/products/268533287,https://digitalcontent.api.tesco.com/v2/media/ghs/c13acb5f-6a76-4bea-9bff-7e989033f569/112c62a8-ff8d-4734-b53f-d1ff06690808_321556357.jpeg?h=225&w=225,
305967529,Good Boy Chicken & Rice Sticks Dog Treats 70G,https://www.tesco.com/groceries/en-GB/shop/pets/all?department=Dog%20Food%20%26%20Accessories&viewAll=department&page=,£2.25,£32.15/kg,,,/groceries/en-GB/products/305967529,https://digitalcontent.api.tesco.com/v2/media/ghs/13f71fb8-3561-4a86-af66-66a3aaf9007f/20f1d0d4-ae23-4321-a54c-cf09a36805c1_1878600140.jpeg?h=225&w=225,
307747706,Good Boy Wagtastic Chewy Chicken & Carrot 70G,https://www.tesco.com/groceries/en-GB/shop/pets/all?department=Dog%20Food%20%26%20Accessories&viewAll=department&page=,£2.25,£32.15/kg,,,/groceries/en-GB/products/307747706,https://digitalcontent.api.tesco.com/v2/media/ghs/91ff0e95-82c3-4a27-9e49-323c0abb18bb/ddad64ff-8d50-4c38-8438-8251b74844e1_1571147381.jpeg?h=225&w=225,
284830147,Pedigree Pouch Real Meals In Gravy Pack 12X100g,https://www.tesco.com/groceries/en-GB/shop/pets/all?department=Dog%20Food%20%26%20Accessories&viewAll=department&page=,£4.50,£3.75/kg,,,/groceries/en-GB/products/284830147,https://digitalcontent.api.tesco.com/v2/media/ghs/2eadfcd7-34ad-4772-958f-325b296adc09/d3c4a049-abf9-47cd-b592-397066863926.jpeg?h=225&w=225,
308842822,Winalot Senior Meat Mixed Cuts In Gravy Dog Food 12X100g,https://www.tesco.com/groceries/en-GB/shop/pets/all?department=Dog%20Food%20%26%20Accessories&viewAll=department&page=,£3.65,£3.05/kg,,,/groceries/en-GB/products/308842822,https://digitalcontent.api.tesco.com/v2/media/ghs/a1a27e56-e6d8-4f1b-9a14-7e6d4b41d975/bea4df1c-21b6-4c9e-aac6-c36a6d9633fa_1443121014.jpeg?h=225&w=225,
305524081,Good Boy Wagtastic Cheesy Chicken Sticks 70G,https://www.tesco.com/groceries/en-GB/shop/pets/all?department=Dog%20Food%20%26%20Accessories&viewAll=department&page=,£2.25,£32.15/kg,,,/groceries/en-GB/products/305524081,https://digitalcontent.api.tesco.com/v2/media/ghs/b7cad5c6-5d06-4495-a2ae-31df627ccdef/723edd5b-cbda-4056-853a-b83fd3c59a4f_817780406.jpeg?h=225&w=225,
267084986,Bakers Dental Delicious Medium Chicken 200G,https://www.tesco.com/groceries/en-GB/shop/pets/all?department=Dog%20Food%20%26%20Accessories&viewAll=department&page=,£2.00,£10.00/kg,,,/groceries/en-GB/products/267084986,https://digitalcontent.api.tesco.com/v2/media/ghs/a63f93a7-1488-4f25-b2c5-e8539c943b54/b412cff3-e2cc-4cd7-a055-559e2a9e2921.jpeg?h=225&w=225,
308460922,Tesco Puppy With Chicken & Vegetables 3Kg,https://www.tesco.com/groceries/en-GB/shop/pets/all?department=Dog%20Food%20%26%20Accessories&viewAll=department&page=,£3.75,£1.25/kg,,,/groceries/en-GB/products/308460922,https://digitalcontent.api.tesco.com/v2/media/ghs/9226f575-e217-452d-9698-555e8f363e54/c909ff34-7043-40a1-9690-2979c09ce910_1273390137.jpeg?h=225&w=225,
294814359,Tesco Dog Pouch Chunks In Gravy 12 X100g,https://www.tesco.com/groceries/en-GB/shop/pets/all?department=Dog%20Food%20%26%20Accessories&viewAll=department&page=,£3.20,£2.67/kg,,,/groceries/en-GB/products/294814359,https://digitalcontent.api.tesco.com/v2/media/ghs/edea978d-4e82-4527-8aad-4583452beee8/cf7790ab-34e7-42c8-b1f0-999b47539a5f_1596060781.jpeg?h=225&w=225,
304395406,Lilys Kitchen Duck & Venison Sausages For Dogs 70G,https://www.tesco.com/groceries/en-GB/shop/pets/all?department=Dog%20Food%20%26%20Accessories&viewAll=department&page=,£3.00,£42.86/kg,£2.00 Clubcard Price,,/groceries/en-GB/products/304395406,https://digitalcontent.api.tesco.com/v2/media/ghs/82bbc9db-f46d-43d6-bd8b-fe549e5aa761/fd335d22-4107-471b-9fe5-695af3481f92_1290786536.jpeg?h=225&w=225,
308092096,Cesar Classic Terrine Chicken & Turkey Dog Food 150G,https://www.tesco.com/groceries/en-GB/shop/pets/all?department=Dog%20Food%20%26%20Accessories&viewAll=department&page=,£0.80,£5.34/kg,,,/groceries/en-GB/products/308092096,https://digitalcontent.api.tesco.com/v2/media/ghs/e1fd43ed-0d56-4fc0-92b2-3506306b25f7/a8662875-5848-4330-a748-623985e6a808_46733760.jpeg?h=225&w=225,
304390446,Lilys Kitchen Dog Treats Chicken Treats 70G,https://www.tesco.com/groceries/en-GB/shop/pets/all?department=Dog%20Food%20%26%20Accessories&viewAll=department&page=,£3.00,£42.86/kg,£2.00 Clubcard Price,,/groceries/en-GB/products/304390446,https://digitalcontent.api.tesco.com/v2/media/ghs/ebee21fe-30f9-489b-b1e8-7151bae44200/bc465a19-a211-4bfe-9e45-d90683a37a0d_115260893.jpeg?h=225&w=225,
268353275,Bakers Joint Delicious Large Chicken 240G,https://www.tesco.com/groceries/en-GB/shop/pets/all?department=Dog%20Food%20%26%20Accessories&viewAll=department&page=,£2.00,£8.34/kg,,,/groceries/en-GB/products/268353275,https://digitalcontent.api.tesco.com/v2/media/ghs/77a53e09-3cfe-41aa-bc66-40713baff9fe/2c2ab614-de6c-4bfa-86bc-0a3dee0d63bb.jpeg?h=225&w=225,
302480182,Bakers Sizzlers Dog Treats Bacon 185G,https://www.tesco.com/groceries/en-GB/shop/pets/all?department=Dog%20Food%20%26%20Accessories&viewAll=department&page=,£2.10,£11.36/kg,,,/groceries/en-GB/products/302480182,https://digitalcontent.api.tesco.com/v2/media/ghs/e926b39a-1029-4d73-bde1-45e7b35aed25/e3f97663-9f8c-4483-86c7-082d87f23a33_1881486365.jpeg?h=225&w=225,
255948029,Pedigree Markies Marrowbone Biscuits Dog Treats 500G,https://www.tesco.com/groceries/en-GB/shop/pets/all?department=Dog%20Food%20%26%20Accessories&viewAll=department&page=,£2.35,£4.70/kg,,,/groceries/en-GB/products/255948029,https://digitalcontent.api.tesco.com/v2/media/ghs/16a3873a-3db7-4a1b-a5e7-162bda22ef73/3fa54dbd-2b86-43f8-8f98-a1615c9bf422_1113370802.jpeg?h=225&w=225,
278434061,Naturo Adult Lamb & Rice With Vegetable 400G,https://www.tesco.com/groceries/en-GB/shop/pets/all?department=Dog%20Food%20%26%20Accessories&viewAll=department&page=,£1.30,£3.25/kg,,,/groceries/en-GB/products/278434061,https://digitalcontent.api.tesco.com/v2/media/ghs/5868c7e4-1baa-4c5d-96ee-ed09461a4366/888160b4-553b-4f6f-96c3-aec074a9bbfa_897813346.jpeg?h=225&w=225,
267073586,Bonio Chicken 650G,https://www.tesco.com/groceries/en-GB/shop/pets/all?department=Dog%20Food%20%26%20Accessories&viewAll=department&page=,£1.80,£2.77/kg,,,/groceries/en-GB/products/267073586,https://digitalcontent.api.tesco.com/v2/media/ghs/e4a2af6d-36ca-4b03-a9da-9e60a5ba425b/6a136d82-b74c-4a21-a317-62e3dfcdc100_465919746.jpeg?h=225&w=225,
278434084,Naturo Adult Dog Duck & Rice With Vegetable 400G,https://www.tesco.com/groceries/en-GB/shop/pets/all?department=Dog%20Food%20%26%20Accessories&viewAll=department&page=,£1.30,£3.25/kg,,,/groceries/en-GB/products/278434084,https://digitalcontent.api.tesco.com/v2/media/ghs/a165611d-4042-4556-9772-44b0ad23f154/d1dcb029-0e4d-4ee7-9052-d37e7393aa62_803461118.jpeg?h=225&w=225,
266352982,Purina One Kitten Junior Chicken & Whole Grains 800G,https://www.tesco.com/groceries/en-GB/shop/pets/all?department=Cat%20Food%20%26%20Accessories&viewAll=department&page=,£5.00,£6.25/kg,,,/groceries/en-GB/products/266352982,https://digitalcontent.api.tesco.com/v2/media/ghs/ce689d66-e674-4aca-8300-643d864b6193/e8e9793c-c9e6-4db2-862c-40b77587b9c8_1088970205.jpeg?h=225&w=225,
303227142,Purina One Senior 11+ Dry Cat Food Chicken 800G,https://www.tesco.com/groceries/en-GB/shop/pets/all?department=Cat%20Food%20%26%20Accessories&viewAll=department&page=,£5.00,£6.25/kg,,,/groceries/en-GB/products/303227142,https://digitalcontent.api.tesco.com/v2/media/ghs/ff91513b-f6f7-4444-b1cc-352d76587278/761b53ee-3f07-41bf-b866-353dfde2f50c_674083803.jpeg?h=225&w=225,
268368511,Purina One Cat Sensitive With Turkey & Rice 800G,https://www.tesco.com/groceries/en-GB/shop/pets/all?department=Cat%20Food%20%26%20Accessories&viewAll=department&page=,£5.00,£6.25/kg,,,/groceries/en-GB/products/268368511,https://digitalcontent.api.tesco.com/v2/media/ghs/16f3089b-d1e1-44e0-8599-d1c4044925f5/a5f9c1ac-0397-4cb8-abb4-d327315bfda6_74404454.jpeg?h=225&w=225,
257971700,Gourmet Perle Connoisseurs Collection 12X85g,https://www.tesco.com/groceries/en-GB/shop/pets/all?department=Cat%20Food%20%26%20Accessories&viewAll=department&page=,£5.00,£4.91/kg,,,/groceries/en-GB/products/257971700,https://digitalcontent.api.tesco.com/v2/media/ghs/c62292c9-1c9e-44c0-869f-b5cf4daa0337/snapshotimagehandler_1499493912.jpeg?h=225&w=225,
257971591,Gourmet Perle Cat Food Chefs Collection 12 X 85G,https://www.tesco.com/groceries/en-GB/shop/pets/all?department=Cat%20Food%20%26%20Accessories&viewAll=department&page=,£5.00,£4.91/kg,,,/groceries/en-GB/products/257971591,https://digitalcontent.api.tesco.com/v2/media/ghs/8c0b1491-e539-4d88-a9ef-60fcf0161b44/5c069b3f-f8ae-46c0-ae94-3ae310a25925.jpeg?h=225&w=225,
263371474,Whiskas Adult Complete Duck & Turkey 2Kg,https://www.tesco.com/groceries/en-GB/shop/pets/all?department=Cat%20Food%20%26%20Accessories&viewAll=department&page=,£4.99,£2.50/kg,,,/groceries/en-GB/products/263371474,https://digitalcontent.api.tesco.com/v2/media/ghs/0e6b6aae-3e4d-4127-a623-e936ed1506f5/4abe4814-6afd-4b29-9e23-5c04efe94950_1107239528.jpeg?h=225&w=225,
272391004,Gourmet Perle Seaside Duo 12X85g,https://www.tesco.com/groceries/en-GB/shop/pets/all?department=Cat%20Food%20%26%20Accessories&viewAll=department&page=,£5.00,£4.91/kg,,,/groceries/en-GB/products/272391004,https://digitalcontent.api.tesco.com/v2/media/ghs/0f4625a1-78f9-406b-a1dd-bf38c9948811/38bfee3a-7e01-41f0-8f51-a53baf52cfd9.jpeg?h=225&w=225,
293638834,Sheba Cat Pouch Poultry In Gravy 12X85g,https://www.tesco.com/groceries/en-GB/shop/pets/all?department=Cat%20Food%20%26%20Accessories&viewAll=department&page=,£5.00,£4.91/kg,,,/groceries/en-GB/products/293638834,https://digitalcontent.api.tesco.com/v2/media/ghs/9f8e4c99-f7f8-4e6c-9ae4-19adde69bc40/9b045ac1-8057-410d-b1d0-30a62de66fe4.jpeg?h=225&w=225,
251628864,Whiskas Cat Food Pouch 7+ Poultry In Gravy 12X100g,https://www.tesco.com/groceries/en-GB/shop/pets/all?department=Cat%20Food%20%26%20Accessories&viewAll=department&page=,£4.50,£3.75/kg,,,/groceries/en-GB/products/251628864,https://digitalcontent.api.tesco.com/v2/media/ghs/0eeb4ec0-3728-4e85-801e-b9cbb0832a45/583bd1e2-ea34-4711-9225-4686e625e1fe.jpeg?h=225&w=225,
305745412,Purina Gourmet Gold Tinned Double Delicacies 8X85g,https://www.tesco.com/groceries/en-GB/shop/pets/all?department=Cat%20Food%20%26%20Accessories&viewAll=department&page=,£4.40,£6.48/kg,,,/groceries/en-GB/products/305745412,https://digitalcontent.api.tesco.com/v2/media/ghs/c34993c9-21f3-47e8-961f-029170adce71/e300d73d-210c-4835-9a5f-3fe83fd1c2e4_591519123.jpeg?h=225&w=225,
307284677,Purina One Selective Palate Cat Meals 8X85g,https://www.tesco.com/groceries/en-GB/shop/pets/all?department=Cat%20Food%20%26%20Accessories&viewAll=department&page=,£3.55,£5.23/kg,,,/groceries/en-GB/products/307284677,https://digitalcontent.api.tesco.com/v2/media/ghs/4599c9b4-2383-4579-b05b-1929a1e50c6a/f8a130df-9410-4079-8ba9-e9b4835161bf_630511350.jpeg?h=225&w=225,
282171935,Purina One Wet Chicken Beef 8X85g,https://www.tesco.com/groceries/en-GB/shop/pets/all?department=Cat%20Food%20%26%20Accessories&viewAll=department&page=,£3.55,£5.23/kg,,,/groceries/en-GB/products/282171935,https://digitalcontent.api.tesco.com/v2/media/ghs/1ff3c108-d1b8-4a2c-ad15-042ed937dcb0/843164f6-d94a-48f2-9ff8-adb2fe21320d.jpeg?h=225&w=225,
293773022,Sheba Pouch Succulent In Gravy 12*85G,https://www.tesco.com/groceries/en-GB/shop/pets/all?department=Cat%20Food%20%26%20Accessories&viewAll=department&page=,£5.00,£4.91/kg,,,/groceries/en-GB/products/293773022,https://digitalcontent.api.tesco.com/v2/media/ghs/0968d326-a84a-4cb3-9d78-cb39feb7e6d1/0e1d65b3-e0ec-4bfc-bee9-5af512202162.jpeg?h=225&w=225,
267079463,Felix As Good As It Looks Kitten Fish 12X100g,https://www.tesco.com/groceries/en-GB/shop/pets/all?department=Cat%20Food%20%26%20Accessories&viewAll=department&page=,£4.50,£3.75/kg,,,/groceries/en-GB/products/267079463,https://digitalcontent.api.tesco.com/v2/media/ghs/c09f9638-b721-4907-9e51-eb936ded3b45/53eed5c7-0f14-4104-8b2c-930aa19d9fc4.jpeg?h=225&w=225,
256082498,Whiskas Pouch +1 Meat In Gravy 12X100g,https://www.tesco.com/groceries/en-GB/shop/pets/all?department=Cat%20Food%20%26%20Accessories&viewAll=department&page=,£4.50,£3.75/kg,,,/groceries/en-GB/products/256082498,https://digitalcontent.api.tesco.com/v2/media/ghs/9b77dd87-7ba1-4d9e-aff9-5d1be855d831/3fc77658-955e-4dfb-a07e-f24625f058de.jpeg?h=225&w=225,
305743799,Purina Felix Mixed Selection Tasty Shreds 12X80g,https://www.tesco.com/groceries/en-GB/shop/pets/all?department=Cat%20Food%20%26%20Accessories&viewAll=department&page=,£4.50,£4.69/kg,,,/groceries/en-GB/products/305743799,https://digitalcontent.api.tesco.com/v2/media/ghs/4b24477c-81ce-4b93-920b-e1da6c50f86c/7b340655-43b4-4396-976a-66904df6d1a2_348000022.jpeg?h=225&w=225,
295446021,Sheba Succulent Jelly Selection Cat Pouches 12X85g,https://www.tesco.com/groceries/en-GB/shop/pets/all?department=Cat%20Food%20%26%20Accessories&viewAll=department&page=,£5.00,£4.91/kg,,,/groceries/en-GB/products/295446021,https://digitalcontent.api.tesco.com/v2/media/ghs/4176ef69-14ab-49aa-8e60-2d8572404bda/f68b15a4-104a-4b9b-99d3-307b70834dcf.jpeg?h=225&w=225,
282154182,Purina One Wet Meat Chicken Beef 8X85g,https://www.tesco.com/groceries/en-GB/shop/pets/all?department=Cat%20Food%20%26%20Accessories&viewAll=department&page=,£3.55,£5.23/kg,,,/groceries/en-GB/products/282154182,https://digitalcontent.api.tesco.com/v2/media/ghs/3344c2e4-ee9e-4faa-ad86-409d66de2c4d/efbf1daa-fd50-4a0a-98d7-c74c7980f9e6.jpeg?h=225&w=225,
264234394,Whiskas Pouches Meat Selection In Jelly 12X100g,https://www.tesco.com/groceries/en-GB/shop/pets/all?department=Cat%20Food%20%26%20Accessories&viewAll=department&page=,£4.50,£3.75/kg,,,/groceries/en-GB/products/264234394,https://digitalcontent.api.tesco.com/v2/media/ghs/d9b1f141-5a2f-4ce5-b5bd-54d8308d1176/76e47b57-626a-4125-9073-3692b3757db3.jpeg?h=225&w=225,
308869382,Gourmet Revelations Salmon Cat Food 4 X 57G,https://www.tesco.com/groceries/en-GB/shop/pets/all?department=Cat%20Food%20%26%20Accessories&viewAll=department&page=,£2.95,£12.94/kg,£2.10 Clubcard Price,,/groceries/en-GB/products/308869382,https://digitalcontent.api.tesco.com/v2/media/ghs/68d48d18-47b0-4002-a2fa-85aa7e8e6ca4/90d710c7-352d-4941-8927-430687e47e38_1584911052.jpeg?h=225&w=225,
310180409,Gourmet Revelations Tuna Cat Food 4 X 57G,https://www.tesco.com/groceries/en-GB/shop/pets/all?department=Cat%20Food%20%26%20Accessories&viewAll=department&page=,£2.95,£12.94/kg,£2.10 Clubcard Price,,/groceries/en-GB/products/310180409,https://digitalcontent.api.tesco.com/v2/media/ghs/e9115129-d5d6-438a-91c4-0469c2426b0d/1a861925-7d0c-461f-8aaf-c8fb962e933b_781441691.jpeg?h=225&w=225,
255758628,Felix Pouches Poultry Selection In Jelly 12 X 100G,https://www.tesco.com/groceries/en-GB/shop/pets/all?department=Cat%20Food%20%26%20Accessories&viewAll=department&page=,£3.85,£3.21/kg,,,/groceries/en-GB/products/255758628,https://digitalcontent.api.tesco.com/v2/media/ghs/dc9421cd-ca7a-4db7-88d8-f2eb6001727f/c78da8a3-e8bd-4608-a9ea-ab4737e638d4.jpeg?h=225&w=225,
309171099,Sheba Fresh & Fine Salmon & Tuna In Gravy 6X50g,https://www.tesco.com/groceries/en-GB/shop/pets/all?department=Cat%20Food%20%26%20Accessories&viewAll=department&page=,£2.20,£7.34/kg,,,/groceries/en-GB/products/309171099,https://digitalcontent.api.tesco.com/v2/media/ghs/e3f1c79a-b549-4b60-982e-b1d35da24a88/79fbc100-5742-40bc-b9d4-32d5699e1573_1121972820.jpeg?h=225&w=225,
307599989,Felix Crispies Cat Treats Beef & Chicken 180G,https://www.tesco.com/groceries/en-GB/shop/pets/all?department=Cat%20Food%20%26%20Accessories&viewAll=department&page=,£2.75,£15.28/kg,,,/groceries/en-GB/products/307599989,https://digitalcontent.api.tesco.com/v2/media/ghs/55eaa195-3f80-4ec1-b74f-580a4c95bd9e/30676933-5bcb-4ae1-a6a7-f212207cef33_1777037550.jpeg?h=225&w=225,
273888320,Pedigree Denta Tubo Puppy Dog Treat 3 Stick 72G,https://www.tesco.com/groceries/en-GB/shop/pets/all?department=Dog%20Food%20%26%20Accessories&viewAll=department&page=,£1.30,£18.06/kg,,,/groceries/en-GB/products/273888320,https://digitalcontent.api.tesco.com/v2/media/ghs/4af7ea92-87ae-419d-a85b-ef5b266a017d/13399261-1921-4fe2-8cf7-35afd99b69fa.jpeg?h=225&w=225,
310116355,Harringtons Turkey & Vegetables Tinned Dog Food 400G,https://www.tesco.com/groceries/en-GB/shop/pets/all?department=Dog%20Food%20%26%20Accessories&viewAll=department&page=,£1.50,£3.75/kg,,,/groceries/en-GB/products/310116355,https://digitalcontent.api.tesco.com/v2/media/ghs/8b75aa03-a8ed-4e78-9b76-90f95d18a48c/e46a5b7d-2ed1-4ad2-bfd1-1b172bc042ce_996735337.jpeg?h=225&w=225,
310098542,Harringtons Chicken & Vegetables Tinned Dog Food 400G,https://www.tesco.com/groceries/en-GB/shop/pets/all?department=Dog%20Food%20%26%20Accessories&viewAll=department&page=,£1.50,£3.75/kg,,,/groceries/en-GB/products/310098542,https://digitalcontent.api.tesco.com/v2/media/ghs/eeb12261-db2f-4285-b314-3da5d964b450/e7c5f62b-8254-43b0-986c-88c943154a1e_555684687.jpeg?h=225&w=225,
299226333,Harringtons Grain Free Chicken & Vegetable Adult Dog 400G,https://www.tesco.com/groceries/en-GB/shop/pets/all?department=Dog%20Food%20%26%20Accessories&viewAll=department&page=,£1.50,£3.75/kg,,,/groceries/en-GB/products/299226333,https://digitalcontent.api.tesco.com/v2/media/ghs/01653e2c-9327-41dc-89dd-64796f5496e0/4752dcbd-96db-4557-a71f-80fc3674080f_39354449.jpeg?h=225&w=225,
305041778,Tesco Training Treats Chicken 160G,https://www.tesco.com/groceries/en-GB/shop/pets/all?department=Dog%20Food%20%26%20Accessories&viewAll=department&page=,£1.05,£6.57/kg,,,/groceries/en-GB/products/305041778,https://digitalcontent.api.tesco.com/v2/media/ghs/e2fcfef0-e727-40dc-ba15-10229781ef07/80d93185-80f5-4bf1-af5c-65a573c35a5f_179684114.jpeg?h=225&w=225,
309164148,Pedigree Medium 5 Dentastix Dog Treats 128G,https://www.tesco.com/groceries/en-GB/shop/pets/all?department=Dog%20Food%20%26%20Accessories&viewAll=department&page=,£1.30,£10.16/kg,,,/groceries/en-GB/products/309164148,https://digitalcontent.api.tesco.com/v2/media/ghs/3818b40d-0891-418a-864a-7a7f96dbda3e/2b6b4609-d9f4-4938-8642-79a25a255d3b_1963184104.jpeg?h=225&w=225,
308470392,Tesco Adult Dog Chunks In Jelly Chicken 1.2Kg,https://www.tesco.com/groceries/en-GB/shop/pets/all?department=Dog%20Food%20%26%20Accessories&viewAll=department&page=,£1.75,£1.46/kg,,,/groceries/en-GB/products/308470392,https://digitalcontent.api.tesco.com/v2/media/ghs/7597e934-c828-4ce8-9c3c-0be19e34866e/78d64631-e85a-4ce9-aa83-a0cd86546aa3_1734253897.jpeg?h=225&w=225,
253225519,Pedigree Small Dog Dentastix Treat 7 Sticks 110G,https://www.tesco.com/groceries/en-GB/shop/pets/all?department=Dog%20Food%20%26%20Accessories&viewAll=department&page=,£1.30,£11.82/kg,,,/groceries/en-GB/products/253225519,https://digitalcontent.api.tesco.com/v2/media/ghs/5f928377-09e6-4b1e-930e-8fc9e4ec4d76/75bb0e7c-2a0d-42a7-b064-194808576581_1684584686.jpeg?h=225&w=225,
312221123,Nature's Choice Chicken With Vegetable Dog Food 390G,https://www.tesco.com/groceries/en-GB/shop/pets/all?department=Dog%20Food%20%26%20Accessories&viewAll=department&page=,£0.90,£2.31/kg,,,/groceries/en-GB/products/312221123,https://digitalcontent.api.tesco.com/v2/media/ghs/77910bb4-6233-4f52-8a86-69ab782be817/ac93f41c-e78c-4f97-8ebe-41ce6c281959_186258630.jpeg?h=225&w=225,
284775990,Pedigree Chewy Tasty Minis Dog Treats 155G,https://www.tesco.com/groceries/en-GB/shop/pets/all?department=Dog%20Food%20%26%20Accessories&viewAll=department&page=,£1.30,£8.39/kg,Any 2 for £2 Clubcard Price - Selected Pedigree Or Dreamies Cat And Dog Treats 60g - 180g,,/groceries/en-GB/products/284775990,https://digitalcontent.api.tesco.com/v2/media/ghs/4db41b4f-9230-437a-859f-819c7022394b/3c5b3094-921d-4aca-905b-f26168cd527c_1943565796.jpeg?h=225&w=225,
295226921,Pedigree Puppy Tasty Bites Chicken 125G,https://www.tesco.com/groceries/en-GB/shop/pets/all?department=Dog%20Food%20%26%20Accessories&viewAll=department&page=,£1.30,£10.40/kg,Any 2 for £2 Clubcard Price - Selected Pedigree Or Dreamies Cat And Dog Treats 60g - 180g,,/groceries/en-GB/products/295226921,https://digitalcontent.api.tesco.com/v2/media/ghs/229da4aa-4c0b-47de-a67a-d80d89b88448/9461de4c-5fc1-4817-8d06-b08cfc995ede_703727187.jpeg?h=225&w=225,
305429764,Pedigree Rodeo Dog Treats Beef 7 Sticks 123G,https://www.tesco.com/groceries/en-GB/shop/pets/all?department=Dog%20Food%20%26%20Accessories&viewAll=department&page=,£1.30,£10.57/kg,Any 2 for £2 Clubcard Price - Selected Pedigree Or Dreamies Cat And Dog Treats 60g - 180g,,/groceries/en-GB/products/305429764,https://digitalcontent.api.tesco.com/v2/media/ghs/4c191c89-48c1-4d72-86c5-4bf9bdfb54af/6c101966-9b63-4976-8c59-8256608b8b77_516316926.jpeg?h=225&w=225,
311794315,Wagg Active Goodness Chicken Dog Food 12Kg,https://www.tesco.com/groceries/en-GB/shop/pets/all?department=Dog%20Food%20%26%20Accessories&viewAll=department&page=,£10.00,£0.83/kg,,,/groceries/en-GB/products/311794315,https://digitalcontent.api.tesco.com/v2/media/ghs/2095f282-4cf5-45d9-b71e-4b68c54ef3e5/4c0a7577-3df7-4337-b855-70c7ef9673a2_1065331812.jpeg?h=225&w=225,
311797168,Wagg Adult Complete Meaty Goodness Beef Dinner 12Kg,https://www.tesco.com/groceries/en-GB/shop/pets/all?department=Dog%20Food%20%26%20Accessories&viewAll=department&page=,£12.50,£1.05/kg,,,/groceries/en-GB/products/311797168,https://digitalcontent.api.tesco.com/v2/media/ghs/d6e64feb-b2ce-44a1-98c0-6f0f5ff73b68/867e4e37-2a37-422a-bf53-8517527ea995_1791849122.jpeg?h=225&w=225,
255086311,Hi Life Feed Me With Turkey & Chicken 2Kg,https://www.tesco.com/groceries/en-GB/shop/pets/all?department=Dog%20Food%20%26%20Accessories&viewAll=department&page=,£5.90,£2.95/kg,,,/groceries/en-GB/products/255086311,https://digitalcontent.api.tesco.com/v2/media/ghs/2e2a7e8c-9351-4960-aefc-49c5af0e83c8/74005169-2f44-496b-95be-e751575cc34b_1189763480.jpeg?h=225&w=225,
301184724,Butchers Lean & Tasty 12X150g Foiltray,https://www.tesco.com/groceries/en-GB/shop/pets/all?department=Dog%20Food%20%26%20Accessories&viewAll=department&page=,£6.65,£3.70/kg,£5.75 Clubcard Price,,/groceries/en-GB/products/301184724,https://digitalcontent.api.tesco.com/v2/media/ghs/c261fe7c-fc9b-4c7a-8e6f-0499dcccc488/3d205fa1-6a96-4dc0-8a53-2f641f155ac3_1103296386.jpeg?h=225&w=225,
299269731,Butchers Succulent 12X150g Foiltray,https://www.tesco.com/groceries/en-GB/shop/pets/all?department=Dog%20Food%20%26%20Accessories&viewAll=department&page=,£6.65,£3.70/kg,£5.75 Clubcard Price,,/groceries/en-GB/products/299269731,https://digitalcontent.api.tesco.com/v2/media/ghs/ca88e9ae-52da-4a6e-bef1-0ab56ba38e1e/8368f1a3-08e9-4614-a4c2-7121924a627b_426467963.jpeg?h=225&w=225,
278701684,Tesco Dry Food Mixer Adult Dog 4Kg,https://www.tesco.com/groceries/en-GB/shop/pets/all?department=Dog%20Food%20%26%20Accessories&viewAll=department&page=,£5.05,£1.27/kg,,,/groceries/en-GB/products/278701684,https://digitalcontent.api.tesco.com/v2/media/ghs/d1408eb8-7ccf-4be7-869c-db8b8c34032b/cc89da7f-12df-4258-8df6-29f1253c1675_952653965.jpeg?h=225&w=225,
251280058,Pedigree Adult Cuts In Gravy Multi Pack 6 X 400G,https://www.tesco.com/groceries/en-GB/shop/pets/all?department=Dog%20Food%20%26%20Accessories&viewAll=department&page=,£5.50,£2.30/kg,,,/groceries/en-GB/products/251280058,https://digitalcontent.api.tesco.com/v2/media/ghs/0fa25f14-93b6-424b-bf47-9ae38d856087/1713b709-fb76-45a4-921b-4058001568a0.jpeg?h=225&w=225,
291596465,Good Boy Chicken Wagtastic 4 Small Chewy Braids 55G,https://www.tesco.com/groceries/en-GB/shop/pets/all?department=Dog%20Food%20%26%20Accessories&viewAll=department&page=,£2.25,£40.91/kg,,,/groceries/en-GB/products/291596465,https://digitalcontent.api.tesco.com/v2/media/ghs/83d00811-64e6-487d-9120-69ca4fd59864/2e743c9b-d50f-4b40-be2f-a0f5fe8bf2e4_1867087234.jpeg?h=225&w=225,
262974690,Pedigree Can Meaty Meals In Jelly 6 X 400G,https://www.tesco.com/groceries/en-GB/shop/pets/all?department=Dog%20Food%20%26%20Accessories&viewAll=department&page=,£5.50,£2.30/kg,,,/groceries/en-GB/products/262974690,https://digitalcontent.api.tesco.com/v2/media/ghs/50216d51-d90f-4d71-87f6-3542305c09e4/d9468718-c26b-41dd-88b0-6a3f8bbb1d2a.jpeg?h=225&w=225,
312843487,Harringtons Grain Free Adult Dog Food Chicken & Sw/Pot 1Kg,https://www.tesco.com/groceries/en-GB/shop/pets/all?department=Dog%20Food%20%26%20Accessories&viewAll=department&page=,£5.00,£5.00/kg,,New,/groceries/en-GB/products/312843487,https://digitalcontent.api.tesco.com/v2/media/ghs/60e179dd-1197-45b7-a48d-a5817e30fb2a/b4006e17-ae52-43fd-aa50-07103cfd2517_1049350406.jpeg?h=225&w=225,
312721931,Harringtons Puppy Turkey & Rice 1.7Kg,https://www.tesco.com/groceries/en-GB/shop/pets/all?department=Dog%20Food%20%26%20Accessories&viewAll=department&page=,£4.99,£2.94/kg,,New,/groceries/en-GB/products/312721931,https://digitalcontent.api.tesco.com/v2/media/ghs/b0f7d8c5-5496-4d5d-81ab-7fb50dff68c2/778f585b-621f-456f-888a-319383b90478_113879292.jpeg?h=225&w=225,
312565021,Harringtons Senior Chicken & Rice 1.7Kg,https://www.tesco.com/groceries/en-GB/shop/pets/all?department=Dog%20Food%20%26%20Accessories&viewAll=department&page=,£4.99,£2.94/kg,,New,/groceries/en-GB/products/312565021,https://digitalcontent.api.tesco.com/v2/media/ghs/864e9775-1649-48a5-b49a-b86223d40f99/78dae093-2895-4e59-8508-13e02f84a53f_2146027411.jpeg?h=225&w=225,
309184585,Meowee 100% Chicken Breast Meat Cat Treats 10G,https://www.tesco.com/groceries/en-GB/shop/pets/all?department=Cat%20Food%20%26%20Accessories&viewAll=department&page=,£1.25,£125.00/kg,,,/groceries/en-GB/products/309184585,https://digitalcontent.api.tesco.com/v2/media/ghs/da52bca0-ca43-4922-9a23-100f5eacf9d8/7a4e3100-055c-4d22-a142-b5eed4b35d0d_607011361.jpeg?h=225&w=225,
303205617,Purina Dentalife Cat Dental Chew Salmon 40G,https://www.tesco.com/groceries/en-GB/shop/pets/all?department=Cat%20Food%20%26%20Accessories&viewAll=department&page=,£1.35,£33.75/kg,£1.10 Clubcard Price,,/groceries/en-GB/products/303205617,https://digitalcontent.api.tesco.com/v2/media/ghs/37d6fa7a-1970-4e17-88b9-abf8db653162/3235870e-5a10-49b4-b83c-2accff216725_270303983.jpeg?h=225&w=225,
284799852,Whiskas Complete Senior With Chicken 825G,https://www.tesco.com/groceries/en-GB/shop/pets/all?department=Cat%20Food%20%26%20Accessories&viewAll=department&page=,£2.75,£3.34/kg,,,/groceries/en-GB/products/284799852,https://digitalcontent.api.tesco.com/v2/media/ghs/bea73f5e-335a-4d28-b12c-6497e9c90652/86dc8d04-5336-40fd-83a2-07eed0b3313b_1602687598.jpeg?h=225&w=225,
255740073,Whiskas Crunch 100G,https://www.tesco.com/groceries/en-GB/shop/pets/all?department=Cat%20Food%20%26%20Accessories&viewAll=department&page=,£1.10,£11.00/kg,,,/groceries/en-GB/products/255740073,https://digitalcontent.api.tesco.com/v2/media/ghs/039fae29-5ec9-4bdf-acb8-9360b2ce46ec/808ee374-f899-4039-89df-7d522a5072c1_1105867322.jpeg?h=225&w=225,
284777613,Whiskas Dentabites Chicken 50G,https://www.tesco.com/groceries/en-GB/shop/pets/all?department=Cat%20Food%20%26%20Accessories&viewAll=department&page=,£1.10,£22.00/kg,,,/groceries/en-GB/products/284777613,https://digitalcontent.api.tesco.com/v2/media/ghs/bd34ac63-4729-4961-a2bb-da569b027a0c/0048bff3-37e5-47cf-b927-da5cdbb71a01_1777098142.jpeg?h=225&w=225,
273824724,Encore Cat Food Chicken & Rice Pouch 70G,https://www.tesco.com/groceries/en-GB/shop/pets/all?department=Cat%20Food%20%26%20Accessories&viewAll=department&page=,£1.10,£15.72/kg,,,/groceries/en-GB/products/273824724,https://digitalcontent.api.tesco.com/v2/media/ghs/917c1389-b70f-4e8c-85bc-cb769eb3f5d9/46ebad8e-d986-4233-ac34-0b88665c7487_1297139730.jpeg?h=225&w=225,
298437217,Gourmet Gold Melting Heart Salmon Cat 85G,https://www.tesco.com/groceries/en-GB/shop/pets/all?department=Cat%20Food%20%26%20Accessories&viewAll=department&page=,£0.60,£7.06/kg,,,/groceries/en-GB/products/298437217,https://digitalcontent.api.tesco.com/v2/media/ghs/71fed361-bccb-4c41-abfa-6e0369fb9996/ecbc9c4b-3089-43a6-92ec-bebc93af0989_800886237.jpeg?h=225&w=225,
257974173,Purina One Cat Adult Salmon & Whole Grain 3Kg,https://www.tesco.com/groceries/en-GB/shop/pets/all?department=Cat%20Food%20%26%20Accessories&viewAll=department&page=,£16.80,£5.60/kg,£13.50 Clubcard Price,,/groceries/en-GB/products/257974173,https://digitalcontent.api.tesco.com/v2/media/ghs/9c29a67d-6508-4fd8-8c53-07ac808c258a/cad59a0a-afe0-4b8f-b7d2-e77e36abd2fd_737999261.jpeg?h=225&w=225,
257973082,Purina One Cat Adult Chicken & Whole Grains 3Kg,https://www.tesco.com/groceries/en-GB/shop/pets/all?department=Cat%20Food%20%26%20Accessories&viewAll=department&page=,£16.80,£5.60/kg,£13.50 Clubcard Price,,/groceries/en-GB/products/257973082,https://digitalcontent.api.tesco.com/v2/media/ghs/610710cc-94e4-4916-802d-dea40a2304c8/d6b74ab9-af9b-45bd-af51-8a8cc7192721_115624246.jpeg?h=225&w=225,
291612401,Purina One Sensitive Turkey & Rice 3Kg,https://www.tesco.com/groceries/en-GB/shop/pets/all?department=Cat%20Food%20%26%20Accessories&viewAll=department&page=,£16.80,£5.60/kg,£13.50 Clubcard Price,,/groceries/en-GB/products/291612401,https://digitalcontent.api.tesco.com/v2/media/ghs/e64bf8cf-23f5-4cfe-a37b-76b3072a004d/f3642c0c-5008-4c0f-876a-7f5d2190e38a_384573979.jpeg?h=225&w=225,
304789937,Sheba Select Slices Poultry Selection In Gravy 40X85g,https://www.tesco.com/groceries/en-GB/shop/pets/all?department=Cat%20Food%20%26%20Accessories&viewAll=department&page=,£15.50,£4.56/kg,,,/groceries/en-GB/products/304789937,https://digitalcontent.api.tesco.com/v2/media/ghs/ef4d08bc-efc0-42fd-8556-a1b495fc04f8/afd29ea5-3da6-4a41-858b-02ee12b3504e_761755280.jpeg?h=225&w=225,
297646858,Sheba Pouch Poultry Chicken In Jelly 40 Pack X 85G,https://www.tesco.com/groceries/en-GB/shop/pets/all?department=Cat%20Food%20%26%20Accessories&viewAll=department&page=,£15.50,£4.56/kg,,,/groceries/en-GB/products/297646858,https://digitalcontent.api.tesco.com/v2/media/ghs/628a6932-9404-480b-bd85-cbcd27f773bb/f2f7df90-6749-4b39-9911-251fbe9bc5ac_2131460909.jpeg?h=225&w=225,
295647307,Encore Cat Food Fish Selection Tins 12X70g,https://www.tesco.com/groceries/en-GB/shop/pets/all?department=Cat%20Food%20%26%20Accessories&viewAll=department&page=,£12.00,£14.29/kg,,,/groceries/en-GB/products/295647307,https://digitalcontent.api.tesco.com/v2/media/ghs/afc8e7af-8e8e-402a-bb08-d0fc036b9b1a/fe3d5420-1d3b-4daa-b2e7-cf7e0b1a2756_1603484757.jpeg?h=225&w=225,
301743530,Iams Cat Food Senior 7+ With Fresh Chicken 2Kg,https://www.tesco.com/groceries/en-GB/shop/pets/all?department=Cat%20Food%20%26%20Accessories&viewAll=department&page=,£10.50,£5.25/kg,,,/groceries/en-GB/products/301743530,https://digitalcontent.api.tesco.com/v2/media/ghs/1cf9138f-89b7-44ba-a0f3-d3cfd46d5a7a/cfe73254-5019-4e8f-baa1-ad5fdd9675dd_1224087340.jpeg?h=225&w=225,
301767951,Iams Adult 1+ Cat Food With Fresh Chicken 2Kg,https://www.tesco.com/groceries/en-GB/shop/pets/all?department=Cat%20Food%20%26%20Accessories&viewAll=department&page=,£10.50,£5.25/kg,,,/groceries/en-GB/products/301767951,https://digitalcontent.api.tesco.com/v2/media/ghs/1c92a863-d789-4d5c-a6c8-b8b3714483a1/735ba886-303e-4e36-bfbd-ecd7cb273028_1923926125.jpeg?h=225&w=225,
308469383,Tesco Adult Cat Fish In Jelly Selection 48X100g,https://www.tesco.com/groceries/en-GB/shop/pets/all?department=Cat%20Food%20%26%20Accessories&viewAll=department&page=,,,,,/groceries/en-GB/products/308469383,https://digitalcontent.api.tesco.com/v2/media/ghs/a5e82860-2937-4b5e-aebf-f93b67b2e6b3/23bbde3d-38a1-40d9-9042-ff8b32d94840_434446984.jpeg?h=225&w=225,This product's currently out of stock
305744619,Gourmet Natures Creation Fish Recipe 8X85g,https://www.tesco.com/groceries/en-GB/shop/pets/all?department=Cat%20Food%20%26%20Accessories&viewAll=department&page=,£5.85,£8.61/kg,£4.20 Clubcard Price,,/groceries/en-GB/products/305744619,https://digitalcontent.api.tesco.com/v2/media/ghs/0c2811f7-c44d-4a46-9d87-1494815ceed3/d4186bb8-737f-4492-8ebd-7956387d84dd_1060733176.jpeg?h=225&w=225,
301743490,Iams Cat Food Senior With Chicken 800G,https://www.tesco.com/groceries/en-GB/shop/pets/all?department=Cat%20Food%20%26%20Accessories&viewAll=department&page=,£5.10,£6.38/kg,,,/groceries/en-GB/products/301743490,https://digitalcontent.api.tesco.com/v2/media/ghs/aea9d000-2955-4e4b-b1a8-6022ebb16756/30f7c8c4-cb2b-4399-ab9a-59a134db06f3_1766103349.jpeg?h=225&w=225,
266166046,Purina One Cat Indoor Formula Turkey W/Grain800g,https://www.tesco.com/groceries/en-GB/shop/pets/all?department=Cat%20Food%20%26%20Accessories&viewAll=department&page=,£5.00,£6.25/kg,,,/groceries/en-GB/products/266166046,https://digitalcontent.api.tesco.com/v2/media/ghs/28f8ab8d-0885-41bc-873d-926c2b6f38af/6a8b0797-b600-429e-9d48-2c3a6dbf40fb_2033588869.jpeg?h=225&w=225,
271668745,Purina One Cat Senior Chicken & Whole Grains 800G,https://www.tesco.com/groceries/en-GB/shop/pets/all?department=Cat%20Food%20%26%20Accessories&viewAll=department&page=,£5.00,£6.25/kg,,,/groceries/en-GB/products/271668745,https://digitalcontent.api.tesco.com/v2/media/ghs/d00b9724-0e28-4dd2-aeb3-5869048c39b3/accaf69a-0d8b-4f2c-bfce-d0f6595cb05b_1013753233.jpeg?h=225&w=225,
268368350,Purina One Cat Light 800G,https://www.tesco.com/groceries/en-GB/shop/pets/all?department=Cat%20Food%20%26%20Accessories&viewAll=department&page=,£5.00,£6.25/kg,,,/groceries/en-GB/products/268368350,https://digitalcontent.api.tesco.com/v2/media/ghs/cfb50fe1-8d13-435a-8f8b-a68eeff06a6e/88017df2-0656-44f1-9473-fdd13e86c75f_968797894.jpeg?h=225&w=225,
305743973,Purina Dentalife Daily Oral Care Chicken 140G,https://www.tesco.com/groceries/en-GB/shop/pets/all?department=Cat%20Food%20%26%20Accessories&viewAll=department&page=,£3.80,£27.15/kg,,,/groceries/en-GB/products/305743973,https://digitalcontent.api.tesco.com/v2/media/ghs/5d4d9706-bc17-4074-82a4-6c5b09f98769/3ac1dc50-2d81-4d1e-a664-30643fd4a790_515737050.jpeg?h=225&w=225,
295196022,Iams Delights Land & Sea Jelly Pouches 12X85g,https://www.tesco.com/groceries/en-GB/shop/pets/all?department=Cat%20Food%20%26%20Accessories&viewAll=department&page=,£5.35,£5.25/kg,,,/groceries/en-GB/products/295196022,https://digitalcontent.api.tesco.com/v2/media/ghs/5adaca5e-7695-4907-90c4-020983d8bb68/7b8550ae-e865-4d91-a034-ef0647abf775_19502077.jpeg?h=225&w=225,
291051603,Encore In Jelly Fish Selection 5 X 50G,https://www.tesco.com/groceries/en-GB/shop/pets/all?department=Cat%20Food%20%26%20Accessories&viewAll=department&page=,£4.40,£17.60/kg,,,/groceries/en-GB/products/291051603,,
308079251,Tesco Adult Dog 12 Pate Selection Chicken Turkey Liver 1.8Kg,https://www.tesco.com/groceries/en-GB/shop/pets/all?department=Dog%20Food%20%26%20Accessories&viewAll=department&page=,£5.00,£2.78/kg,,,/groceries/en-GB/products/308079251,https://digitalcontent.api.tesco.com/v2/media/ghs/49dfdf1b-2c96-4c89-8769-3c5cc38c095d/05977de3-4e6b-4f7a-9011-e9616a1e30f1_1436965636.jpeg?h=225&w=225,
308463251,Tesco Puppy Select 6X400g Cans,https://www.tesco.com/groceries/en-GB/shop/pets/all?department=Dog%20Food%20%26%20Accessories&viewAll=department&page=,£4.40,£1.84/kg,,,/groceries/en-GB/products/308463251,https://digitalcontent.api.tesco.com/v2/media/ghs/cea71595-fe92-4dbf-b9ff-c23fb2f5ca0b/60f3696d-79fd-4bbc-99ef-0a70d403bf7b_1572081639.jpeg?h=225&w=225,
308095346,Cesar Country Stew Dog Food Assorted 8 X 150G,https://www.tesco.com/groceries/en-GB/shop/pets/all?department=Dog%20Food%20%26%20Accessories&viewAll=department&page=,£5.50,£4.59/kg,,,/groceries/en-GB/products/308095346,https://digitalcontent.api.tesco.com/v2/media/ghs/f9cad68b-fb56-4340-a687-addd169c25d3/e6b598bd-e2e2-4770-ad78-99c8338a5f94_1801049882.jpeg?h=225&w=225,
291597118,Good Boy Wagtastic Chewy Duck Fillets 70G,https://www.tesco.com/groceries/en-GB/shop/pets/all?department=Dog%20Food%20%26%20Accessories&viewAll=department&page=,£2.25,£32.15/kg,,,/groceries/en-GB/products/291597118,https://digitalcontent.api.tesco.com/v2/media/ghs/c71e3fe4-5392-42b9-be61-491781e5ece8/6cac411e-a740-4c8d-ab04-6964a9fcf2b8_1344160379.jpeg?h=225&w=225,
268532674,Good Boy Meat Treat Beef Jerky 80G,https://www.tesco.com/groceries/en-GB/shop/pets/all?department=Dog%20Food%20%26%20Accessories&viewAll=department&page=,£2.25,£28.13/kg,,,/groceries/en-GB/products/268532674,https://digitalcontent.api.tesco.com/v2/media/ghs/e93eb691-6a47-4808-bed5-29cd28c19eb7/8d17ae52-903f-48bd-8e1d-8631b5bfe9b4_173163362.jpeg?h=225&w=225,
302038972,Butchers Tripe Grain Free Dog Food 2400G,https://www.tesco.com/groceries/en-GB/shop/pets/all?department=Dog%20Food%20%26%20Accessories&viewAll=department&page=,£5.10,£2.13/kg,,,/groceries/en-GB/products/302038972,https://digitalcontent.api.tesco.com/v2/media/ghs/33571391-9560-4521-bf2d-e6314248fa2f/a59d74a8-ac97-4b7e-b398-15b862c86163_1242046010.jpeg?h=225&w=225,
288747021,Good Boy Wagtastic Chic Bones 90G,https://www.tesco.com/groceries/en-GB/shop/pets/all?department=Dog%20Food%20%26%20Accessories&viewAll=department&page=,£2.25,£25.00/kg,,,/groceries/en-GB/products/288747021,https://digitalcontent.api.tesco.com/v2/media/ghs/9e133b83-4116-4883-bc51-4b1b074def03/cb1d3096-d528-4c30-8a24-45ed0837c86e_841948858.jpeg?h=225&w=225,
251280012,Pedigree Adult Cuts In Jelly Multi Pack 6 X 385G,https://www.tesco.com/groceries/en-GB/shop/pets/all?department=Dog%20Food%20%26%20Accessories&viewAll=department&page=,£5.50,£2.39/kg,,,/groceries/en-GB/products/251280012,https://digitalcontent.api.tesco.com/v2/media/ghs/11c95319-b3dc-478f-8f3e-c7face706172/e4a76f33-db52-43e2-a4c0-c34c6356fd08_1731663764.jpeg?h=225&w=225,
291623601,Good Boy Wagtastic Premium Jumbo Knotted Bone,https://www.tesco.com/groceries/en-GB/shop/pets/all?department=Dog%20Food%20%26%20Accessories&viewAll=department&page=,£2.50,£2.50/each,,,/groceries/en-GB/products/291623601,https://digitalcontent.api.tesco.com/v2/media/ghs/fa54a4fd-8c1f-46be-8376-385b668da5c1/f58a677d-eb62-41a7-a85e-3c573e7f010a_1902161783.jpeg?h=225&w=225,
301744477,Iams Dog Food Small & Medium Adult With Chicken 800G,https://www.tesco.com/groceries/en-GB/shop/pets/all?department=Dog%20Food%20%26%20Accessories&viewAll=department&page=,£3.50,£4.38/kg,,,/groceries/en-GB/products/301744477,https://digitalcontent.api.tesco.com/v2/media/ghs/5655f0cc-7110-4a40-928c-fbe5e89381b8/295d14b0-7761-4fa3-98e4-422f0599529c_326432919.jpeg?h=225&w=225,
284830084,Pedigree Pouch Favourites In Jelly 12X100g,https://www.tesco.com/groceries/en-GB/shop/pets/all?department=Dog%20Food%20%26%20Accessories&viewAll=department&page=,£4.50,£3.75/kg,,,/groceries/en-GB/products/284830084,https://digitalcontent.api.tesco.com/v2/media/ghs/36ef6599-313e-458e-84ae-4606c526d552/3071a941-2473-457f-81a9-53c0c3eb7798.jpeg?h=225&w=225,
309751231,Good Boy Superlicious Chicken Broccoli Sticks 100G,https://www.tesco.com/groceries/en-GB/shop/pets/all?department=Dog%20Food%20%26%20Accessories&viewAll=department&page=,£2.00,£20.00/kg,,,/groceries/en-GB/products/309751231,https://digitalcontent.api.tesco.com/v2/media/ghs/15cdbcc4-1752-400b-9f6b-4572eab54737/6140df6e-1ea7-4081-886d-364c35a6db0d_1745650465.jpeg?h=225&w=225,
311428612,Winalot Small Dog Food Classic Meals In Jelly 12X100g,https://www.tesco.com/groceries/en-GB/shop/pets/all?department=Dog%20Food%20%26%20Accessories&viewAll=department&page=,£4.00,£3.34/kg,,,/groceries/en-GB/products/311428612,https://digitalcontent.api.tesco.com/v2/media/ghs/51fc6a4a-f9cc-4ffd-ba86-742e505e3304/d33c31e4-b0ab-4aca-94d0-8f889933dba6_100252676.jpeg?h=225&w=225,
308094140,Butcher's Grain Free Joints & Coat 6X390g,https://www.tesco.com/groceries/en-GB/shop/pets/all?department=Dog%20Food%20%26%20Accessories&viewAll=department&page=,£5.10,£2.18/kg,,,/groceries/en-GB/products/308094140,https://digitalcontent.api.tesco.com/v2/media/ghs/440c69fe-53a9-47c9-a13d-4232393b9a9a/781cf0ef-7f8d-4458-beec-add58a5e79fb_1654705205.jpeg?h=225&w=225,
312828546,Harringtons Small Adult Turkey & Rice 1Kg,https://www.tesco.com/groceries/en-GB/shop/pets/all?department=Dog%20Food%20%26%20Accessories&viewAll=department&page=,£3.29,£3.29/kg,,New,/groceries/en-GB/products/312828546,https://digitalcontent.api.tesco.com/v2/media/ghs/4d964e50-c212-4e82-a3f2-ef1980a9dd03/653c7906-74c1-4339-8494-ce55b1a6d06f_511522657.jpeg?h=225&w=225,
278702014,Tesco Senior With Chicken 3Kg,https://www.tesco.com/groceries/en-GB/shop/pets/all?department=Dog%20Food%20%26%20Accessories&viewAll=department&page=,£3.80,£1.27/kg,,,/groceries/en-GB/products/278702014,https://digitalcontent.api.tesco.com/v2/media/ghs/3ece588a-1f87-4f01-9279-7173b4f9ee7f/d50a3af4-f87f-445a-9c82-b936b8a8ef28_1161148235.jpeg?h=225&w=225,
299271157,Butcher's Traditional Recipes Dog Food Tray 4 X 150G,https://www.tesco.com/groceries/en-GB/shop/pets/all?department=Dog%20Food%20%26%20Accessories&viewAll=department&page=,£2.50,£4.17/kg,,,/groceries/en-GB/products/299271157,https://digitalcontent.api.tesco.com/v2/media/ghs/077d3c35-50fb-4e0e-823d-085867e95ca0/b44061bb-e82d-4676-ba21-e8dc3f60481d_257656480.jpeg?h=225&w=225,
295226725,Lily's Kitchen Sunday Lunch For Dogs 400G,https://www.tesco.com/groceries/en-GB/shop/pets/all?department=Dog%20Food%20%26%20Accessories&viewAll=department&page=,£2.75,£6.88/kg,£2.50 Clubcard Price,,/groceries/en-GB/products/295226725,https://digitalcontent.api.tesco.com/v2/media/ghs/c5222c6f-e39e-436e-bf72-85b3d3acd7ff/9e3496a6-f7e9-420c-b50d-fdda641fb017_19074003.jpeg?h=225&w=225,
289736171,Lily's Herby Chicken & Turkey Casserole 400G,https://www.tesco.com/groceries/en-GB/shop/pets/all?department=Dog%20Food%20%26%20Accessories&viewAll=department&page=,£2.75,£6.88/kg,£2.50 Clubcard Price,,/groceries/en-GB/products/289736171,https://digitalcontent.api.tesco.com/v2/media/ghs/bcac7836-c0ff-40d9-b01f-f43ead4465d7/d0a73131-1fdd-4872-8908-269ccca49525_1709291756.jpeg?h=225&w=225,
290050220,"Lily's Kitchen Beef, Potato & Vegetable Dinner 400G",https://www.tesco.com/groceries/en-GB/shop/pets/all?department=Dog%20Food%20%26%20Accessories&viewAll=department&page=,£2.75,£6.88/kg,£2.50 Clubcard Price,,/groceries/en-GB/products/290050220,https://digitalcontent.api.tesco.com/v2/media/ghs/07e7d103-df8e-4c57-9261-1912fb1187ec/1585d58a-84e0-42f6-8ef5-81c4110f2c54_1233197792.jpeg?h=225&w=225,
309197437,Good Boy Chompers Treats Dinosaur 60G,https://www.tesco.com/groceries/en-GB/shop/pets/all?department=Dog%20Food%20%26%20Accessories&viewAll=department&page=,£1.75,£29.17/kg,,,/groceries/en-GB/products/309197437,https://digitalcontent.api.tesco.com/v2/media/ghs/7294fe6a-2fb0-4c0b-9eb4-4bfdb50f4615/28318e6b-cdcc-44c8-851e-7f2abb6999b8_352754285.jpeg?h=225&w=225,
304407629,Lilys Kitchen Mini Beef Brgrs For Dogs 70G,https://www.tesco.com/groceries/en-GB/shop/pets/all?department=Dog%20Food%20%26%20Accessories&viewAll=department&page=,£3.00,£42.86/kg,£2.00 Clubcard Price,,/groceries/en-GB/products/304407629,https://digitalcontent.api.tesco.com/v2/media/ghs/1f39b811-1249-4728-be65-3a95a7794df1/7d9013d2-c4df-4433-a88c-d3804faf96fa_1764487134.jpeg?h=225&w=225,
278433989,Naturo Adult Dog Chicken Lamb & Rice With Vegetable 400G,https://www.tesco.com/groceries/en-GB/shop/pets/all?department=Dog%20Food%20%26%20Accessories&viewAll=department&page=,£1.30,£3.25/kg,,,/groceries/en-GB/products/278433989,https://digitalcontent.api.tesco.com/v2/media/ghs/82dea667-325b-490b-ad08-946cb9a8d559/eaf193c5-6b4d-48cc-97b1-6cab49c89542_419354514.jpeg?h=225&w=225,
307510998,Bakers Whirlers Meaty Dog Treats Bacon & Cheese 270G,https://www.tesco.com/groceries/en-GB/shop/pets/all?department=Dog%20Food%20%26%20Accessories&viewAll=department&page=,£2.10,£7.78/kg,,,/groceries/en-GB/products/307510998,https://digitalcontent.api.tesco.com/v2/media/ghs/9f26f191-3ad0-4950-8506-45932d20a70b/e3b0fba2-9dc2-477b-a760-8594f15e66d4_687156136.jpeg?h=225&w=225,
260569574,Whiskas Kitten With Chicken 2Kg,https://www.tesco.com/groceries/en-GB/shop/pets/all?department=Cat%20Food%20%26%20Accessories&viewAll=department&page=,£4.99,£2.50/kg,,,/groceries/en-GB/products/260569574,https://digitalcontent.api.tesco.com/v2/media/ghs/667afd4c-d544-4682-b20c-772c7c38fac0/f6f404b2-88ff-4acb-b11d-07391071d862_257782975.jpeg?h=225&w=225,
302873466,Whiskas 1+ Dry Cat Food Biscuits Salmon 1.9Kg,https://www.tesco.com/groceries/en-GB/shop/pets/all?department=Cat%20Food%20%26%20Accessories&viewAll=department&page=,£4.99,£2.63/kg,,,/groceries/en-GB/products/302873466,https://digitalcontent.api.tesco.com/v2/media/ghs/37546766-fe14-4234-8dc0-e5d0d7fae34c/df1a503c-bb05-409e-b5a9-ea3f3f4d7cc1_1132316186.jpeg?h=225&w=225,
305042149,Sheba Fine Flakes In Gravy Fish Selection 12 X 85G,https://www.tesco.com/groceries/en-GB/shop/pets/all?department=Cat%20Food%20%26%20Accessories&viewAll=department&page=,£5.00,£4.91/kg,,,/groceries/en-GB/products/305042149,https://digitalcontent.api.tesco.com/v2/media/ghs/a9524817-3e64-40f0-9d65-b3d425d95156/52ddd707-01e8-4789-a3b5-3d5e2c2fe953.jpeg?h=225&w=225,
309167462,Nood Cage-Free Poultry Recipes In Gravy 8X85g,https://www.tesco.com/groceries/en-GB/shop/pets/all?department=Cat%20Food%20%26%20Accessories&viewAll=department&page=,£4.25,£6.25/kg,,,/groceries/en-GB/products/309167462,https://digitalcontent.api.tesco.com/v2/media/ghs/4342fb5a-cc4d-411d-9fbb-b49a9733f52d/62e3c0dc-be98-42a2-b873-805eb3e2518f_2010422605.jpeg?h=225&w=225,
305745359,Purina Gourmet Gold Senior Tinned Pate Salmon 8X85g,https://www.tesco.com/groceries/en-GB/shop/pets/all?department=Cat%20Food%20%26%20Accessories&viewAll=department&page=,£4.40,£6.48/kg,,,/groceries/en-GB/products/305745359,https://digitalcontent.api.tesco.com/v2/media/ghs/4b0c930c-910f-41c6-a221-c5571b1c0153/b8df8bac-f580-4a9f-99a1-2cc94bb80c6d_1443154579.jpeg?h=225&w=225,
307303506,Felix Cat Naturally Delicious Farm Selection In Jelly 12X80g,https://www.tesco.com/groceries/en-GB/shop/pets/all?department=Cat%20Food%20%26%20Accessories&viewAll=department&page=,£4.50,£4.69/kg,,,/groceries/en-GB/products/307303506,https://digitalcontent.api.tesco.com/v2/media/ghs/3fea6e08-35a8-4f33-b9d1-e1e747f06aff/585a933d-b9f6-42a2-94a5-7c693d9066af_1877012945.jpeg?h=225&w=225,
304788253,Sheba Fine Flakes Poultry Selection In Gravy 12X85g,https://www.tesco.com/groceries/en-GB/shop/pets/all?department=Cat%20Food%20%26%20Accessories&viewAll=department&page=,£5.00,£4.91/kg,,,/groceries/en-GB/products/304788253,https://digitalcontent.api.tesco.com/v2/media/ghs/367a5409-e2be-43e5-bacb-08caa59aa012/e2c55760-9b12-41b8-9afd-d10aa4f775c3.jpeg?h=225&w=225,
307303564,Felix Cat Naturally Delicious Poultry In Jelly 12X80g,https://www.tesco.com/groceries/en-GB/shop/pets/all?department=Cat%20Food%20%26%20Accessories&viewAll=department&page=,£4.50,£4.69/kg,,,/groceries/en-GB/products/307303564,https://digitalcontent.api.tesco.com/v2/media/ghs/0323cd40-158a-48ff-8354-0171819c8208/df4ab151-37c5-42fa-9479-af9d5fef98d1_494894412.jpeg?h=225&w=225,
303227188,Gourmet Gold Savoury Cake Meat 8X85g,https://www.tesco.com/groceries/en-GB/shop/pets/all?department=Cat%20Food%20%26%20Accessories&viewAll=department&page=,£4.40,£6.48/kg,,,/groceries/en-GB/products/303227188,https://digitalcontent.api.tesco.com/v2/media/ghs/47a49ca7-8882-4b20-a09f-467136127c98/ae24b6f0-b3c2-4b5f-a68a-e6f5c53d9879.jpeg?h=225&w=225,
295196402,Perfect Fit Cat Complete Senior 7+ Chicken 750G,https://www.tesco.com/groceries/en-GB/shop/pets/all?department=Cat%20Food%20%26%20Accessories&viewAll=department&page=,£3.50,£4.67/kg,,,/groceries/en-GB/products/295196402,https://digitalcontent.api.tesco.com/v2/media/ghs/e2860920-a585-4dda-ad38-3c855211b31a/b2a92986-6056-4be2-90ae-80ecaf88f7ba_1213773557.jpeg?h=225&w=225,
302872444,Whiskas Cat Food 11+ Meat Selection Pouches 12X100g,https://www.tesco.com/groceries/en-GB/shop/pets/all?department=Cat%20Food%20%26%20Accessories&viewAll=department&page=,£4.50,£3.75/kg,,,/groceries/en-GB/products/302872444,https://digitalcontent.api.tesco.com/v2/media/ghs/47c17290-c8e3-41b8-a785-1667add35424/90c53a69-ad8e-4e57-9a3d-54ac647ea55a.jpeg?h=225&w=225,
289131650,Whiskas 7+ Meat Selection In Gravy 12X100g,https://www.tesco.com/groceries/en-GB/shop/pets/all?department=Cat%20Food%20%26%20Accessories&viewAll=department&page=,£4.50,£3.75/kg,,,/groceries/en-GB/products/289131650,https://digitalcontent.api.tesco.com/v2/media/ghs/57e9dd92-2390-4936-8103-662aa4cb068e/acd147a1-f468-4367-a5df-aeb706ee8d79_1908913428.jpeg?h=225&w=225,
295196327,Perfect Fit Cat Complete Adult 1+ Chicken 750G,https://www.tesco.com/groceries/en-GB/shop/pets/all?department=Cat%20Food%20%26%20Accessories&viewAll=department&page=,£3.50,£4.67/kg,,,/groceries/en-GB/products/295196327,https://digitalcontent.api.tesco.com/v2/media/ghs/4b321310-4bad-47f6-a095-5c54be1c5886/7c738eb1-9739-43e3-b460-468ef9a4f573_232629632.jpeg?h=225&w=225,
308452990,Claude's Bistro Adult Cat 12X85g Meat In Gravy,https://www.tesco.com/groceries/en-GB/shop/pets/all?department=Cat%20Food%20%26%20Accessories&viewAll=department&page=,£3.25,£3.19/kg,,,/groceries/en-GB/products/308452990,https://digitalcontent.api.tesco.com/v2/media/ghs/50b32bef-4bfc-4ec4-ae9a-73130e3dc85b/b03b7f65-c5c3-4056-b403-3e9da068fc39_1615683762.jpeg?h=225&w=225,
284776142,Whiskas With Tuna 825G,https://www.tesco.com/groceries/en-GB/shop/pets/all?department=Cat%20Food%20%26%20Accessories&viewAll=department&page=,£2.75,£3.34/kg,,,/groceries/en-GB/products/284776142,https://digitalcontent.api.tesco.com/v2/media/ghs/dfcb779e-9734-4d45-a3bf-3c710d064c30/2a105b14-6f76-45fa-82b0-b6f7280c2521_1271891178.jpeg?h=225&w=225,
309454404,Go Cat Junior Dry Cat Food Chicken Milk & Vegetable 750G,https://www.tesco.com/groceries/en-GB/shop/pets/all?department=Cat%20Food%20%26%20Accessories&viewAll=department&page=,£2.50,£3.34/kg,,,/groceries/en-GB/products/309454404,https://digitalcontent.api.tesco.com/v2/media/ghs/f808d68f-a463-4c76-9f2e-dfa6dd968b06/a33a2a4b-7d98-411e-bbc8-9e6d457ca69b_625230614.jpeg?h=225&w=225,
291046529,Encore Cat Tuna Loin 30G,https://www.tesco.com/groceries/en-GB/shop/pets/all?department=Cat%20Food%20%26%20Accessories&viewAll=department&page=,£1.70,£56.67/kg,,,/groceries/en-GB/products/291046529,https://digitalcontent.api.tesco.com/v2/media/ghs/9c2db7e8-6703-45c0-bdb0-95717773f4b4/8224482f-4acc-4ec5-afe9-c0ee9d30c81e_1670143439.jpeg?h=225&w=225,
309493150,Lily's Kitchen Cat Shredded Fillets Tuna & Salmon 70G,https://www.tesco.com/groceries/en-GB/shop/pets/all?department=Cat%20Food%20%26%20Accessories&viewAll=department&page=,£1.25,£17.86/kg,,,/groceries/en-GB/products/309493150,https://digitalcontent.api.tesco.com/v2/media/ghs/d6a9d1f1-db57-4ab5-8030-e4c89b8da2ff/38108755-fd72-4dc7-8c48-5bdb867534e6_686775353.jpeg?h=225&w=225,
255709708,Whiskas Temptations Salmon 60G,https://www.tesco.com/groceries/en-GB/shop/pets/all?department=Cat%20Food%20%26%20Accessories&viewAll=department&page=,£1.10,£18.34/kg,,,/groceries/en-GB/products/255709708,https://digitalcontent.api.tesco.com/v2/media/ghs/fa29abe9-e647-4bf5-8c9f-33d3dbab5e3b/c36400a7-3721-4ebb-b541-067b6d6fba3a_1645373201.jpeg?h=225&w=225,
312106485,Felix Naturally Delicious Cat Treat Chicken & Catnip 50G,https://www.tesco.com/groceries/en-GB/shop/pets/all?department=Cat%20Food%20%26%20Accessories&viewAll=department&page=,£1.10,£22.00/kg,,,/groceries/en-GB/products/312106485,https://digitalcontent.api.tesco.com/v2/media/ghs/66cc97d1-277d-495f-a42e-8a2faede681f/fcce0f9a-6257-445d-a3be-2b75623b7c3c_1038090765.jpeg?h=225&w=225,
259503567,Gourmet Gold Chicken & Liver In Gravy 85G,https://www.tesco.com/groceries/en-GB/shop/pets/all?department=Cat%20Food%20%26%20Accessories&viewAll=department&page=,£0.60,£7.06/kg,,,/groceries/en-GB/products/259503567,https://digitalcontent.api.tesco.com/v2/media/ghs/17440df3-f07a-4234-9b3a-c3243fb3cc7d/fe39f8d1-e2ce-4af2-be04-e7128115c4aa_417416644.jpeg?h=225&w=225,
286785151,Purina One Senior Chicken & Wholegrain 3Kg,https://www.tesco.com/groceries/en-GB/shop/pets/all?department=Cat%20Food%20%26%20Accessories&viewAll=department&page=,£16.80,£5.60/kg,£13.50 Clubcard Price,,/groceries/en-GB/products/286785151,https://digitalcontent.api.tesco.com/v2/media/ghs/5cbe32cc-02a3-4849-aa2a-1e3df5ad3265/10c2291e-52b2-49fe-9030-19ea3c91a0fd_1547491992.jpeg?h=225&w=225,
295195927,Purina One Coat & Hairball Chicken 3Kg,https://www.tesco.com/groceries/en-GB/shop/pets/all?department=Cat%20Food%20%26%20Accessories&viewAll=department&page=,£16.80,£5.60/kg,£13.50 Clubcard Price,,/groceries/en-GB/products/295195927,https://digitalcontent.api.tesco.com/v2/media/ghs/336a3769-b379-409f-ab4c-c56ad42d3893/3cfd7370-ac9c-4c83-a0b7-ffc41c991ff0_699552185.jpeg?h=225&w=225,
303205519,Purina One Senior 11+ Dry Cat Food Chicken 3Kg,https://www.tesco.com/groceries/en-GB/shop/pets/all?department=Cat%20Food%20%26%20Accessories&viewAll=department&page=,£16.80,£5.60/kg,£13.50 Clubcard Price,,/groceries/en-GB/products/303205519,https://digitalcontent.api.tesco.com/v2/media/ghs/6160f106-cc0e-4710-bd2c-05ee4ef519a7/a891feba-7b5b-4311-9199-1826adf45724_581041974.jpeg?h=225&w=225,
299226477,Harringtons Dog Food Turkey Vegetable & Potato 400G,https://www.tesco.com/groceries/en-GB/shop/pets/all?department=Dog%20Food%20%26%20Accessories&viewAll=department&page=,£1.50,£3.75/kg,,,/groceries/en-GB/products/299226477,https://digitalcontent.api.tesco.com/v2/media/ghs/61d7e57a-8cb5-4c69-aead-fb9b8ad848ec/12b3e25b-973b-4f59-a778-ed69c6be2513_365399832.jpeg?h=225&w=225,
291611955,Good Boy Wagtastic Novelty Chew 80G,https://www.tesco.com/groceries/en-GB/shop/pets/all?department=Dog%20Food%20%26%20Accessories&viewAll=department&page=,£1.00,£12.50/kg,,,/groceries/en-GB/products/291611955,https://digitalcontent.api.tesco.com/v2/media/ghs/cfdc886a-a2c1-4c92-8c4a-c71e37bea620/841c7c4d-4c29-4905-9d09-276b7590f13d_1906651883.jpeg?h=225&w=225,
312230164,"Nature's Choice Beef, Chicken & Vegetable Dog Food 390G",https://www.tesco.com/groceries/en-GB/shop/pets/all?department=Dog%20Food%20%26%20Accessories&viewAll=department&page=,£0.90,£2.31/kg,,,/groceries/en-GB/products/312230164,https://digitalcontent.api.tesco.com/v2/media/ghs/76673d84-a194-4f04-ac8d-4c0202ebfc88/20064039-0968-405e-9e34-c5fa5a38c25b_989732164.jpeg?h=225&w=225,
312217935,Nature's Choice Turkey Liver & Vegetable Dog Food 390G,https://www.tesco.com/groceries/en-GB/shop/pets/all?department=Dog%20Food%20%26%20Accessories&viewAll=department&page=,£0.90,£2.31/kg,,,/groceries/en-GB/products/312217935,https://digitalcontent.api.tesco.com/v2/media/ghs/31e4b834-1ce2-45e0-bdd0-29f34af8731c/01fcf0d6-0cde-41ea-b1e1-108ba0606630_416543546.jpeg?h=225&w=225,
305050053,Pedigree Poultry Mix Schmackos 20 Pack 144G,https://www.tesco.com/groceries/en-GB/shop/pets/all?department=Dog%20Food%20%26%20Accessories&viewAll=department&page=,£1.30,£9.03/kg,Any 2 for £2 Clubcard Price - Selected Pedigree Or Dreamies Cat And Dog Treats 60g - 180g,,/groceries/en-GB/products/305050053,https://digitalcontent.api.tesco.com/v2/media/ghs/9c800991-0138-495b-9ff4-2ec6936418a7/e1f83910-70a7-4dc2-9761-f6d47238e7e0.jpeg?h=225&w=225,
305430992,Pedigree Jumbone Beef & Poultry Maxi 180G,https://www.tesco.com/groceries/en-GB/shop/pets/all?department=Dog%20Food%20%26%20Accessories&viewAll=department&page=,£1.30,£7.23/kg,Any 2 for £2 Clubcard Price - Selected Pedigree Or Dreamies Cat And Dog Treats 60g - 180g,,/groceries/en-GB/products/305430992,https://digitalcontent.api.tesco.com/v2/media/ghs/c95d6279-98c2-40e8-b53d-c97d69715d14/e6596657-d5ff-4a52-8913-92f9d68c61d8_1914005391.jpeg?h=225&w=225,
298870544,Lily's Kitchen Classic Mpk 6 X 400G,https://www.tesco.com/groceries/en-GB/shop/pets/all?department=Dog%20Food%20%26%20Accessories&viewAll=department&page=,£14.00,£5.84/kg,,,/groceries/en-GB/products/298870544,https://digitalcontent.api.tesco.com/v2/media/ghs/923355c6-ebf1-45ff-99d1-baa5b70452f6/cb05440a-2342-4431-b2ad-77cc65b379cb_356993797.jpeg?h=225&w=225,
305733271,Good Boy Wagtastic Chicken & Carrot Sticks 320G,https://www.tesco.com/groceries/en-GB/shop/pets/all?department=Dog%20Food%20%26%20Accessories&viewAll=department&page=,£7.50,£23.44/kg,,,/groceries/en-GB/products/305733271,https://digitalcontent.api.tesco.com/v2/media/ghs/d6292746-baf9-4acd-9b9b-a218cd9b3a5e/c2ae568f-9730-4a48-aa52-281b998f2420_1600706047.jpeg?h=225&w=225,
312848476,Harringtons Adult Dog Food Lamb & Rice 4Kg,https://www.tesco.com/groceries/en-GB/shop/pets/all?department=Dog%20Food%20%26%20Accessories&viewAll=department&page=,£10.00,£2.50/kg,,New,/groceries/en-GB/products/312848476,https://digitalcontent.api.tesco.com/v2/media/ghs/6fba888f-aefa-48a0-b51d-4d7a4174df12/55232f8e-05a5-4d5e-bae3-05edb7195378_1995904118.jpeg?h=225&w=225,
312832926,Harringtons Adult Beef & Rice 4Kg,https://www.tesco.com/groceries/en-GB/shop/pets/all?department=Dog%20Food%20%26%20Accessories&viewAll=department&page=,£9.99,£2.50/kg,,New,/groceries/en-GB/products/312832926,https://digitalcontent.api.tesco.com/v2/media/ghs/2f5ae8e0-bc8b-4c4a-8cad-c4098c6f8ae7/b766f525-0ab2-4d00-a9a7-24111a5a84cf_578266362.jpeg?h=225&w=225,
312855778,Harringtons Adult Chicken & Rice 4Kg,https://www.tesco.com/groceries/en-GB/shop/pets/all?department=Dog%20Food%20%26%20Accessories&viewAll=department&page=,£9.99,£2.50/kg,,New,/groceries/en-GB/products/312855778,https://digitalcontent.api.tesco.com/v2/media/ghs/c40279b9-e4d5-42eb-8571-68876042db53/3f00b409-e984-4f72-8c83-19d1b9645f1f_134518832.jpeg?h=225&w=225,
312715242,Harringtons Adult Dog Food Turkey & Vegetable 4Kg,https://www.tesco.com/groceries/en-GB/shop/pets/all?department=Dog%20Food%20%26%20Accessories&viewAll=department&page=,£10.00,£2.50/kg,,New,/groceries/en-GB/products/312715242,https://digitalcontent.api.tesco.com/v2/media/ghs/25b1bb25-4dba-4362-b2e9-0ba5a13db754/45365d63-dbc4-4f36-9922-98bcf37d12ca_1947636998.jpeg?h=225&w=225,
301744016,Iams Small Medium Adult Dog Food With Chicken 2Kg,https://www.tesco.com/groceries/en-GB/shop/pets/all?department=Dog%20Food%20%26%20Accessories&viewAll=department&page=,£7.35,£3.68/kg,,,/groceries/en-GB/products/301744016,https://digitalcontent.api.tesco.com/v2/media/ghs/18eec9b7-94f3-4215-8fbe-b92f4d4c386f/4bf02c36-38b4-49c4-92c6-217556c83ef2_415353050.jpeg?h=225&w=225,
278432126,Bakers Complete Meaty Meals Chicken 2.7Kg,https://www.tesco.com/groceries/en-GB/shop/pets/all?department=Dog%20Food%20%26%20Accessories&viewAll=department&page=,£6.60,£2.45/kg,,,/groceries/en-GB/products/278432126,https://digitalcontent.api.tesco.com/v2/media/ghs/ad84e089-d955-486f-a6c2-a9b1c125ba84/5250b0ea-8e35-4ac5-aa64-1d3cd31aacf4_1765312931.jpeg?h=225&w=225,
294814411,Encore Dog Food Finest Selection Pouches 5X100g,https://www.tesco.com/groceries/en-GB/shop/pets/all?department=Dog%20Food%20%26%20Accessories&viewAll=department&page=,£6.00,£12.00/kg,,,/groceries/en-GB/products/294814411,https://digitalcontent.api.tesco.com/v2/media/ghs/141bc36a-a0f7-49e2-be58-19b8f3d5353a/07ced4a2-4a49-455a-90b1-c63503b08ede_2003190866.jpeg?h=225&w=225,
291644812,Tesco Complete Beef & Vegetable 12 Kilograms,https://www.tesco.com/groceries/en-GB/shop/pets/all?department=Dog%20Food%20%26%20Accessories&viewAll=department&page=,£10.00,£0.83/kg,,,/groceries/en-GB/products/291644812,https://digitalcontent.api.tesco.com/v2/media/ghs/d99d402f-596a-4863-ad54-87cf46684c45/ceaeb34a-5dc1-4afb-a49e-a4ed69c7c296_1793964854.jpeg?h=225&w=225,
295226881,Wagtastic Treat Duck And Calcium Bones,https://www.tesco.com/groceries/en-GB/shop/pets/all?department=Dog%20Food%20%26%20Accessories&viewAll=department&page=,£2.25,£25.00/kg,,,/groceries/en-GB/products/295226881,https://digitalcontent.api.tesco.com/v2/media/ghs/e66255fa-68b4-4dc9-882b-078d6175e1ad/7d64de6d-ea55-4e10-a8b5-f85204713e33_1493584725.jpeg?h=225&w=225,
268532772,Good Boy Meat Treat Chicken Breast Fillet,https://www.tesco.com/groceries/en-GB/shop/pets/all?department=Dog%20Food%20%26%20Accessories&viewAll=department&page=,£2.25,£32.15/kg,,,/groceries/en-GB/products/268532772,https://digitalcontent.api.tesco.com/v2/media/ghs/d3c9c07c-706b-466f-8b02-c7e74d4fd03c/eb4ef0b5-e096-424c-b3e2-7fe4a99ca6e1_546153683.jpeg?h=225&w=225,
284829985,Pedigree Pouch Jelly Puppy Pack 12X100g,https://www.tesco.com/groceries/en-GB/shop/pets/all?department=Dog%20Food%20%26%20Accessories&viewAll=department&page=,£4.50,£3.75/kg,,,/groceries/en-GB/products/284829985,https://digitalcontent.api.tesco.com/v2/media/ghs/943faa97-c7b8-46bf-91bd-7bf9d054e5e6/5ce5ab44-36f4-401a-9d6e-2438a1c7a088.jpeg?h=225&w=225,
309757455,Winalot Puppy Mixed In Gravy Dog Food 12X100g,https://www.tesco.com/groceries/en-GB/shop/pets/all?department=Dog%20Food%20%26%20Accessories&viewAll=department&page=,£3.65,£3.05/kg,,,/groceries/en-GB/products/309757455,https://digitalcontent.api.tesco.com/v2/media/ghs/8c89a013-0cc5-4d81-82e2-5eb51e511094/cd722575-4ba6-4f6a-962a-cbc61c5888c3_617278984.jpeg?h=225&w=225,
309786466,Good Boy Wagtastic Chewy Ducktwists 70G,https://www.tesco.com/groceries/en-GB/shop/pets/all?department=Dog%20Food%20%26%20Accessories&viewAll=department&page=,£2.25,£32.15/kg,,,/groceries/en-GB/products/309786466,https://digitalcontent.api.tesco.com/v2/media/ghs/f8ff9550-770e-4b0e-8e5f-0a0e24e6a83f/ba37773a-f174-403e-9af3-e3c8ea657bcd_1701048784.jpeg?h=225&w=225,
302039078,Butcher's Loaf Recipes Dog Food Tins 6X390g,https://www.tesco.com/groceries/en-GB/shop/pets/all?department=Dog%20Food%20%26%20Accessories&viewAll=department&page=,£5.10,£2.18/kg,,,/groceries/en-GB/products/302039078,https://digitalcontent.api.tesco.com/v2/media/ghs/d66f01a1-98f9-483b-800e-e3444529ace9/cfefb8da-63d1-4d63-ab13-ebebaf78a75e_635650405.jpeg?h=225&w=225,
302039055,Butcher's Tripe Loaf Dog Food Tins 6X400g,https://www.tesco.com/groceries/en-GB/shop/pets/all?department=Dog%20Food%20%26%20Accessories&viewAll=department&page=,£5.10,£2.13/kg,,,/groceries/en-GB/products/302039055,https://digitalcontent.api.tesco.com/v2/media/ghs/98ba9ea5-1071-4cb4-bc6d-b52c687ce48d/0a808b36-51e5-491e-a470-88fffcbc3089_1279545534.jpeg?h=225&w=225,
299153522,Wagtastic Treat Lamb Strips 80G,https://www.tesco.com/groceries/en-GB/shop/pets/all?department=Dog%20Food%20%26%20Accessories&viewAll=department&page=,£2.25,£28.13/kg,,,/groceries/en-GB/products/299153522,https://digitalcontent.api.tesco.com/v2/media/ghs/57aceef0-0bbe-420a-97f8-c8cdd60da007/cc8ef249-e4ef-4432-9200-48ca8785a249_1087153669.jpeg?h=225&w=225,
295647267,Encore Cat Food Mixed Selection Tins 12X70g,https://www.tesco.com/groceries/en-GB/shop/pets/all?department=Cat%20Food%20%26%20Accessories&viewAll=department&page=,£12.00,£14.29/kg,,,/groceries/en-GB/products/295647267,https://digitalcontent.api.tesco.com/v2/media/ghs/5efd46ef-4696-4ca2-8d18-31088c376686/9b0b50e7-bc6e-4fdc-8b37-36538f84898c_272285670.jpeg?h=225&w=225,
301767997,Iams For Vitality Adult 1+ Catfood Ocean Fish 2Kg,https://www.tesco.com/groceries/en-GB/shop/pets/all?department=Cat%20Food%20%26%20Accessories&viewAll=department&page=,£10.50,£5.25/kg,,,/groceries/en-GB/products/301767997,https://digitalcontent.api.tesco.com/v2/media/ghs/f6145d9d-b9a4-4698-99f1-f08a8141731c/20253125-a4cf-46b9-b5f9-25a5f8688b7c_1428830107.jpeg?h=225&w=225,
301743599,Iams Senior 7+ Cat Food With Ocean Fish 2Kg,https://www.tesco.com/groceries/en-GB/shop/pets/all?department=Cat%20Food%20%26%20Accessories&viewAll=department&page=,£10.50,£5.25/kg,,,/groceries/en-GB/products/301743599,https://digitalcontent.api.tesco.com/v2/media/ghs/17877454-7b41-4232-8e2a-1bdc682a0f01/827f7418-ccea-48f3-8fd9-d314c2c34671_1378208502.jpeg?h=225&w=225,
309205251,Lily's Kitchen Cat Shredded Fillets Multipack 8X70g,https://www.tesco.com/groceries/en-GB/shop/pets/all?department=Cat%20Food%20%26%20Accessories&viewAll=department&page=,£8.50,£15.18/kg,,,/groceries/en-GB/products/309205251,https://digitalcontent.api.tesco.com/v2/media/ghs/27b19e9f-9ad9-43d8-8110-b74648961d16/2382bad6-5036-4e92-88da-c86878b31b9a_504978656.jpeg?h=225&w=225,
301744517,Iams Cat Food Adult Light In Fat With Chicken 2Kg,https://www.tesco.com/groceries/en-GB/shop/pets/all?department=Cat%20Food%20%26%20Accessories&viewAll=department&page=,£10.50,£5.25/kg,,,/groceries/en-GB/products/301744517,https://digitalcontent.api.tesco.com/v2/media/ghs/f5fb7c42-6ba0-4e18-baff-547257eafadb/5df0efc2-38ee-498d-a269-25addd09eff9_1263996186.jpeg?h=225&w=225,
309453198,Nood Dry Cat Food Chicken With Vegetables 2.5Kg,https://www.tesco.com/groceries/en-GB/shop/pets/all?department=Cat%20Food%20%26%20Accessories&viewAll=department&page=,£10.60,£4.24/kg,,,/groceries/en-GB/products/309453198,https://digitalcontent.api.tesco.com/v2/media/ghs/bc77a272-7fe0-4b3c-b523-b3a0957c5001/3b5f76f3-a8a9-4c26-9f4d-f28cefcb3ae8_294002550.jpeg?h=225&w=225,
310127745,Scrumbles Chicken With Salmon Dry Cat Food 750G,https://www.tesco.com/groceries/en-GB/shop/pets/all?department=Cat%20Food%20%26%20Accessories&viewAll=department&page=,£7.50,£10.00/kg,,,/groceries/en-GB/products/310127745,https://digitalcontent.api.tesco.com/v2/media/ghs/e4a745f8-d52a-40a9-9f6c-e3af9bc16cf6/28ef62ee-b645-474b-9d74-1cd7dfbf1e34_821167722.jpeg?h=225&w=225,
310158656,Scrumbles Chicken Dry Cat Food 750G,https://www.tesco.com/groceries/en-GB/shop/pets/all?department=Cat%20Food%20%26%20Accessories&viewAll=department&page=,£7.50,£10.00/kg,,,/groceries/en-GB/products/310158656,https://digitalcontent.api.tesco.com/v2/media/ghs/d3337096-c9a4-436d-9a1e-27c91b021109/70ca89c5-014b-4156-92d7-4d3f1e9af303_232503838.jpeg?h=225&w=225,
298345026,Hilife Natural The Chicken One Cat Food 8X70g,https://www.tesco.com/groceries/en-GB/shop/pets/all?department=Cat%20Food%20%26%20Accessories&viewAll=department&page=,£4.95,£8.84/kg,,,/groceries/en-GB/products/298345026,https://digitalcontent.api.tesco.com/v2/media/ghs/73967282-ac91-4ee7-b561-b8a8f9c8e5a2/d0641b32-1a80-4ac7-b7ec-140f724d1e3d_1507292972.jpeg?h=225&w=225,
304395699,Petface Litter Tray,https://www.tesco.com/groceries/en-GB/shop/pets/all?department=Cat%20Food%20%26%20Accessories&viewAll=department&page=,£3.00,£3.00/each,,,/groceries/en-GB/products/304395699,https://digitalcontent.api.tesco.com/v2/media/ghs/bc6faefc-679e-49c9-9a73-64517747589a/e797a96d-8930-4475-bd9e-a2ee9511da5b_1725595213.jpeg?h=225&w=225,
250272628,Bob Martin Home Flea Spray 200Ml,https://www.tesco.com/groceries/en-GB/shop/pets/all?department=Cat%20Food%20%26%20Accessories&viewAll=department&page=,£3.50,£17.50/litre,,,/groceries/en-GB/products/250272628,https://digitalcontent.api.tesco.com/v2/media/ghs/d940d493-e5de-475f-8a87-8748574c6e63/03ae576a-bee2-4ed4-aaf2-d4595663c9b7_1315133849.jpeg?h=225&w=225,
295196045,Iams Delights Land & Sea Gravy Pouches 12X85g,https://www.tesco.com/groceries/en-GB/shop/pets/all?department=Cat%20Food%20%26%20Accessories&viewAll=department&page=,£5.35,£5.25/kg,,,/groceries/en-GB/products/295196045,https://digitalcontent.api.tesco.com/v2/media/ghs/b43931da-4dfb-4836-8448-097629c7ba94/8754e92c-0cc0-4131-a0d9-1ba60a28cd93_1957324683.jpeg?h=225&w=225,
298345061,Hilife Natural The Tuna One Cat Food 8X70g,https://www.tesco.com/groceries/en-GB/shop/pets/all?department=Cat%20Food%20%26%20Accessories&viewAll=department&page=,£4.95,£8.84/kg,,,/groceries/en-GB/products/298345061,https://digitalcontent.api.tesco.com/v2/media/ghs/b6a3b69a-8dfd-4630-bf55-9e1df9d92d32/031797b0-18cb-4fa6-8136-b2ac8e8bec91_940296038.jpeg?h=225&w=225,
311201569,Sheba Sauce Lover In Gravy Mixed Collection 8X85g,https://www.tesco.com/groceries/en-GB/shop/pets/all?department=Cat%20Food%20%26%20Accessories&viewAll=department&page=,£4.40,£6.48/kg,,,/groceries/en-GB/products/311201569,https://digitalcontent.api.tesco.com/v2/media/ghs/6beb492c-e73a-465b-b453-56c613073b59/649502ef-306c-48c8-acdc-f03ca8866a18_658963865.jpeg?h=225&w=225,
311250389,Sheba Select Slices In Gravy Poultry Selection 8X85g,https://www.tesco.com/groceries/en-GB/shop/pets/all?department=Cat%20Food%20%26%20Accessories&viewAll=department&page=,£4.40,£6.48/kg,,,/groceries/en-GB/products/311250389,https://digitalcontent.api.tesco.com/v2/media/ghs/ef862756-6a19-4e6a-a4f7-d3fcfd04e4c7/0b5f24fe-4bc6-4021-aca6-6892e8923659_482520337.jpeg?h=225&w=225,
311271934,Sheba Classics In Terrine Ocean Selection 8X85g,https://www.tesco.com/groceries/en-GB/shop/pets/all?department=Cat%20Food%20%26%20Accessories&viewAll=department&page=,£4.40,£6.48/kg,,,/groceries/en-GB/products/311271934,https://digitalcontent.api.tesco.com/v2/media/ghs/6a83cd21-8817-4b07-b979-82da0b2c4815/cd37cf7a-f0d6-411c-b10f-51cde2db1215_1717867604.jpeg?h=225&w=225,
310097969,Encore Cat Fish Selection In Broth 5X50g,https://www.tesco.com/groceries/en-GB/shop/pets/all?department=Cat%20Food%20%26%20Accessories&viewAll=department&page=,£4.40,£17.60/kg,,,/groceries/en-GB/products/310097969,https://digitalcontent.api.tesco.com/v2/media/ghs/00ce18cf-68bd-459a-87b5-61d86baa48bf/22bcf544-8f26-42d7-9436-47789f14507d_1045724554.jpeg?h=225&w=225,
309194613,Nood Cage Free Poultry Recipes In Jelly 7+ 8X85g,https://www.tesco.com/groceries/en-GB/shop/pets/all?department=Cat%20Food%20%26%20Accessories&viewAll=department&page=,£4.25,£6.25/kg,,,/groceries/en-GB/products/309194613,https://digitalcontent.api.tesco.com/v2/media/ghs/2c0e307a-0011-4917-95d8-68be8ef83183/f39fdd0f-dc1a-4112-a862-c31757bb2a33_2143992195.jpeg?h=225&w=225,
309191023,Nood Sustainable Fish Recipes In Jelly 8X85g,https://www.tesco.com/groceries/en-GB/shop/pets/all?department=Cat%20Food%20%26%20Accessories&viewAll=department&page=,£4.25,£6.25/kg,,,/groceries/en-GB/products/309191023,https://digitalcontent.api.tesco.com/v2/media/ghs/1197101d-2b3b-4acd-a802-3b65cd58e3ee/5f9b9b41-a71f-454d-bbc2-75c3a9e5fd2c_1092161696.jpeg?h=225&w=225,
310108820,Harringtons Meaty Selection In Gravy 12X85g,https://www.tesco.com/groceries/en-GB/shop/pets/all?department=Cat%20Food%20%26%20Accessories&viewAll=department&page=,£5.00,£4.91/kg,,,/groceries/en-GB/products/310108820,https://digitalcontent.api.tesco.com/v2/media/ghs/50cef2a1-6705-4f07-a483-fc3321354705/46afb6d3-7638-407f-a5d9-3e43d2ce458d_2013490206.jpeg?h=225&w=225,
309167934,Nood Sustainable Fish Recipes In Gravy 8X85g,https://www.tesco.com/groceries/en-GB/shop/pets/all?department=Cat%20Food%20%26%20Accessories&viewAll=department&page=,£4.25,£6.25/kg,,,/groceries/en-GB/products/309167934,https://digitalcontent.api.tesco.com/v2/media/ghs/042a6b94-eaa9-412a-ac6f-e55237ae9980/8c057a54-e903-4070-a0b9-f020fe773ce4_1148501978.jpeg?h=225&w=225,
312574540,Agriselect Wood Pellets Cat Litter 7L,https://www.tesco.com/groceries/en-GB/shop/pets/all?department=Cat%20Food%20%26%20Accessories&viewAll=department&page=,£3.00,£0.43/litre,,New,/groceries/en-GB/products/312574540,https://digitalcontent.api.tesco.com/v2/media/ghs/012b10e8-e716-4155-bc21-ddac60f77405/85405fee-0b98-42fd-ba47-ceec3d48a827_908112993.jpeg?h=225&w=225,
310101050,Harringtons Fish Selection In Jelly 12X85g,https://www.tesco.com/groceries/en-GB/shop/pets/all?department=Cat%20Food%20%26%20Accessories&viewAll=department&page=,£5.00,£4.91/kg,,,/groceries/en-GB/products/310101050,https://digitalcontent.api.tesco.com/v2/media/ghs/378cbaf3-7143-45fd-af25-9502ab39f6e6/60c1165b-182b-4cb8-9636-3a1757dabd07_1304561309.jpeg?h=225&w=225,
310160969,Harringtons Meaty Selection In Jelly 12X85g,https://www.tesco.com/groceries/en-GB/shop/pets/all?department=Cat%20Food%20%26%20Accessories&viewAll=department&page=,£5.00,£4.91/kg,,,/groceries/en-GB/products/310160969,https://digitalcontent.api.tesco.com/v2/media/ghs/655e33ef-f5d5-439d-a8f5-cfe4ef99d7f5/0b205554-e645-4495-aacb-07fbc7565bab_1482873731.jpeg?h=225&w=225,
302054860,Butcher's Puppy Perfect Puppy Food Tins 6X400g,https://www.tesco.com/groceries/en-GB/shop/pets/all?department=Dog%20Food%20%26%20Accessories&viewAll=department&page=,£5.10,£2.13/kg,,,/groceries/en-GB/products/302054860,https://digitalcontent.api.tesco.com/v2/media/ghs/8b3cebd7-fffd-4d07-a1ff-689c036acc1e/e3fa2849-cdd5-49e5-a4cd-87352b94cba8_951007956.jpeg?h=225&w=225,
308103217,Nature's Choice Lamb Dry Dog Food 2Kg,https://www.tesco.com/groceries/en-GB/shop/pets/all?department=Dog%20Food%20%26%20Accessories&viewAll=department&page=,£3.00,£1.50/kg,,,/groceries/en-GB/products/308103217,https://digitalcontent.api.tesco.com/v2/media/ghs/54e0e381-3d3c-42bd-895f-21f63c79c24e/49ac0cb6-4141-4641-84be-017138343846_200629868.jpeg?h=225&w=225,
290050122,Lily's Kitchen Slow Cooked Lamb Hotpot 400G,https://www.tesco.com/groceries/en-GB/shop/pets/all?department=Dog%20Food%20%26%20Accessories&viewAll=department&page=,£2.75,£6.88/kg,£2.50 Clubcard Price,,/groceries/en-GB/products/290050122,https://digitalcontent.api.tesco.com/v2/media/ghs/a8ed0c2d-6242-42c7-858c-9c128909449f/97693993-d08b-49f0-9411-0539a990488d_1882964727.jpeg?h=225&w=225,
308114567,Nature's Choice Turkey Dry Dog Food 2Kg,https://www.tesco.com/groceries/en-GB/shop/pets/all?department=Dog%20Food%20%26%20Accessories&viewAll=department&page=,£3.00,£1.50/kg,,,/groceries/en-GB/products/308114567,https://digitalcontent.api.tesco.com/v2/media/ghs/d632df95-3169-440b-b4ce-31c4f3c4c9fc/0a582602-b115-49be-8611-bd71d19e0a56_323038615.jpeg?h=225&w=225,
309456448,Scrumbles Nibbles Calming Dog Treats 100G,https://www.tesco.com/groceries/en-GB/shop/pets/all?department=Dog%20Food%20%26%20Accessories&viewAll=department&page=,£2.60,£26.00/kg,,,/groceries/en-GB/products/309456448,https://digitalcontent.api.tesco.com/v2/media/ghs/3196a520-c622-4f0b-8fc4-a9f0da52df1e/d0a817e5-58a7-4698-94ec-9da192e5eb1a_1015201025.jpeg?h=225&w=225,
308117570,Tesco Senior Dog Mixed Selection In Jelly 12X100g,https://www.tesco.com/groceries/en-GB/shop/pets/all?department=Dog%20Food%20%26%20Accessories&viewAll=department&page=,£3.20,£2.67/kg,,,/groceries/en-GB/products/308117570,https://digitalcontent.api.tesco.com/v2/media/ghs/7c948b31-b8f8-4ae1-b7de-83717616edc0/4ff036f0-68dc-4c41-97f3-c9ee5bd6d905_361353891.jpeg?h=225&w=225,
310169574,Lily's Kitchen Bedtime Biscuits For Dogs 80G,https://www.tesco.com/groceries/en-GB/shop/pets/all?department=Dog%20Food%20%26%20Accessories&viewAll=department&page=,£2.90,£36.25/kg,£2.45 Clubcard Price,,/groceries/en-GB/products/310169574,https://digitalcontent.api.tesco.com/v2/media/ghs/289ae251-ae77-4629-be3c-b5a858d4cc42/b39f3d35-d99c-435d-9eb7-44863ea72d97_1114703514.jpeg?h=225&w=225,
304399166,Tesco Streaky Rashers Dog Treats 140G,https://www.tesco.com/groceries/en-GB/shop/pets/all?department=Dog%20Food%20%26%20Accessories&viewAll=department&page=,£1.75,£12.50/kg,,,/groceries/en-GB/products/304399166,https://digitalcontent.api.tesco.com/v2/media/ghs/d4553a70-74b4-42d9-b314-9297717c0740/6a7346b5-421c-4d74-a50d-d7903956db51_872471635.jpeg?h=225&w=225,
290050440,Lily's Kitchen Wild Campfire Stew 400G,https://www.tesco.com/groceries/en-GB/shop/pets/all?department=Dog%20Food%20%26%20Accessories&viewAll=department&page=,£2.75,£6.88/kg,£2.50 Clubcard Price,,/groceries/en-GB/products/290050440,https://digitalcontent.api.tesco.com/v2/media/ghs/dc66cb1a-4d81-41df-846f-b67c4c2b5dce/3612f7c4-c7ab-4a19-8f30-5145c3c90ab1_1012794300.jpeg?h=225&w=225,
310138968,Denzel's Nut Butter Bites For Dogs 100G,https://www.tesco.com/groceries/en-GB/shop/pets/all?department=Dog%20Food%20%26%20Accessories&viewAll=department&page=,£2.50,£25.00/kg,,,/groceries/en-GB/products/310138968,https://digitalcontent.api.tesco.com/v2/media/ghs/7238cdc5-1050-4c33-bfdf-ab411ed90d7b/679fb86d-70a6-4a2b-9495-b750e41b8eb5_396244929.jpeg?h=225&w=225,
309478094,Good Boy Chompers Bone Dog Treats 60G,https://www.tesco.com/groceries/en-GB/shop/pets/all?department=Dog%20Food%20%26%20Accessories&viewAll=department&page=,£1.75,£29.17/kg,,,/groceries/en-GB/products/309478094,https://digitalcontent.api.tesco.com/v2/media/ghs/f4bb1991-60da-4f7c-b58e-78a498bd16fd/e209f51a-9280-40c3-8b90-ba5339bc2335_1769232214.jpeg?h=225&w=225,
309747156,Good Boy Crunchies Chicken Dog Treats 60G,https://www.tesco.com/groceries/en-GB/shop/pets/all?department=Dog%20Food%20%26%20Accessories&viewAll=department&page=,£1.75,£29.17/kg,,,/groceries/en-GB/products/309747156,https://digitalcontent.api.tesco.com/v2/media/ghs/0cbc377c-099d-467a-b64f-9e1f8445b470/966c957c-1f5c-4b34-918e-9563de333882_897236287.jpeg?h=225&w=225,
310168016,Scrumbles Turkey Complete Wet Dog Food 395G,https://www.tesco.com/groceries/en-GB/shop/pets/all?department=Dog%20Food%20%26%20Accessories&viewAll=department&page=,£2.00,£5.07/kg,,,/groceries/en-GB/products/310168016,https://digitalcontent.api.tesco.com/v2/media/ghs/3fefc301-3a1c-4518-bf8c-3cbc00ad2c36/a89439a9-116c-4782-af30-6c41e70c3fe5_1746934149.jpeg?h=225&w=225,
310179049,Scrumbles Chicken Complete Wet Dog Food 395G,https://www.tesco.com/groceries/en-GB/shop/pets/all?department=Dog%20Food%20%26%20Accessories&viewAll=department&page=,£2.00,£5.07/kg,,,/groceries/en-GB/products/310179049,https://digitalcontent.api.tesco.com/v2/media/ghs/4dae5f8d-8106-4539-8b70-3f7e80c493ca/1bf84e30-4883-4f3b-a4c5-43765f03fa7c_1264692977.jpeg?h=225&w=225,
308452552,Tesco Adult Dog With Chicken Chunks In Jelly 300G,https://www.tesco.com/groceries/en-GB/shop/pets/all?department=Dog%20Food%20%26%20Accessories&viewAll=department&page=,£0.75,£2.50/kg,,,/groceries/en-GB/products/308452552,https://digitalcontent.api.tesco.com/v2/media/ghs/3ddc0a40-eda6-4a31-ab8b-6a490a96610a/50286c31-f9b7-4ae3-83e5-c3cc6795266d_1223016740.jpeg?h=225&w=225,
310142899,Scrumbles Salmon Complete Wet Dog Food 395G,https://www.tesco.com/groceries/en-GB/shop/pets/all?department=Dog%20Food%20%26%20Accessories&viewAll=department&page=,£2.00,£5.07/kg,,,/groceries/en-GB/products/310142899,https://digitalcontent.api.tesco.com/v2/media/ghs/0c6634e5-8f70-4a34-94cb-c2b2dc9f1582/34977a0b-fb34-4c73-8fb4-eab2f45c7285_760639016.jpeg?h=225&w=225,
305249314,Good Boy 3X20 Degradable Poo Bags 60 Pack,https://www.tesco.com/groceries/en-GB/shop/pets/all?department=Dog%20Food%20%26%20Accessories&viewAll=department&page=,£1.50,£0.02/each,,,/groceries/en-GB/products/305249314,https://digitalcontent.api.tesco.com/v2/media/ghs/565c884d-dd91-4303-85bc-9305a394d415/15757ace-0af8-4434-b398-db8f7d11e07e_2063387667.jpeg?h=225&w=225,
291045450,Encore Dog Chicken Breast & Rice 156G,https://www.tesco.com/groceries/en-GB/shop/pets/all?department=Dog%20Food%20%26%20Accessories&viewAll=department&page=,£1.60,£10.26/kg,,,/groceries/en-GB/products/291045450,https://digitalcontent.api.tesco.com/v2/media/ghs/b652e4ef-b027-4ef7-b5f0-b3d91f0644fa/dcaf90ba-8352-43d3-8ca7-de3906776f3f_405830212.jpeg?h=225&w=225,
291125004,Tesco Beef Chunks In Gravy 300G,https://www.tesco.com/groceries/en-GB/shop/pets/all?department=Dog%20Food%20%26%20Accessories&viewAll=department&page=,£0.75,£2.50/kg,,,/groceries/en-GB/products/291125004,https://digitalcontent.api.tesco.com/v2/media/ghs/d3b39a81-a6e5-47b1-91c8-58e071afcada/6e17c029-c97e-4ef0-8787-475536ab1607_1394735457.jpeg?h=225&w=225,
305434613,Pedigree Schmackos Fish Mix 20 Pack 144G,https://www.tesco.com/groceries/en-GB/shop/pets/all?department=Dog%20Food%20%26%20Accessories&viewAll=department&page=,£1.30,£9.03/kg,Any 2 for £2 Clubcard Price - Selected Pedigree Or Dreamies Cat And Dog Treats 60g - 180g,,/groceries/en-GB/products/305434613,https://digitalcontent.api.tesco.com/v2/media/ghs/ca4c60cd-5b12-478a-9b21-06f2995030f7/0cff51e4-cb74-426a-88d4-cfa0854ffc37.jpeg?h=225&w=225,
306662829,Webbox Supreme Chub Roll Beef & Lamb 720G,https://www.tesco.com/groceries/en-GB/shop/pets/all?department=Dog%20Food%20%26%20Accessories&viewAll=department&page=,£0.75,£1.05/kg,,,/groceries/en-GB/products/306662829,https://digitalcontent.api.tesco.com/v2/media/ghs/8ce2b065-02f7-4e37-a6fa-2a243cea302d/1095d36b-5597-4201-9da3-ca3a90286300_1748282992.jpeg?h=225&w=225,
309202732,Pedigree Medium Dog Dentastix Chews 5 Pieces 128G,https://www.tesco.com/groceries/en-GB/shop/pets/all?department=Dog%20Food%20%26%20Accessories&viewAll=department&page=,£1.30,£10.16/kg,,,/groceries/en-GB/products/309202732,https://digitalcontent.api.tesco.com/v2/media/ghs/a4b6ddfc-363d-4c44-aaca-9181cf308302/37673de2-006e-4db4-90d8-14ed21ef3f11_887931590.jpeg?h=225&w=225,
311807636,Wagg Active Goodness Beef Dog Food 12Kg,https://www.tesco.com/groceries/en-GB/shop/pets/all?department=Dog%20Food%20%26%20Accessories&viewAll=department&page=,£10.00,£0.83/kg,,,/groceries/en-GB/products/311807636,https://digitalcontent.api.tesco.com/v2/media/ghs/a9ee833a-83e5-45ab-b7db-f56154c4f08b/d6f3f933-c31c-4d19-9178-7510e7c0c449_1995331772.jpeg?h=225&w=225,
291611870,Good Boy Wagtastic Chicken Dumbells 350G,https://www.tesco.com/groceries/en-GB/shop/pets/all?department=Dog%20Food%20%26%20Accessories&viewAll=department&page=,£7.50,£21.43/kg,,,/groceries/en-GB/products/291611870,https://digitalcontent.api.tesco.com/v2/media/ghs/8d0e7a0a-3a43-4a46-b028-f68f70d5a67e/d325c230-844d-44fa-b01f-08576f207f62_1929744057.jpeg?h=225&w=225,
309184251,Nood Cage-Free Poultry Recipes In Jelly 8X85g,https://www.tesco.com/groceries/en-GB/shop/pets/all?department=Cat%20Food%20%26%20Accessories&viewAll=department&page=,£4.25,£6.25/kg,,,/groceries/en-GB/products/309184251,https://digitalcontent.api.tesco.com/v2/media/ghs/d21109c6-20cd-4060-9e95-6c22dafd18d9/ea218d8d-7053-4f9e-83b5-8cb5fcb0a48d_897564898.jpeg?h=225&w=225,
295268934,Meowee Cat Toy Feather Mice Pack Of 3,https://www.tesco.com/groceries/en-GB/shop/pets/all?department=Cat%20Food%20%26%20Accessories&viewAll=department&page=,£2.00,£2.00/each,,,/groceries/en-GB/products/295268934,https://digitalcontent.api.tesco.com/v2/media/ghs/af47e89c-efd5-42b6-b934-dcf308d9db91/a15b3f6d-b110-4e76-91a7-601f865a3be4_1619143813.jpeg?h=225&w=225,
309776812,Nood Dry Cat Food Chicken With Vegetables 750G,https://www.tesco.com/groceries/en-GB/shop/pets/all?department=Cat%20Food%20%26%20Accessories&viewAll=department&page=,£3.75,£5.00/kg,£3.15 Clubcard Price,,/groceries/en-GB/products/309776812,https://digitalcontent.api.tesco.com/v2/media/ghs/e8afc2b7-4ca8-49d3-98e2-38a9da505d60/23129128-8693-49f7-b129-02c719108df3_1851670591.jpeg?h=225&w=225,
309449653,Nood Dry Cat Food Chicken With Vegetables 7+Yrs 750G,https://www.tesco.com/groceries/en-GB/shop/pets/all?department=Cat%20Food%20%26%20Accessories&viewAll=department&page=,£3.75,£5.00/kg,£3.15 Clubcard Price,,/groceries/en-GB/products/309449653,https://digitalcontent.api.tesco.com/v2/media/ghs/4f490c69-54ad-4bcd-bcef-cd9e3d60f4d2/8fb99c71-bb74-44bb-8824-2379c30fc69c_1391844700.jpeg?h=225&w=225,
309755031,Nood Dry Cat Food Salmon With Vegetables 750G,https://www.tesco.com/groceries/en-GB/shop/pets/all?department=Cat%20Food%20%26%20Accessories&viewAll=department&page=,£3.75,£5.00/kg,£3.15 Clubcard Price,,/groceries/en-GB/products/309755031,https://digitalcontent.api.tesco.com/v2/media/ghs/91703b08-67a1-47b2-9efe-48bdd5a93245/0e654a12-e547-4cb1-bbfd-554a1d62e0bb_1747032800.jpeg?h=225&w=225,
271331844,Good Girl Shades Of Steel Non Slip Cat Bowl,https://www.tesco.com/groceries/en-GB/shop/pets/all?department=Cat%20Food%20%26%20Accessories&viewAll=department&page=,£2.00,£2.00/each,,,/groceries/en-GB/products/271331844,https://digitalcontent.api.tesco.com/v2/media/ghs/c3f925f3-686e-4351-b9a5-d9b14103e101/fbbc7947-9ed5-419a-b312-62b579c3ac76_1735940538.jpeg?h=225&w=225,
295196340,Perfect Fit Complete Adult 1+ Salmon 750G,https://www.tesco.com/groceries/en-GB/shop/pets/all?department=Cat%20Food%20%26%20Accessories&viewAll=department&page=,£3.50,£4.67/kg,,,/groceries/en-GB/products/295196340,https://digitalcontent.api.tesco.com/v2/media/ghs/95efffef-d634-4e0f-b4c9-b365854a8452/e3425ba0-b650-4ed4-b0d5-d9bdfb945eee_828073943.jpeg?h=225&w=225,
304384886,Petface Cat Litter Scoop,https://www.tesco.com/groceries/en-GB/shop/pets/all?department=Cat%20Food%20%26%20Accessories&viewAll=department&page=,£1.00,£1.00/each,,,/groceries/en-GB/products/304384886,https://digitalcontent.api.tesco.com/v2/media/ghs/a814922f-b9e1-4f06-8e9c-28171013a982/46e7e98e-d81d-413b-9973-4c950db67ad0_123581403.jpeg?h=225&w=225,
309789682,Meowee 100% Tuna Fish Cat Treats 10G,https://www.tesco.com/groceries/en-GB/shop/pets/all?department=Cat%20Food%20%26%20Accessories&viewAll=department&page=,£1.25,£125.00/kg,,,/groceries/en-GB/products/309789682,https://digitalcontent.api.tesco.com/v2/media/ghs/9db0468d-6b73-44da-95a5-c4973000d499/0fa8c2fc-e263-45ec-988b-8c259433af6b_1949311340.jpeg?h=225&w=225,
309475892,Lily's Kitchen Cat Shredded Fillets Chicken & Mussels 70G,https://www.tesco.com/groceries/en-GB/shop/pets/all?department=Cat%20Food%20%26%20Accessories&viewAll=department&page=,£1.25,£17.86/kg,,,/groceries/en-GB/products/309475892,https://digitalcontent.api.tesco.com/v2/media/ghs/8986febb-bce7-4504-a0b2-7a2ec346073e/1c8564e9-58c0-408b-b575-30cf4f8c7270_1924682445.jpeg?h=225&w=225,
309483202,Lily's Kitchen Cat Tasty Cuts Ocean Fish 85G,https://www.tesco.com/groceries/en-GB/shop/pets/all?department=Cat%20Food%20%26%20Accessories&viewAll=department&page=,£1.10,£12.95/kg,,,/groceries/en-GB/products/309483202,https://digitalcontent.api.tesco.com/v2/media/ghs/aa4d0b2f-f198-4394-a4ea-64217ad8b41c/e5cc7859-c63c-4a6d-a449-95a7129c9c00_1476560792.jpeg?h=225&w=225,
309464761,Lily's Kitchen Cat Tasty Cuts Chicken In Gravy 85G,https://www.tesco.com/groceries/en-GB/shop/pets/all?department=Cat%20Food%20%26%20Accessories&viewAll=department&page=,£1.10,£12.95/kg,,,/groceries/en-GB/products/309464761,https://digitalcontent.api.tesco.com/v2/media/ghs/7e34747e-0ce6-4f01-a3df-534037f06f12/8d0c507b-86ca-42bf-9ed3-ac267672a6ed_1859610328.jpeg?h=225&w=225,
312559668,Felix Naturally Delicious Cat Treat Salmon & Spinach 50G,https://www.tesco.com/groceries/en-GB/shop/pets/all?department=Cat%20Food%20%26%20Accessories&viewAll=department&page=,£1.10,£22.00/kg,,,/groceries/en-GB/products/312559668,https://digitalcontent.api.tesco.com/v2/media/ghs/dd365bd0-e6c0-4326-a65c-f7a071769963/0fdf8ca6-d6ee-4bb3-b276-365d7fac8ea0_1773185020.jpeg?h=225&w=225,
308860309,Sheba Fresh Cuisine Tokyo 'Seln Salmon & Tuna 6X50g,https://www.tesco.com/groceries/en-GB/shop/pets/all?department=Cat%20Food%20%26%20Accessories&viewAll=department&page=,£1.65,£5.50/kg,,,/groceries/en-GB/products/308860309,https://digitalcontent.api.tesco.com/v2/media/ghs/0c251be0-9211-4d8b-81bc-77eeda812ed1/e82c1aea-c854-41b3-9f48-014f0af25803_58425428.jpeg?h=225&w=225,
265372239,Gourmet Gold Salmon & Chicken In Gravy 85G,https://www.tesco.com/groceries/en-GB/shop/pets/all?department=Cat%20Food%20%26%20Accessories&viewAll=department&page=,£0.60,£7.06/kg,,,/groceries/en-GB/products/265372239,https://digitalcontent.api.tesco.com/v2/media/ghs/9623954a-b57a-4aca-b91e-9d4457f896a5/980597ac-0bb5-4df5-8bc7-be976db210f8_274614672.jpeg?h=225&w=225,
311994499,Tesco Pet Food Metal Cannister Large,https://www.tesco.com/groceries/en-GB/shop/pets/all?department=Cat%20Food%20%26%20Accessories&viewAll=department&page=,£20.00,£20.00/each,,,/groceries/en-GB/products/311994499,https://digitalcontent.api.tesco.com/v2/media/ghs/5f91193f-77d1-4a81-9818-1694a2ef2369/100d6ea4-9ca7-40e8-99b6-a7f0958aefb8_1537743878.jpeg?h=225&w=225,
302675349,Bob Martin Clear Plus Cat Flea & Tick 2 Tube,https://www.tesco.com/groceries/en-GB/shop/pets/all?department=Cat%20Food%20%26%20Accessories&viewAll=department&page=,£10.50,£5.25/each,,,/groceries/en-GB/products/302675349,https://digitalcontent.api.tesco.com/v2/media/ghs/139cb789-9a20-404f-a4f0-4fe9c504d295/a3b8865e-f543-491a-8cfc-c7402ce0644b_1306794261.jpeg?h=225&w=225,
311994574,Tesco Double Sided Blanket,https://www.tesco.com/groceries/en-GB/shop/pets/all?department=Cat%20Food%20%26%20Accessories&viewAll=department&page=,£10.00,£10.00/each,,,/groceries/en-GB/products/311994574,https://digitalcontent.api.tesco.com/v2/media/ghs/54ded1bc-5596-4dc1-89a6-4f5cb20ffe6c/ff81b795-05a3-41ee-8cea-e74688d031b5_994292426.jpeg?h=225&w=225,
284685376,Bob Martin Flea Spot On Cat 24Wks,https://www.tesco.com/groceries/en-GB/shop/pets/all?department=Cat%20Food%20%26%20Accessories&viewAll=department&page=,£8.50,£1.42/each,,,/groceries/en-GB/products/284685376,https://digitalcontent.api.tesco.com/v2/media/ghs/427c648d-517e-4334-8301-54f68d721054/76b43244-1860-4de3-9ca1-860e8a6c9d84_1319595797.jpeg?h=225&w=225,
311079727,Tesco Pet Toy Basket,https://www.tesco.com/groceries/en-GB/shop/pets/all?department=Cat%20Food%20%26%20Accessories&viewAll=department&page=,£10.00,£10.00/each,,,/groceries/en-GB/products/311079727,https://digitalcontent.api.tesco.com/v2/media/ghs/baf74ac9-4b68-4f9b-9b56-6b2a1e5b21d9/d255c267-509a-423a-b2ae-20586eec590c_393484111.jpeg?h=225&w=225,
311994516,Tesco Pet Food Metal Cannister Small,https://www.tesco.com/groceries/en-GB/shop/pets/all?department=Cat%20Food%20%26%20Accessories&viewAll=department&page=,£10.00,£10.00/each,,,/groceries/en-GB/products/311994516,https://digitalcontent.api.tesco.com/v2/media/ghs/f6e824c2-0d48-40ba-b657-5d1c8a76f54c/a3f2b0ec-34e7-4fae-8b63-904cc41cee5b_1941478357.jpeg?h=225&w=225,
312220775,Core Supply Large Melamine Stainless Steel Pet Bowl Assorted,https://www.tesco.com/groceries/en-GB/shop/pets/all?department=Cat%20Food%20%26%20Accessories&viewAll=department&page=,£10.00,£10.00/each,,,/groceries/en-GB/products/312220775,https://digitalcontent.api.tesco.com/v2/media/ghs/38ff681a-5a0d-4fc3-b9cd-93fe1d2441af/00e4e685-be2c-4e7e-86e6-63cb2d910dbd_1275586205.jpeg?h=225&w=225,
311994507,Tesco Pet Food Metal Cannister Medium,https://www.tesco.com/groceries/en-GB/shop/pets/all?department=Cat%20Food%20%26%20Accessories&viewAll=department&page=,£15.00,£15.00/each,,,/groceries/en-GB/products/311994507,https://digitalcontent.api.tesco.com/v2/media/ghs/dff6f098-c162-465f-aa2d-a754e2127792/d9037915-fd8f-4336-a1a5-a65b55ce0e04_396216918.jpeg?h=225&w=225,
310098444,Frontline Spot On Cat Flea X1 0.5Ml,https://www.tesco.com/groceries/en-GB/shop/pets/all?department=Cat%20Food%20%26%20Accessories&viewAll=department&page=,£7.50,"£1,500.00/100ml",,,/groceries/en-GB/products/310098444,https://digitalcontent.api.tesco.com/v2/media/ghs/f35dca5d-c3a1-487f-85a1-d998641f6e3f/c3905df2-ae9f-46cc-812a-4d4889b5c9ba_940496985.jpeg?h=225&w=225,
298870567,Lily's Kitchen Grain Free Variety 6X400g,https://www.tesco.com/groceries/en-GB/shop/pets/all?department=Dog%20Food%20%26%20Accessories&viewAll=department&page=,£14.00,£5.84/kg,,,/groceries/en-GB/products/298870567,https://digitalcontent.api.tesco.com/v2/media/ghs/91572229-1b93-45e9-bc95-7d98d76d723d/4ffff08c-b760-4836-9321-b31ec4922149_1048193698.jpeg?h=225&w=225,
299153378,Wagtastic Treat Beef Fillets 320G,https://www.tesco.com/groceries/en-GB/shop/pets/all?department=Dog%20Food%20%26%20Accessories&viewAll=department&page=,£7.50,£23.44/kg,,,/groceries/en-GB/products/299153378,https://digitalcontent.api.tesco.com/v2/media/ghs/9f83944f-6b63-42eb-a690-1094637267ff/1c7b4ba7-77e8-4d6a-b01b-b0cfe7e5dabd_774274837.jpeg?h=225&w=225,
299153453,Wagtastic Treat Chicken Fillets 320G,https://www.tesco.com/groceries/en-GB/shop/pets/all?department=Dog%20Food%20%26%20Accessories&viewAll=department&page=,£7.50,£23.44/kg,,,/groceries/en-GB/products/299153453,https://digitalcontent.api.tesco.com/v2/media/ghs/20404329-66f8-4833-a5ad-01dcead5d75e/649e3aa4-9799-48da-8a42-1089172653a7_203228296.jpeg?h=225&w=225,
291046011,Encore Dog Food Special Selection Tins 5X156g,https://www.tesco.com/groceries/en-GB/shop/pets/all?department=Dog%20Food%20%26%20Accessories&viewAll=department&page=,£7.50,£9.62/kg,,,/groceries/en-GB/products/291046011,https://digitalcontent.api.tesco.com/v2/media/ghs/33e5e8d3-be10-44c7-9d05-07fe76f24674/2e88a706-aaa2-434a-8177-416781987d5b_1054261266.jpeg?h=225&w=225,
309190174,Pedigree Denta Stix Large Dog 42 Sticks 1.62Kg,https://www.tesco.com/groceries/en-GB/shop/pets/all?department=Dog%20Food%20%26%20Accessories&viewAll=department&page=,£11.00,£6.80/kg,,,/groceries/en-GB/products/309190174,https://digitalcontent.api.tesco.com/v2/media/ghs/8dedf606-b696-445f-b0eb-216c363527fa/3305880a-4ad5-453b-997d-0376dcaab9f8_717100900.jpeg?h=225&w=225,
261593180,Pedigree Daily Denta Stix Dog 56 Stick 1440G,https://www.tesco.com/groceries/en-GB/shop/pets/all?department=Dog%20Food%20%26%20Accessories&viewAll=department&page=,£11.00,£7.64/kg,,,/groceries/en-GB/products/261593180,https://digitalcontent.api.tesco.com/v2/media/ghs/1a453156-5fd3-46e4-b7c1-69d36505b9a1/b6447502-ac46-4171-954b-d9b27c16b41d_270558048.jpeg?h=225&w=225,
308460790,Tesco Adult Dog 40 X 100G Mix Selec In Jelly,https://www.tesco.com/groceries/en-GB/shop/pets/all?department=Dog%20Food%20%26%20Accessories&viewAll=department&page=,£11.50,£2.88/kg,,,/groceries/en-GB/products/308460790,https://digitalcontent.api.tesco.com/v2/media/ghs/09bae58b-f854-496e-9e7d-d7efb544b5ce/4a96f18c-f050-44d5-94e9-9b1f746c224e_1198203557.jpeg?h=225&w=225,
290050715,Lily's Kitchen Chicken & Duck Dry Food 1Kg,https://www.tesco.com/groceries/en-GB/shop/pets/all?department=Dog%20Food%20%26%20Accessories&viewAll=department&page=,£8.30,£8.30/kg,,,/groceries/en-GB/products/290050715,https://digitalcontent.api.tesco.com/v2/media/ghs/74ca8780-c5d5-4927-9021-77bb8cbdd5ac/b69bd11d-0993-4dec-9eda-313800b6ae3f_1420881604.jpeg?h=225&w=225,
301743927,Iams Small Medium Senior Dog Food With Chicken 2Kg,https://www.tesco.com/groceries/en-GB/shop/pets/all?department=Dog%20Food%20%26%20Accessories&viewAll=department&page=,£7.35,£3.68/kg,,,/groceries/en-GB/products/301743927,https://digitalcontent.api.tesco.com/v2/media/ghs/52b4228f-b108-40f8-a007-31c9c0d5ec18/392b8eab-8bb9-4295-bb99-0eac0713511a_650663374.jpeg?h=225&w=225,
298895722,Hilife Natural Jelly 5X100g ..,https://www.tesco.com/groceries/en-GB/shop/pets/all?department=Dog%20Food%20%26%20Accessories&viewAll=department&page=,£5.55,£11.10/kg,,,/groceries/en-GB/products/298895722,https://digitalcontent.api.tesco.com/v2/media/ghs/927c7ddc-67e6-403b-a92a-51daa15dffae/d18402c8-901a-4d95-9773-8b9545d9d555_1527326430.jpeg?h=225&w=225,
307050931,Purina Dentalife Small Dog Chews 30 Sticks 490G,https://www.tesco.com/groceries/en-GB/shop/pets/all?department=Dog%20Food%20%26%20Accessories&viewAll=department&page=,£4.30,£8.78/kg,,,/groceries/en-GB/products/307050931,https://digitalcontent.api.tesco.com/v2/media/ghs/15fcbce2-d4c9-4998-8d90-faaa8c88cfb8/74628143-6bf1-47c1-8f51-aaf832748295_907482808.jpeg?h=225&w=225,
307050827,Purina Dentalife Large Dog Chews 18 Sticks 636G,https://www.tesco.com/groceries/en-GB/shop/pets/all?department=Dog%20Food%20%26%20Accessories&viewAll=department&page=,£4.30,£6.77/kg,,,/groceries/en-GB/products/307050827,https://digitalcontent.api.tesco.com/v2/media/ghs/39c3beb0-15e9-4e66-8477-526e0a5b0e57/6b238d00-5a7a-40f1-b8d7-b99e5f96f6fa_1045857942.jpeg?h=225&w=225,
301086898,Bakers Senior Dog Food Chicken & Vegetable 2.85Kg,https://www.tesco.com/groceries/en-GB/shop/pets/all?department=Dog%20Food%20%26%20Accessories&viewAll=department&page=,£6.60,£2.32/kg,,,/groceries/en-GB/products/301086898,https://digitalcontent.api.tesco.com/v2/media/ghs/a760cbd0-1af0-4169-b503-40b4eba9fff8/1af99490-c442-4eed-b692-10ebd39e2806_1110406355.jpeg?h=225&w=225,
301086938,Bakers Small Dog Food Beef & Vegetable 2.85Kg,https://www.tesco.com/groceries/en-GB/shop/pets/all?department=Dog%20Food%20%26%20Accessories&viewAll=department&page=,£6.60,£2.32/kg,,,/groceries/en-GB/products/301086938,https://digitalcontent.api.tesco.com/v2/media/ghs/7379206b-ab8b-40a1-9968-6128af224af6/40f93a16-2f9f-4907-a34c-afe58110940d_546120147.jpeg?h=225&w=225,
307050862,Purina Dentalife Medium Dog Chews 24 Sticks 552G,https://www.tesco.com/groceries/en-GB/shop/pets/all?department=Dog%20Food%20%26%20Accessories&viewAll=department&page=,£4.30,£7.79/kg,,,/groceries/en-GB/products/307050862,https://digitalcontent.api.tesco.com/v2/media/ghs/acadf6c2-9ae7-4e37-b1e0-7c13b940f4ec/ccaa6df2-6301-4e21-b459-0dd130f6e599_1878582326.jpeg?h=225&w=225,
309180785,Pedigree Large Dog Dentastix Chews 21 Pieces 810G,https://www.tesco.com/groceries/en-GB/shop/pets/all?department=Dog%20Food%20%26%20Accessories&viewAll=department&page=,£6.20,£7.66/kg,,,/groceries/en-GB/products/309180785,https://digitalcontent.api.tesco.com/v2/media/ghs/f5e220df-9370-4f9b-a8bf-73cd769b10da/12593090-7494-402d-9b8a-9f897798d15e_1281496066.jpeg?h=225&w=225,
278479566,Tesco Dual Action Deodorising Pet Wipes 20 Pack,https://www.tesco.com/groceries/en-GB/shop/pets/all?department=Dog%20Food%20%26%20Accessories&viewAll=department&page=,£2.85,£14.25/100sht,,,/groceries/en-GB/products/278479566,https://digitalcontent.api.tesco.com/v2/media/ghs/807508ff-6496-48ef-af4a-564622b58ad7/4ca3e89e-d712-4413-898a-35e1b5943a1f.jpeg?h=225&w=225,
305052166,Cesar Senior Chicken & Turkey Dog Pouches 12 Pack,https://www.tesco.com/groceries/en-GB/shop/pets/all?department=Dog%20Food%20%26%20Accessories&viewAll=department&page=,£5.50,£4.59/kg,,,/groceries/en-GB/products/305052166,https://digitalcontent.api.tesco.com/v2/media/ghs/569c47e9-2c2b-48fb-9ac4-77a0dbba641f/c6e216d7-1f44-4851-9d6e-cc8267384c6c.jpeg?h=225&w=225,
291898966,Freshpet Chicken Vegetable Brown Rice Dog Food 680G,https://www.tesco.com/groceries/en-GB/shop/pets/all?department=Dog%20Food%20%26%20Accessories&viewAll=department&page=,£5.00,£7.36/kg,,,/groceries/en-GB/products/291898966,https://digitalcontent.api.tesco.com/v2/media/ghs/0c5b4862-1e88-465e-8937-7e92016ccc43/40c03d34-574f-4ce9-9fc9-98a6fa17692f.jpeg?h=225&w=225,
301086875,Bakers Dog Food Chicken And Vegetables 1.2Kg,https://www.tesco.com/groceries/en-GB/shop/pets/all?department=Dog%20Food%20%26%20Accessories&viewAll=department&page=,£3.50,£2.92/kg,,,/groceries/en-GB/products/301086875,https://digitalcontent.api.tesco.com/v2/media/ghs/7a27a290-d499-4cad-abda-e5e370f7b8c1/9d726bdc-f298-4deb-8bf8-9275e18bda10_3925127.jpeg?h=225&w=225,
301086839,Bakers Puppy Dog Food Chicken & Vegetable 1.1Kg,https://www.tesco.com/groceries/en-GB/shop/pets/all?department=Dog%20Food%20%26%20Accessories&viewAll=department&page=,£3.50,£3.19/kg,,,/groceries/en-GB/products/301086839,https://digitalcontent.api.tesco.com/v2/media/ghs/cbe160ed-8531-40e1-912e-6dceb7d16175/e450562f-4854-4f53-be8f-fecaabac7e31_1063001517.jpeg?h=225&w=225,
259013148,Pedigree Senior Meaty Loaf Recipes 6 X 400G,https://www.tesco.com/groceries/en-GB/shop/pets/all?department=Dog%20Food%20%26%20Accessories&viewAll=department&page=,£5.50,£2.30/kg,,,/groceries/en-GB/products/259013148,https://digitalcontent.api.tesco.com/v2/media/ghs/1fe6a181-b6ee-4f1e-8b40-8ecf31a0b43f/de78f1dc-ad33-42b3-bf2e-0e5e9c695a8e.jpeg?h=225&w=225,
308086772,Cesar Senior 10+ In Delicate Jelly 8X150g,https://www.tesco.com/groceries/en-GB/shop/pets/all?department=Dog%20Food%20%26%20Accessories&viewAll=department&page=,£5.50,£4.59/kg,,,/groceries/en-GB/products/308086772,https://digitalcontent.api.tesco.com/v2/media/ghs/989b401a-457e-4b05-aebd-2683e12b99cf/265a7739-69ae-4a31-b202-894271beb5a1_466975630.jpeg?h=225&w=225,
304371164,Good Boy Crunchy Chicken & Rice Bones 70G,https://www.tesco.com/groceries/en-GB/shop/pets/all?department=Dog%20Food%20%26%20Accessories&viewAll=department&page=,£2.25,£32.15/kg,,,/groceries/en-GB/products/304371164,https://digitalcontent.api.tesco.com/v2/media/ghs/f92a719f-e44e-46b2-89dc-e668aec9df57/f16d0053-5e28-40b6-a2df-8f68118184d2_237869029.jpeg?h=225&w=225,
312232133,Core Supply Ceramic Pet Bowl Large Assortment,https://www.tesco.com/groceries/en-GB/shop/pets/all?department=Cat%20Food%20%26%20Accessories&viewAll=department&page=,£8.00,£8.00/each,,,/groceries/en-GB/products/312232133,https://digitalcontent.api.tesco.com/v2/media/ghs/1f14d715-5e55-4db7-9ed6-f0bd8c75861f/7e0ffb82-131c-4517-b397-dfd88cf1c088_1049225999.jpeg?h=225&w=225,
311251549,Core Supply Medium Melamine Stainless Steel Pet Bowl Assorted,https://www.tesco.com/groceries/en-GB/shop/pets/all?department=Cat%20Food%20%26%20Accessories&viewAll=department&page=,£8.00,£8.00/each,,,/groceries/en-GB/products/311251549,https://digitalcontent.api.tesco.com/v2/media/ghs/a605b2e8-080c-42bf-9ecf-0e34d8e3b67c/bdab0b05-256b-4c13-86d8-9a9be531cc79_103348812.jpeg?h=225&w=225,
312109706,Core Supply Debossed Ceramic Pet Bowl Large,https://www.tesco.com/groceries/en-GB/shop/pets/all?department=Cat%20Food%20%26%20Accessories&viewAll=department&page=,£8.00,£8.00/each,,,/groceries/en-GB/products/312109706,https://digitalcontent.api.tesco.com/v2/media/ghs/ca2ed5f8-afca-47f5-ba08-2f1342a5b24e/85c59c33-083b-4bde-b67c-7f2ef28439a8_19192276.jpeg?h=225&w=225,
309776340,Nood Dry Cat Food Chicken & Vegetables 7+Years 2.5Kg,https://www.tesco.com/groceries/en-GB/shop/pets/all?department=Cat%20Food%20%26%20Accessories&viewAll=department&page=,£10.60,£4.24/kg,,,/groceries/en-GB/products/309776340,https://digitalcontent.api.tesco.com/v2/media/ghs/26d0de6c-d1ea-4c01-9eb6-3bfdef26330b/8e5b6a1a-4dc7-4d6b-92d0-4018ad309218_49022580.jpeg?h=225&w=225,
278465346,B/M Fleaclear Flea Spray Cat& Home 300Ml,https://www.tesco.com/groceries/en-GB/shop/pets/all?department=Cat%20Food%20%26%20Accessories&viewAll=department&page=,£7.00,£23.34/litre,,,/groceries/en-GB/products/278465346,https://digitalcontent.api.tesco.com/v2/media/ghs/646004fb-0185-4cd4-9b58-aac4b7519ba0/6c47ec94-e0d5-4384-a0df-a1a492f4f90a_1596202116.jpeg?h=225&w=225,
309774993,Nood Dry Cat Food Salmon With Vegetables 2.5Kg,https://www.tesco.com/groceries/en-GB/shop/pets/all?department=Cat%20Food%20%26%20Accessories&viewAll=department&page=,£10.60,£4.24/kg,,,/groceries/en-GB/products/309774993,https://digitalcontent.api.tesco.com/v2/media/ghs/40980400-109c-4c8a-afbe-146899867cb2/90372fc9-1e32-4221-b64c-79171fc75bb3_1964277255.jpeg?h=225&w=225,
310671897,Core Supply Pet Licky Mat Assortment,https://www.tesco.com/groceries/en-GB/shop/pets/all?department=Cat%20Food%20%26%20Accessories&viewAll=department&page=,£7.00,£7.00/each,,,/groceries/en-GB/products/310671897,https://digitalcontent.api.tesco.com/v2/media/ghs/99dd7ebd-73a1-4425-bb42-38d9f325bfb5/9481bb79-093f-4bb7-ba94-850d11d92d51_1096889446.jpeg?h=225&w=225,
312219259,Core Supply Debossed Ceramic Pet Bow Small,https://www.tesco.com/groceries/en-GB/shop/pets/all?department=Cat%20Food%20%26%20Accessories&viewAll=department&page=,£6.00,£6.00/each,,,/groceries/en-GB/products/312219259,https://digitalcontent.api.tesco.com/v2/media/ghs/3f7edca8-50c7-4734-abf9-a4f219b31774/85088186-56bc-488f-86d0-2c98bbe0361a_178812236.jpeg?h=225&w=225,
311994539,Tesco Etched Paw Stainless Steel Bowl Non Slip 20Cm,https://www.tesco.com/groceries/en-GB/shop/pets/all?department=Cat%20Food%20%26%20Accessories&viewAll=department&page=,£6.00,£6.00/each,,,/groceries/en-GB/products/311994539,https://digitalcontent.api.tesco.com/v2/media/ghs/7e32e529-d5e8-47a2-87c9-9ea39833cb6e/c7d1bda4-2c0f-4062-b0e1-f864d64429cc_1691157966.jpeg?h=225&w=225,
311800442,Core Supply Collapsible Pet Bowl 1L Assorted,https://www.tesco.com/groceries/en-GB/shop/pets/all?department=Cat%20Food%20%26%20Accessories&viewAll=department&page=,£6.00,£6.00/each,,New,/groceries/en-GB/products/311800442,https://digitalcontent.api.tesco.com/v2/media/ghs/b7b3f223-4ca5-48da-bb6b-bd337d589652/c59ea722-fcdf-45fc-8de6-cd009f1aff5f_581805668.jpeg?h=225&w=225,
311947274,Core Supply Small Ceramic Slogan Pet Bowl Assorted,https://www.tesco.com/groceries/en-GB/shop/pets/all?department=Cat%20Food%20%26%20Accessories&viewAll=department&page=,£6.00,£6.00/each,,,/groceries/en-GB/products/311947274,https://digitalcontent.api.tesco.com/v2/media/ghs/2a581d27-b3bb-4b05-ab39-caed2a068f58/371e3ab8-8242-4510-b656-8014c10acdd8_985824110.jpeg?h=225&w=225,
311441549,Core Supply Mug With Dog Toy,https://www.tesco.com/groceries/en-GB/shop/pets/all?department=Cat%20Food%20%26%20Accessories&viewAll=department&page=,£6.00,£6.00/each,,,/groceries/en-GB/products/311441549,https://digitalcontent.api.tesco.com/v2/media/ghs/3f6e5842-b237-417f-a1c8-55fa35450ba0/65ae40f2-6cc9-435b-9c4c-391723597137_186960225.jpeg?h=225&w=225,
309451632,Lily's Kitchen Cat Tasty Cuts Mixed Multipack 8X85g,https://www.tesco.com/groceries/en-GB/shop/pets/all?department=Cat%20Food%20%26%20Accessories&viewAll=department&page=,£7.80,£11.48/kg,,,/groceries/en-GB/products/309451632,https://digitalcontent.api.tesco.com/v2/media/ghs/cedd18e5-5c1f-47b4-b4b1-53c5a76f6d8b/ae6a2de2-fa4d-4ca2-a178-f588d3bf7dc8_1434596667.jpeg?h=225&w=225,
295268894,Meowee Cat Toy Dangley Flamingo,https://www.tesco.com/groceries/en-GB/shop/pets/all?department=Cat%20Food%20%26%20Accessories&viewAll=department&page=,£5.00,£5.00/each,,,/groceries/en-GB/products/295268894,https://digitalcontent.api.tesco.com/v2/media/ghs/7dc3b570-c275-48c5-a7c4-0fcbebd0471f/1aecde5b-56e3-4d3b-a5a4-5478e9159679_1340921720.jpeg?h=225&w=225,
257938729,Bob Martin Spot On Dewormer For Cats 2 Tube,https://www.tesco.com/groceries/en-GB/shop/pets/all?department=Cat%20Food%20%26%20Accessories&viewAll=department&page=,£5.75,£2.88/each,,,/groceries/en-GB/products/257938729,https://digitalcontent.api.tesco.com/v2/media/ghs/76348803-c1f2-4d1c-bf8f-81f4c2e189ca/bdc17c60-30df-4b55-bfea-428e0cc1b46a_1339732888.jpeg?h=225&w=225,
299225410,Meowee Cat Batting Ball Stack Toy,https://www.tesco.com/groceries/en-GB/shop/pets/all?department=Cat%20Food%20%26%20Accessories&viewAll=department&page=,£5.00,£5.00/each,,,/groceries/en-GB/products/299225410,https://digitalcontent.api.tesco.com/v2/media/ghs/0112e377-f619-484b-b942-b1fda4a09b23/8719aa91-b87b-4db9-bc2a-b4935cf25847_1911277503.jpeg?h=225&w=225,
304793684,Petface Laser Chaser Cat Toy,https://www.tesco.com/groceries/en-GB/shop/pets/all?department=Cat%20Food%20%26%20Accessories&viewAll=department&page=,£4.30,£4.30/each,,,/groceries/en-GB/products/304793684,https://digitalcontent.api.tesco.com/v2/media/ghs/21c26e83-16ae-4c5e-851a-0778a83fc66f/cdc56cba-b407-49fb-9d9a-94322cd61a82_1272857620.jpeg?h=225&w=225,
312140086,Tesco Etched Paw Stainless Steel Bowl Non Slip 17Cm,https://www.tesco.com/groceries/en-GB/shop/pets/all?department=Cat%20Food%20%26%20Accessories&viewAll=department&page=,£5.00,£5.00/each,,New,/groceries/en-GB/products/312140086,https://digitalcontent.api.tesco.com/v2/media/ghs/09821ec8-fdaa-46a7-9edf-38bc292338a4/a6449e42-383a-40d6-90b6-ac804dee9b6c_1298610295.jpeg?h=225&w=225,
312351815,Core Supply Small Melamine Stainless Steel Pet Bowl Assorted,https://www.tesco.com/groceries/en-GB/shop/pets/all?department=Cat%20Food%20%26%20Accessories&viewAll=department&page=,£5.00,£5.00/each,,,/groceries/en-GB/products/312351815,https://digitalcontent.api.tesco.com/v2/media/ghs/0d0ff417-67a7-4e02-aea9-0e5be8dd7399/6083e1f9-cea3-4d2f-8e7a-5242f9790a8a_761047054.jpeg?h=225&w=225,
291900262,Freshpet Roasted Meals Chicken & Vegetable Cat Food 454G,https://www.tesco.com/groceries/en-GB/shop/pets/all?department=Cat%20Food%20%26%20Accessories&viewAll=department&page=,£6.30,£13.88/kg,,,/groceries/en-GB/products/291900262,https://digitalcontent.api.tesco.com/v2/media/ghs/f285b611-1a92-444f-8f32-69f08e17088f/df366524-4ff5-45fe-a8a1-5047f7521673.jpeg?h=225&w=225,
295268813,Meowee Cat Toy Tent,https://www.tesco.com/groceries/en-GB/shop/pets/all?department=Cat%20Food%20%26%20Accessories&viewAll=department&page=,£5.00,£5.00/each,,,/groceries/en-GB/products/295268813,https://digitalcontent.api.tesco.com/v2/media/ghs/a8e8cb83-b655-4024-9556-3cba69567daa/ecb6838b-8ec8-4b90-943c-0299e365349e_1769349359.jpeg?h=225&w=225,
311668347,Core Supply Collapsible Pet Bowel 354Ml Assorted,https://www.tesco.com/groceries/en-GB/shop/pets/all?department=Cat%20Food%20%26%20Accessories&viewAll=department&page=,£4.00,£4.00/each,,,/groceries/en-GB/products/311668347,https://digitalcontent.api.tesco.com/v2/media/ghs/7e13f6d6-5095-46f2-bac6-8566898b1b13/770de500-70b6-4565-9005-cb37b7874242_879154169.jpeg?h=225&w=225,
310661964,Core Supply Pet Food Storage Assorted,https://www.tesco.com/groceries/en-GB/shop/pets/all?department=Cat%20Food%20%26%20Accessories&viewAll=department&page=,£4.00,£4.00/each,,,/groceries/en-GB/products/310661964,https://digitalcontent.api.tesco.com/v2/media/ghs/c9392805-6f15-43f7-8c48-2474803cb875/1c7e3edc-41e9-4273-84e4-f895571504f2_35702207.jpeg?h=225&w=225,
311994545,Tesco Embossed Paw Ceramic Bowl 13.5Cm,https://www.tesco.com/groceries/en-GB/shop/pets/all?department=Cat%20Food%20%26%20Accessories&viewAll=department&page=,£4.00,£4.00/each,,,/groceries/en-GB/products/311994545,https://digitalcontent.api.tesco.com/v2/media/ghs/c5532dfb-cc47-4890-b395-a53db586f78f/c6fb58f9-0e09-45ee-8c9a-1f717a53d320_804329848.jpeg?h=225&w=225,
307736679,Good Boy Chewy Chicken & Sweet Potato Wedges 70G,https://www.tesco.com/groceries/en-GB/shop/pets/all?department=Dog%20Food%20%26%20Accessories&viewAll=department&page=,£2.25,£32.15/kg,,,/groceries/en-GB/products/307736679,https://digitalcontent.api.tesco.com/v2/media/ghs/be0c660b-36cf-42b7-9785-b78794ffd70d/69e37674-0b09-4198-b3d6-29274c419286_1489981275.jpeg?h=225&w=225,
310101983,Scrumbles Softies Training Treats 90G,https://www.tesco.com/groceries/en-GB/shop/pets/all?department=Dog%20Food%20%26%20Accessories&viewAll=department&page=,£2.60,£28.89/kg,,,/groceries/en-GB/products/310101983,https://digitalcontent.api.tesco.com/v2/media/ghs/b58ac784-0290-45a8-a69f-a212a951ab42/812963a8-11d8-4a5b-8147-5de0c42bbee2_1814193265.jpeg?h=225&w=225,
301744454,"Iams Dog Food Puppy Small, Medium With Chicken 800G",https://www.tesco.com/groceries/en-GB/shop/pets/all?department=Dog%20Food%20%26%20Accessories&viewAll=department&page=,£3.50,£4.38/kg,,,/groceries/en-GB/products/301744454,https://digitalcontent.api.tesco.com/v2/media/ghs/3c23c3ac-e8ad-45a9-9859-e3374c46fc73/76e7f658-f246-464f-ad12-8c33090ca9ac_1532187674.jpeg?h=225&w=225,
284829991,Pedigree Pouch Jelly Senior 12X100g,https://www.tesco.com/groceries/en-GB/shop/pets/all?department=Dog%20Food%20%26%20Accessories&viewAll=department&page=,£4.50,£3.75/kg,,,/groceries/en-GB/products/284829991,https://digitalcontent.api.tesco.com/v2/media/ghs/f42d4e68-c144-4445-845a-dbac2c45456b/c2c3be03-5ade-4a09-96b8-26c24b65d948.jpeg?h=225&w=225,
310136509,Duerr's Peamutt Butter Peanut Butter For Dogs 340G,https://www.tesco.com/groceries/en-GB/shop/pets/all?department=Dog%20Food%20%26%20Accessories&viewAll=department&page=,£2.30,£6.77/kg,£2.00 Clubcard Price,,/groceries/en-GB/products/310136509,https://digitalcontent.api.tesco.com/v2/media/ghs/029094c1-974d-42ea-988c-626106349559/dadb392b-f0bc-49b8-a20d-912903a25a1e_902235664.jpeg?h=225&w=225,
299271170,Butcher's Succulent Recipe Trays 4 X 150G,https://www.tesco.com/groceries/en-GB/shop/pets/all?department=Dog%20Food%20%26%20Accessories&viewAll=department&page=,£2.45,£4.09/kg,,,/groceries/en-GB/products/299271170,https://digitalcontent.api.tesco.com/v2/media/ghs/ed4bbf2e-b45e-4f96-9f76-643c2516a84e/5b115fc2-582c-4b11-8ae3-8a047fb0501e_2101894248.jpeg?h=225&w=225,
309463589,Lily's Kitchen Dog Chew Sticks Salmon 120G,https://www.tesco.com/groceries/en-GB/shop/pets/all?department=Dog%20Food%20%26%20Accessories&viewAll=department&page=,£2.60,£21.67/kg,,,/groceries/en-GB/products/309463589,https://digitalcontent.api.tesco.com/v2/media/ghs/7255c31a-a8fa-4fdf-9cbe-eb278bee1789/50558336-d99e-46d8-b49b-374150258a06_1032664194.jpeg?h=225&w=225,
310098677,Dentalife Activfresh 7 Small Dog Sticks 115G,https://www.tesco.com/groceries/en-GB/shop/pets/all?department=Dog%20Food%20%26%20Accessories&viewAll=department&page=,£2.00,£17.40/kg,£1.50 Clubcard Price,,/groceries/en-GB/products/310098677,https://digitalcontent.api.tesco.com/v2/media/ghs/0d306713-0dd2-4ee1-8ded-5120ebe91f69/f02ba927-cd7d-4bc1-9c78-efd6402afadb_2146856527.jpeg?h=225&w=225,
309465633,Lily's Kitchen Dog Chew Sticks Chicken 120G,https://www.tesco.com/groceries/en-GB/shop/pets/all?department=Dog%20Food%20%26%20Accessories&viewAll=department&page=,£2.60,£21.67/kg,,,/groceries/en-GB/products/309465633,https://digitalcontent.api.tesco.com/v2/media/ghs/6116127a-f132-4a30-b0c3-31635f7e9f1b/0bff5739-4b46-4733-aa23-bf99c9ee4d5f_183025293.jpeg?h=225&w=225,
309481043,Lily's Kitchen Chew Sticks Lamb 120G,https://www.tesco.com/groceries/en-GB/shop/pets/all?department=Dog%20Food%20%26%20Accessories&viewAll=department&page=,£2.60,£21.67/kg,,,/groceries/en-GB/products/309481043,https://digitalcontent.api.tesco.com/v2/media/ghs/e97d3314-13f6-479f-951e-b41a61161edb/82c6d856-fc6b-4227-8f7e-ba67ce08d586_2050480737.jpeg?h=225&w=225,
291596874,Good Boy Wagtastic Gnaw A Bone,https://www.tesco.com/groceries/en-GB/shop/pets/all?department=Dog%20Food%20%26%20Accessories&viewAll=department&page=,£2.00,£2.00/each,,,/groceries/en-GB/products/291596874,https://digitalcontent.api.tesco.com/v2/media/ghs/45897ee3-485f-444b-89d6-2481feafbac9/8dc361be-4c80-48eb-b96a-f4b6a8b2d080_897645599.jpeg?h=225&w=225,
304394442,Lilys Kitchen Chicken Jerky For Dogs 70G,https://www.tesco.com/groceries/en-GB/shop/pets/all?department=Dog%20Food%20%26%20Accessories&viewAll=department&page=,£3.00,£42.86/kg,£2.00 Clubcard Price,,/groceries/en-GB/products/304394442,https://digitalcontent.api.tesco.com/v2/media/ghs/ee7c9636-1a0f-477d-8de4-98078d33aacc/38ca83f8-8876-4c32-857d-0de11a14fdce_330470132.jpeg?h=225&w=225,
304389247,Lilys Kitchen Duck Mini Jerky Dog Food 70G,https://www.tesco.com/groceries/en-GB/shop/pets/all?department=Dog%20Food%20%26%20Accessories&viewAll=department&page=,£3.00,£42.86/kg,£2.00 Clubcard Price,,/groceries/en-GB/products/304389247,https://digitalcontent.api.tesco.com/v2/media/ghs/7374fd6f-5bb3-4082-b669-6405b1f55a80/3c9901cb-bb85-46fa-95cc-2c86f4d8b791_333034774.jpeg?h=225&w=225,
307341973,Lily's Kitchen Dog Pork & Apple Sausages 70G,https://www.tesco.com/groceries/en-GB/shop/pets/all?department=Dog%20Food%20%26%20Accessories&viewAll=department&page=,£3.00,£42.86/kg,£2.00 Clubcard Price,,/groceries/en-GB/products/307341973,https://digitalcontent.api.tesco.com/v2/media/ghs/e2960b9e-18e6-408d-82ac-5a6999a45d0f/5f14d8e5-e98e-4b46-bd28-c008b38ce8bf_566730446.jpeg?h=225&w=225,
310103186,Denzel's Soft & Squishy Dog Puppy Bites 100G,https://www.tesco.com/groceries/en-GB/shop/pets/all?department=Dog%20Food%20%26%20Accessories&viewAll=department&page=,£2.50,£25.00/kg,,,/groceries/en-GB/products/310103186,https://digitalcontent.api.tesco.com/v2/media/ghs/f3acb6b2-6c87-4aa5-8d6f-9f349d187fca/5031e2b3-46ff-41b4-93d5-b1d0cb1a3798_562415822.jpeg?h=225&w=225,
307753290,Harringtons Lamb & Rice Complete Dog Food 12Kg,https://www.tesco.com/groceries/en-GB/shop/pets/all?department=Dog%20Food%20%26%20Accessories&viewAll=department&page=,£28.50,£2.38/kg,,,/groceries/en-GB/products/307753290,https://digitalcontent.api.tesco.com/v2/media/ghs/23f5a40d-667f-40ea-886f-8bad4305b4e7/25746bc4-1561-4718-ab52-9d99333e69ea_1262809790.jpeg?h=225&w=225,
307345934,Harringtons Turkey & Vegetable Complete Dog Food 12Kg,https://www.tesco.com/groceries/en-GB/shop/pets/all?department=Dog%20Food%20%26%20Accessories&viewAll=department&page=,£28.50,£2.38/kg,,,/groceries/en-GB/products/307345934,https://digitalcontent.api.tesco.com/v2/media/ghs/207aa6c4-694b-4676-8036-47332f754ad6/e623ce6d-8c4f-4508-83ab-1c239f4ed6aa_25621551.jpeg?h=225&w=225,
298911284,Bakers Adult Beef & Vegetable 12Kg,https://www.tesco.com/groceries/en-GB/shop/pets/all?department=Dog%20Food%20%26%20Accessories&viewAll=department&page=,£22.00,£1.84/kg,,,/groceries/en-GB/products/298911284,https://digitalcontent.api.tesco.com/v2/media/ghs/43878110-ad70-466e-9bb7-43075624345e/854b8cf8-36de-4c62-9a2f-143fd601e490_152079766.jpeg?h=225&w=225,
295226800,Wagtastic Chicken&Calcium Bones 350G,https://www.tesco.com/groceries/en-GB/shop/pets/all?department=Dog%20Food%20%26%20Accessories&viewAll=department&page=,£7.50,£21.43/kg,,,/groceries/en-GB/products/295226800,https://digitalcontent.api.tesco.com/v2/media/ghs/3d3ce092-4399-4bce-8802-eab364cbb920/ac30a37f-ef03-4dd3-a19d-16825766a566_425978922.jpeg?h=225&w=225,
295410600,Wagtastic Chicken Variety Pack 320G,https://www.tesco.com/groceries/en-GB/shop/pets/all?department=Dog%20Food%20%26%20Accessories&viewAll=department&page=,£7.50,£23.44/kg,,,/groceries/en-GB/products/295410600,https://digitalcontent.api.tesco.com/v2/media/ghs/3c0c8cd5-2ab4-4602-95ea-bceff0431e1a/c69628e7-2700-4404-b3c2-39dd0ef39206_1892038285.jpeg?h=225&w=225,
307736506,Good Boy Wagtastic Assorted Meat Strips 300G,https://www.tesco.com/groceries/en-GB/shop/pets/all?department=Dog%20Food%20%26%20Accessories&viewAll=department&page=,£7.50,£25.00/kg,,,/groceries/en-GB/products/307736506,https://digitalcontent.api.tesco.com/v2/media/ghs/33ad84e0-eb05-4b72-a812-894d655ec159/c983926f-7e50-4a76-a729-d63dc3e3b697_1481860376.jpeg?h=225&w=225,
304410551,Harringtons Adult Dog Mixed Selection Box 6X400g,https://www.tesco.com/groceries/en-GB/shop/pets/all?department=Dog%20Food%20%26%20Accessories&viewAll=department&page=,£8.50,£3.55/kg,,,/groceries/en-GB/products/304410551,https://digitalcontent.api.tesco.com/v2/media/ghs/0e41ca70-108b-4543-a924-33d3c4b4dfce/92791f30-e6bd-4dd1-b5d6-af43f786b7e6_350953323.jpeg?h=225&w=225,
290051052,Lily's Kitchen Venison & Duck Dry Dog Food 1Kg,https://www.tesco.com/groceries/en-GB/shop/pets/all?department=Dog%20Food%20%26%20Accessories&viewAll=department&page=,£8.30,£8.30/kg,,,/groceries/en-GB/products/290051052,https://digitalcontent.api.tesco.com/v2/media/ghs/4160f3b4-0e6d-43ef-aad2-eec7d2a57e9c/8a4662b7-1afe-4fbb-b106-339c1b4436ff_346862893.jpeg?h=225&w=225,
295226702,Encore Dog Food Beef Steak Tins Multipack 5X156g,https://www.tesco.com/groceries/en-GB/shop/pets/all?department=Dog%20Food%20%26%20Accessories&viewAll=department&page=,£7.50,£9.62/kg,,,/groceries/en-GB/products/295226702,https://digitalcontent.api.tesco.com/v2/media/ghs/884764f3-5788-46f0-9a4c-359a54bee7b5/d8fe48d7-86ab-45d1-ac36-a61a9d14e1fd_1820728362.jpeg?h=225&w=225,
311994522,Tesco Etched Paw Stainless Steel Bowl Non Slip 12Cm,https://www.tesco.com/groceries/en-GB/shop/pets/all?department=Cat%20Food%20%26%20Accessories&viewAll=department&page=,£4.00,£4.00/each,,,/groceries/en-GB/products/311994522,https://digitalcontent.api.tesco.com/v2/media/ghs/2f9a2307-ed69-4fbe-9469-d2a5b5a48561/40297de7-aeaf-4f9d-85fe-687297048a54_245301642.jpeg?h=225&w=225,
312140117,Tesco Stainless Steel Bowl With Non Slip Base 16.5Cm,https://www.tesco.com/groceries/en-GB/shop/pets/all?department=Cat%20Food%20%26%20Accessories&viewAll=department&page=,£4.00,£4.00/each,,New,/groceries/en-GB/products/312140117,https://digitalcontent.api.tesco.com/v2/media/ghs/5f952534-2b14-4075-9bf7-f9bf592a2a09/6a03d7ff-e1ae-442b-9f5f-e71ad511e840_241438421.jpeg?h=225&w=225,
295210997,Freshpet Chicken & Beef Cat Food 454G,https://www.tesco.com/groceries/en-GB/shop/pets/all?department=Cat%20Food%20%26%20Accessories&viewAll=department&page=,£5.00,£11.02/kg,,,/groceries/en-GB/products/295210997,https://digitalcontent.api.tesco.com/v2/media/ghs/7040a53e-51ed-496c-bca5-0a76fdb993c5/111df6d6-d608-49bc-a041-d3d68e5d8451.jpeg?h=225&w=225,
311422244,Core Supply Ceramic Cat Bowl,https://www.tesco.com/groceries/en-GB/shop/pets/all?department=Cat%20Food%20%26%20Accessories&viewAll=department&page=,£4.00,£4.00/each,,,/groceries/en-GB/products/311422244,https://digitalcontent.api.tesco.com/v2/media/ghs/1fac4433-c657-4e4a-8640-9d284d7da07f/04d38b2a-91fa-4dcd-89d3-0971f7064145_1655986884.jpeg?h=225&w=225,
310151116,Core Supply Pet Food Can Covers,https://www.tesco.com/groceries/en-GB/shop/pets/all?department=Cat%20Food%20%26%20Accessories&viewAll=department&page=,£4.00,£4.00/each,,,/groceries/en-GB/products/310151116,https://digitalcontent.api.tesco.com/v2/media/ghs/427cd7a3-866e-4d10-b03f-549e9fc3eaa7/473b2926-4f4a-438f-a281-253c2c486d97_790612284.jpeg?h=225&w=225,
312140103,Tesco Stainless Steel Bowl With Non Slip Base 14Cm,https://www.tesco.com/groceries/en-GB/shop/pets/all?department=Cat%20Food%20%26%20Accessories&viewAll=department&page=,£3.50,£3.50/each,,,/groceries/en-GB/products/312140103,https://digitalcontent.api.tesco.com/v2/media/ghs/1a2470b8-d7e6-4ae1-b05b-7ef6f8cc76e5/95e087ad-1fc1-4bfd-a58a-0a015cc37a0b_1989046755.jpeg?h=225&w=225,
295268836,Meowee Cat Toy Tunnel,https://www.tesco.com/groceries/en-GB/shop/pets/all?department=Cat%20Food%20%26%20Accessories&viewAll=department&page=,£3.50,£3.50/each,,,/groceries/en-GB/products/295268836,https://digitalcontent.api.tesco.com/v2/media/ghs/af2a1b28-bc7d-43ae-a444-7f95a904a5f0/b21d3dfe-afb4-4b5e-b797-17f87aa15cbd_1444940760.jpeg?h=225&w=225,
311994551,Tesco Embossed Ceramic Bowl 10.3Cm,https://www.tesco.com/groceries/en-GB/shop/pets/all?department=Cat%20Food%20%26%20Accessories&viewAll=department&page=,£3.00,£3.00/each,,,/groceries/en-GB/products/311994551,https://digitalcontent.api.tesco.com/v2/media/ghs/7c33fb44-7dfc-438c-8d74-17dffaba2759/50bce8f9-6bfc-4cc4-9575-145d39f9d423_709648614.jpeg?h=225&w=225,
312140092,Tesco Stainless Steel Bowl With Non Slip Base 11.5Cm,https://www.tesco.com/groceries/en-GB/shop/pets/all?department=Cat%20Food%20%26%20Accessories&viewAll=department&page=,£3.00,£3.00/each,,,/groceries/en-GB/products/312140092,https://digitalcontent.api.tesco.com/v2/media/ghs/7fc9e3a1-a739-4993-aace-58c388588f30/fe0472c2-152e-41e1-bd6d-ce7c0f9f4890_1982802045.jpeg?h=225&w=225,
271371986,Good Girl Cat Brush,https://www.tesco.com/groceries/en-GB/shop/pets/all?department=Cat%20Food%20%26%20Accessories&viewAll=department&page=,£3.00,£3.00/each,,,/groceries/en-GB/products/271371986,https://digitalcontent.api.tesco.com/v2/media/ghs/c024687a-8649-4783-91f6-dc7cd6501b77/9ad833cd-a8b7-4e8f-ad92-2f67964939c0_991170176.jpeg?h=225&w=225,
311793380,Core Supply Bone Bag Clips 2 Pack,https://www.tesco.com/groceries/en-GB/shop/pets/all?department=Cat%20Food%20%26%20Accessories&viewAll=department&page=,£3.00,£1.50/each,,New,/groceries/en-GB/products/311793380,https://digitalcontent.api.tesco.com/v2/media/ghs/8f838660-d8c6-4f4b-8f93-7dbdfe10a252/8a1660e9-a83f-44f2-9b46-558db80d86b5_1342554395.jpeg?h=225&w=225,
295268992,Meowee Cat Spotty Collar,https://www.tesco.com/groceries/en-GB/shop/pets/all?department=Cat%20Food%20%26%20Accessories&viewAll=department&page=,£3.00,£3.00/each,,,/groceries/en-GB/products/295268992,https://digitalcontent.api.tesco.com/v2/media/ghs/aa7b87b5-7441-4d02-b724-7733761a30c9/3b9244c1-982b-45a7-9c90-9a3f09c28aaa_1205880290.jpeg?h=225&w=225,
295196068,Iams Delights Senior Cat Food Chicken In Gravy 12X85g,https://www.tesco.com/groceries/en-GB/shop/pets/all?department=Cat%20Food%20%26%20Accessories&viewAll=department&page=,,,,,/groceries/en-GB/products/295196068,https://digitalcontent.api.tesco.com/v2/media/ghs/94c97d3a-e05b-4954-bd6f-b2000e3dc028/3f459c2b-9cd9-4f33-8fd6-4e764a7a38be_967777240.jpeg?h=225&w=225,This product's currently out of stock
286765209,Sheba Tray Slices Gravy With Chicken 85G,https://www.tesco.com/groceries/en-GB/shop/pets/all?department=Cat%20Food%20%26%20Accessories&viewAll=department&page=,£0.70,£8.24/kg,,,/groceries/en-GB/products/286765209,https://digitalcontent.api.tesco.com/v2/media/ghs/e731a700-6ea8-4584-952d-51bf95f5173b/9ad3d0b2-5a49-4ef6-818b-f3e6a5ad6305_1026131915.jpeg?h=225&w=225,
286764922,Sheba Tray Sauce Lamb & Vegetable 85G,https://www.tesco.com/groceries/en-GB/shop/pets/all?department=Cat%20Food%20%26%20Accessories&viewAll=department&page=,£0.70,£8.24/kg,,,/groceries/en-GB/products/286764922,,
310660130,Harringtons Advanced Science Diet Dry Dog Large Breed2kg,https://www.tesco.com/groceries/en-GB/shop/pets/all?department=Dog%20Food%20%26%20Accessories&viewAll=department&page=,£7.50,£3.75/kg,,,/groceries/en-GB/products/310660130,https://digitalcontent.api.tesco.com/v2/media/ghs/89f60192-f8d8-4a7f-b5db-0221c5ac0e55/5a1d9699-72bb-4a67-b357-9c17d391314f_977905801.jpeg?h=225&w=225,
301743645,Iams Dog Food Adult Light In Fat With Chicken 2Kg,https://www.tesco.com/groceries/en-GB/shop/pets/all?department=Dog%20Food%20%26%20Accessories&viewAll=department&page=,£7.35,£3.68/kg,,,/groceries/en-GB/products/301743645,https://digitalcontent.api.tesco.com/v2/media/ghs/e41ea43f-4cef-4f55-9866-f55d7d21dd89/871cf26a-206b-40cd-9c6b-8d33a9c530ff_1656949129.jpeg?h=225&w=225,
298895745,Hilife Natural Multipack Broth 5X100g,https://www.tesco.com/groceries/en-GB/shop/pets/all?department=Dog%20Food%20%26%20Accessories&viewAll=department&page=,£5.55,£11.10/kg,,,/groceries/en-GB/products/298895745,https://digitalcontent.api.tesco.com/v2/media/ghs/ff2976e4-7369-4de0-a79b-6fb847614de7/a7b5f98c-f9ea-41a4-92ae-4da372067f9e_488634766.jpeg?h=225&w=225,
291899268,Freshpet Chicken Spinach & Potato Dog Food 680G,https://www.tesco.com/groceries/en-GB/shop/pets/all?department=Dog%20Food%20%26%20Accessories&viewAll=department&page=,£5.00,£7.36/kg,,,/groceries/en-GB/products/291899268,https://digitalcontent.api.tesco.com/v2/media/ghs/f17de6f3-fd39-4be9-9c85-34cdc8b0efa7/7052c7fe-39a7-4411-9da3-14fb60f0f875.jpeg?h=225&w=225,
304783667,Cesar Senior 10+ Selection In Jelly 12X100g,https://www.tesco.com/groceries/en-GB/shop/pets/all?department=Dog%20Food%20%26%20Accessories&viewAll=department&page=,£5.50,£4.59/kg,,,/groceries/en-GB/products/304783667,https://digitalcontent.api.tesco.com/v2/media/ghs/61df8232-9193-4d02-a26d-3e076e393868/4e548d7b-6066-40be-999c-d3c61c96c81c.jpeg?h=225&w=225,
309190888,Pedigree Small Dog Dentastix Chews 35 Pieces 550G,https://www.tesco.com/groceries/en-GB/shop/pets/all?department=Dog%20Food%20%26%20Accessories&viewAll=department&page=,£6.20,£11.28/kg,,,/groceries/en-GB/products/309190888,https://digitalcontent.api.tesco.com/v2/media/ghs/580f97bd-25c8-422f-a1ad-aecde9356804/5d1b9ecc-afea-4de6-bb67-e9322158b6e0_1422022110.jpeg?h=225&w=225,
295336318,Vanish Pet Expert Carpet Care Foam 600Ml,https://www.tesco.com/groceries/en-GB/shop/pets/all?department=Dog%20Food%20%26%20Accessories&viewAll=department&page=,£7.00,£11.67/litre,,,/groceries/en-GB/products/295336318,https://digitalcontent.api.tesco.com/v2/media/ghs/602114b8-8c85-4d23-877f-a9efb6e1596b/231d86df-290f-4f1a-9aa2-e8ad7ba61e83_2124801093.jpeg?h=225&w=225,
309783819,Nood Dry Dog Food Chicken & Vegetable 1.4Kg,https://www.tesco.com/groceries/en-GB/shop/pets/all?department=Dog%20Food%20%26%20Accessories&viewAll=department&page=,£5.30,£3.79/kg,£4.50 Clubcard Price,,/groceries/en-GB/products/309783819,https://digitalcontent.api.tesco.com/v2/media/ghs/baa89051-6c58-4277-9950-21b5bec9d3fc/2fed846a-eb1f-4ce6-a402-c1fba1df4231_1716567052.jpeg?h=225&w=225,
301074814,Bakers Small Dog Food Beef & Vegetables 1.1Kg,https://www.tesco.com/groceries/en-GB/shop/pets/all?department=Dog%20Food%20%26%20Accessories&viewAll=department&page=,£3.50,£3.19/kg,,,/groceries/en-GB/products/301074814,https://digitalcontent.api.tesco.com/v2/media/ghs/8aea38a9-ecdc-4b91-a64c-5598ace517ef/8fe64630-1d92-4602-b26d-fc39cf2b5800_1630295136.jpeg?h=225&w=225,
307742821,Cesar Garden Terrine 8 X 150G,https://www.tesco.com/groceries/en-GB/shop/pets/all?department=Dog%20Food%20%26%20Accessories&viewAll=department&page=,£5.50,£4.59/kg,,,/groceries/en-GB/products/307742821,https://digitalcontent.api.tesco.com/v2/media/ghs/6457919f-45c5-4b26-832d-7805463e39a7/4685ab0a-1244-441e-9b10-0da4da5f0263_1652582083.jpeg?h=225&w=225,
305056317,Crave Protein Strips Dog Treat Turkey & Chicken 55G,https://www.tesco.com/groceries/en-GB/shop/pets/all?department=Dog%20Food%20%26%20Accessories&viewAll=department&page=,£3.00,£54.55/kg,,,/groceries/en-GB/products/305056317,https://digitalcontent.api.tesco.com/v2/media/ghs/a0977f76-009c-416b-824e-8943e6c9f3e3/52fbc285-9330-4ace-84fa-03986288cd84_1926543873.jpeg?h=225&w=225,
308116058,Cesar Juicy Hotpot 8X150g,https://www.tesco.com/groceries/en-GB/shop/pets/all?department=Dog%20Food%20%26%20Accessories&viewAll=department&page=,£5.50,£4.59/kg,,,/groceries/en-GB/products/308116058,https://digitalcontent.api.tesco.com/v2/media/ghs/82e75e63-6e75-4d48-b0cd-37ddf43f200f/103a738a-54d7-4aeb-9232-a27e90842fba_638893520.jpeg?h=225&w=225,
305041127,Freshpet Small Dog Food Chicken & Turkey 454G,https://www.tesco.com/groceries/en-GB/shop/pets/all?department=Dog%20Food%20%26%20Accessories&viewAll=department&page=,£3.90,£8.60/kg,,,/groceries/en-GB/products/305041127,https://digitalcontent.api.tesco.com/v2/media/ghs/8b8eee01-efbf-4afd-954b-ef5c1cb9fb24/282b2aea-dc28-44e3-bd59-a1b7390272c7_1054562365.jpeg?h=225&w=225,
309747202,Good Boy Tough & Tasty Chicken Large Roll 80G,https://www.tesco.com/groceries/en-GB/shop/pets/all?department=Dog%20Food%20%26%20Accessories&viewAll=department&page=,£3.00,£37.50/kg,,,/groceries/en-GB/products/309747202,https://digitalcontent.api.tesco.com/v2/media/ghs/31fc9153-38bb-4ef4-8c41-3fe9fe1b4794/bd37f813-fa2a-4e90-897a-3912ce6d7598_303485759.jpeg?h=225&w=225,
291898880,Freshpet Chicken Vegetable Vegetable & Brown Rice Dog Food 454G,https://www.tesco.com/groceries/en-GB/shop/pets/all?department=Dog%20Food%20%26%20Accessories&viewAll=department&page=,£3.90,£8.60/kg,,,/groceries/en-GB/products/291898880,https://digitalcontent.api.tesco.com/v2/media/ghs/54225356-44a3-4d8e-9082-7e48e9147097/daaabf11-c1a1-455b-bb9c-5f0e298f095a.jpeg?h=225&w=225,
268368839,Pedigree Puppy Cuts In Jelly 6X400g,https://www.tesco.com/groceries/en-GB/shop/pets/all?department=Dog%20Food%20%26%20Accessories&viewAll=department&page=,£5.50,£2.30/kg,,,/groceries/en-GB/products/268368839,https://digitalcontent.api.tesco.com/v2/media/ghs/8246ea27-0f6d-4fcf-a691-ee67f60340cf/234d7232-0541-492a-a01d-cbdd98f6edd6.jpeg?h=225&w=225,
306649605,Good Boy Meaty Variety Pack Dog Treats 70G,https://www.tesco.com/groceries/en-GB/shop/pets/all?department=Dog%20Food%20%26%20Accessories&viewAll=department&page=,£2.25,£32.15/kg,,,/groceries/en-GB/products/306649605,https://digitalcontent.api.tesco.com/v2/media/ghs/90eeb4de-8b6a-4345-8a6d-1ef180048c6a/1fe085c7-5565-4947-9c91-7dc9514cc85b_937525509.jpeg?h=225&w=225,
309463641,Lily's Kitchen Dog Chew Sticks With Turkey 120G,https://www.tesco.com/groceries/en-GB/shop/pets/all?department=Dog%20Food%20%26%20Accessories&viewAll=department&page=,£2.60,£21.67/kg,,,/groceries/en-GB/products/309463641,https://digitalcontent.api.tesco.com/v2/media/ghs/a5cc0cd4-df5b-4a06-8a38-80ad56e742c0/29a57fd8-2808-4297-bbba-6574c49f140b_1143932789.jpeg?h=225&w=225,
309481890,Lily's Kitchen Chew Sticks Beef 120G,https://www.tesco.com/groceries/en-GB/shop/pets/all?department=Dog%20Food%20%26%20Accessories&viewAll=department&page=,£2.60,£21.67/kg,,,/groceries/en-GB/products/309481890,https://digitalcontent.api.tesco.com/v2/media/ghs/ca509539-ed2d-4497-9eaf-e5c2ce879eeb/8bc931ec-e828-491e-9ded-3a7e368059ac_1999511912.jpeg?h=225&w=225,
306665804,Good Boy Chewy Chicken Nibbles Dog Treats 70G,https://www.tesco.com/groceries/en-GB/shop/pets/all?department=Dog%20Food%20%26%20Accessories&viewAll=department&page=,£2.25,£32.15/kg,,,/groceries/en-GB/products/306665804,https://digitalcontent.api.tesco.com/v2/media/ghs/7a6744c5-2da9-438e-ae29-1f9b88581ecd/eff7578b-85b9-47d6-964a-f943ea944568_1782698234.jpeg?h=225&w=225,
308831962,Pedigree Mixed Selection Dog Food In Gravy 12X100g,https://www.tesco.com/groceries/en-GB/shop/pets/all?department=Dog%20Food%20%26%20Accessories&viewAll=department&page=,£4.50,£3.75/kg,,,/groceries/en-GB/products/308831962,https://digitalcontent.api.tesco.com/v2/media/ghs/39ca8957-6bf8-477e-8d82-e3d978266652/f89700f5-a539-41d8-8b5a-3cbd753f8a59_1216504798.jpeg?h=225&w=225,
250316371,Pedigree Meaty Loaf Multipack 6 X 400G,https://www.tesco.com/groceries/en-GB/shop/pets/all?department=Dog%20Food%20%26%20Accessories&viewAll=department&page=,£5.50,£2.30/kg,,,/groceries/en-GB/products/250316371,https://digitalcontent.api.tesco.com/v2/media/ghs/3d1dc613-97a5-4f57-a99e-439e26a9ada5/50aaf95b-f905-4865-b42c-02e9095cfdfd_1214949867.jpeg?h=225&w=225,
310184209,Denzel's Superfood Bites For Dogs 100G,https://www.tesco.com/groceries/en-GB/shop/pets/all?department=Dog%20Food%20%26%20Accessories&viewAll=department&page=,£2.50,£25.00/kg,,,/groceries/en-GB/products/310184209,https://digitalcontent.api.tesco.com/v2/media/ghs/3e252d25-0d97-4257-8d4c-f4e473b86270/8e151d30-3b71-4e39-86f9-6a4fcc4b6fde_815904144.jpeg?h=225&w=225,
298872755,Wagtastic Toy Squeaky Donut Dog Toy,https://www.tesco.com/groceries/en-GB/shop/pets/all?department=Dog%20Food%20%26%20Accessories&viewAll=department&page=,£2.00,£2.00/each,,,/groceries/en-GB/products/298872755,https://digitalcontent.api.tesco.com/v2/media/ghs/fd27ae39-3677-4d00-999b-d8a7a784f385/e8916730-e400-46c2-82fa-e26cb95cdc0c_979904297.jpeg?h=225&w=225,
310094687,Denzel's Spring Bites Dog Treats 100G,https://www.tesco.com/groceries/en-GB/shop/pets/all?department=Dog%20Food%20%26%20Accessories&viewAll=department&page=,£2.50,£25.00/kg,,,/groceries/en-GB/products/310094687,https://digitalcontent.api.tesco.com/v2/media/ghs/e907e207-ffd4-4a98-b1c6-26a461d6071d/ea89093a-b7fe-41a7-b8e6-03a5d87839cd_1048102463.jpeg?h=225&w=225,
306661987,Good Boy Chicken Variety Pack Dog Treats 70G,https://www.tesco.com/groceries/en-GB/shop/pets/all?department=Dog%20Food%20%26%20Accessories&viewAll=department&page=,£2.25,£32.15/kg,,,/groceries/en-GB/products/306661987,https://digitalcontent.api.tesco.com/v2/media/ghs/5dbe8857-d567-4682-b67e-c55a1b47d1cc/47ee34fe-f75f-48c1-9a97-d6b7c3f571b3_386735944.jpeg?h=225&w=225,
310676434,Dentalife Activfresh 5 Medium Dog Sticks 115G,https://www.tesco.com/groceries/en-GB/shop/pets/all?department=Dog%20Food%20%26%20Accessories&viewAll=department&page=,£2.00,£17.40/kg,£1.50 Clubcard Price,,/groceries/en-GB/products/310676434,https://digitalcontent.api.tesco.com/v2/media/ghs/938f33a8-e0cd-4dcf-9483-072e161402df/09f11ff6-f798-40e5-9ee3-a668f45dc869_219031629.jpeg?h=225&w=225,
310127048,Dentalife Activfresh 4 Large Dog Sticks 142G,https://www.tesco.com/groceries/en-GB/shop/pets/all?department=Dog%20Food%20%26%20Accessories&viewAll=department&page=,£2.00,£14.09/kg,£1.50 Clubcard Price,,/groceries/en-GB/products/310127048,https://digitalcontent.api.tesco.com/v2/media/ghs/7aebb99a-87b7-425c-b8ec-48bbbf612435/705d28ac-4e9b-436d-bc2d-91ecadb4f745_2060569681.jpeg?h=225&w=225,
309488963,Lily's Kitchen Puppy Chicken & Salmon Nibbles 70G,https://www.tesco.com/groceries/en-GB/shop/pets/all?department=Dog%20Food%20%26%20Accessories&viewAll=department&page=,£3.00,£42.86/kg,£2.00 Clubcard Price,,/groceries/en-GB/products/309488963,https://digitalcontent.api.tesco.com/v2/media/ghs/24c2b290-6f48-425b-a01f-daea88ff4bb3/a61a03a9-e5c9-4c6a-8bc1-992d492e791a_98801310.jpeg?h=225&w=225,
299195450,Bakers Adult Chicken & Vegetable 12Kg,https://www.tesco.com/groceries/en-GB/shop/pets/all?department=Dog%20Food%20%26%20Accessories&viewAll=department&page=,£22.00,£1.84/kg,,,/groceries/en-GB/products/299195450,https://digitalcontent.api.tesco.com/v2/media/ghs/d129b21f-f03b-4551-a72a-0376d7f5d7cd/641b75ba-0ec3-4e1d-99f8-72b020f640bc_1979660626.jpeg?h=225&w=225,
278068488,Vets Kitchen Adult Dog Chicken & Rice 3 Kilograms,https://www.tesco.com/groceries/en-GB/shop/pets/all?department=Dog%20Food%20%26%20Accessories&viewAll=department&page=,£14.00,£4.67/kg,,,/groceries/en-GB/products/278068488,https://digitalcontent.api.tesco.com/v2/media/ghs/2ca8c224-de43-4c6e-b2aa-431653a5e3fd/01034c38-f159-4a4f-a369-d85f5fa3b46e_507433376.jpeg?h=225&w=225,
287391459,Vet's Kitchen Pork & Potato 2.2Kg,https://www.tesco.com/groceries/en-GB/shop/pets/all?department=Dog%20Food%20%26%20Accessories&viewAll=department&page=,£14.00,£6.37/kg,,,/groceries/en-GB/products/287391459,https://digitalcontent.api.tesco.com/v2/media/ghs/600ca2d9-de2e-40c4-b134-5d7251ef2def/30dd08a5-c9f8-45f7-b8ec-6ec5c4a0767a_1286206691.jpeg?h=225&w=225,
310142755,Scrumbles Salmon Dry Dog Food 2Kg,https://www.tesco.com/groceries/en-GB/shop/pets/all?department=Dog%20Food%20%26%20Accessories&viewAll=department&page=,£12.00,£6.00/kg,£9.00 Clubcard Price,,/groceries/en-GB/products/310142755,https://digitalcontent.api.tesco.com/v2/media/ghs/2f17561d-ad80-4d7d-96e3-d6e32f10a4b4/ff7622ed-2c2b-44e0-ab42-518967253fac_708269020.jpeg?h=225&w=225,
310180968,Scrumbles Chicken Dry Dog Food 2Kg,https://www.tesco.com/groceries/en-GB/shop/pets/all?department=Dog%20Food%20%26%20Accessories&viewAll=department&page=,£12.00,£6.00/kg,£9.00 Clubcard Price,,/groceries/en-GB/products/310180968,https://digitalcontent.api.tesco.com/v2/media/ghs/b6b278a2-2cff-471f-83e5-910d4eaa2a1d/97ad6e87-f13f-4873-a7ae-41404a6b0ade_402655508.jpeg?h=225&w=225,
311251549,Core Supply Medium Melamine Stainless Steel Pet Bowl Assorted,https://www.tesco.com/groceries/en-GB/shop/pets/all?department=Dog%20Food%20%26%20Accessories&viewAll=department&page=,£8.00,£8.00/each,,,/groceries/en-GB/products/311251549,https://digitalcontent.api.tesco.com/v2/media/ghs/a605b2e8-080c-42bf-9ecf-0e34d8e3b67c/bdab0b05-256b-4c13-86d8-9a9be531cc79_103348812.jpeg?h=225&w=225,
309765877,Nood Dry Dog Food Beef With Vegetables 2.9Kg,https://www.tesco.com/groceries/en-GB/shop/pets/all?department=Dog%20Food%20%26%20Accessories&viewAll=department&page=,£10.60,£3.66/kg,,,/groceries/en-GB/products/309765877,https://digitalcontent.api.tesco.com/v2/media/ghs/ffebab0a-08d9-4596-9f1b-e51e435bf108/b9dee415-1775-4454-918d-533650da7939_1221224335.jpeg?h=225&w=225,
307734232,Good Boy Wagtastic Meaty Variety Pack 300G,https://www.tesco.com/groceries/en-GB/shop/pets/all?department=Dog%20Food%20%26%20Accessories&viewAll=department&page=,£7.50,£25.00/kg,,,/groceries/en-GB/products/307734232,https://digitalcontent.api.tesco.com/v2/media/ghs/fb1f0b0e-2575-48e9-a147-14757a371a57/fc267837-812b-4196-9374-dc034dc9614f_1393453835.jpeg?h=225&w=225,
305249406,Harringtons Poultry Selection Box Dog Food 6X400g,https://www.tesco.com/groceries/en-GB/shop/pets/all?department=Dog%20Food%20%26%20Accessories&viewAll=department&page=,£8.50,£3.55/kg,,,/groceries/en-GB/products/305249406,https://digitalcontent.api.tesco.com/v2/media/ghs/545ee103-f745-445f-aaf5-faea0a4ef0e0/1066fbe2-6af9-4199-9eab-b7e1aa727eb1_600215844.jpeg?h=225&w=225,
299597457,Freshpet Select Small Dog Roasted Meals 454G,https://www.tesco.com/groceries/en-GB/shop/pets/all?department=Dog%20Food%20%26%20Accessories&viewAll=department&page=,£6.30,£13.88/kg,,,/groceries/en-GB/products/299597457,https://digitalcontent.api.tesco.com/v2/media/ghs/25b23c39-fa87-4570-b8b7-3abefdb602a9/6717f5ba-0760-4dcf-a70f-476a578fe541_703928147.jpeg?h=225&w=225,
291613901,Good Boy Wagtastic Cuddle Friends,https://www.tesco.com/groceries/en-GB/shop/pets/all?department=Dog%20Food%20%26%20Accessories&viewAll=department&page=,£5.00,£5.00/each,,,/groceries/en-GB/products/291613901,https://digitalcontent.api.tesco.com/v2/media/ghs/57dbf340-f693-41c7-833f-239d8da2308e/9796fd52-5457-4812-b6a4-67a34f35ccb7_1872764726.jpeg?h=225&w=225,
306499995,Good Boy Wagtastic Crinkl Legs Dog Toy,https://www.tesco.com/groceries/en-GB/shop/pets/all?department=Dog%20Food%20%26%20Accessories&viewAll=department&page=,£4.00,£4.00/each,,,/groceries/en-GB/products/306499995,https://digitalcontent.api.tesco.com/v2/media/ghs/64150bc0-8de4-4395-915f-241037bf7f2e/39a42d71-f95f-48b7-bcd6-fdb05f19b405_113988453.jpeg?h=225&w=225,
305048932,Cesar Selection In Sauce 1200G,https://www.tesco.com/groceries/en-GB/shop/pets/all?department=Dog%20Food%20%26%20Accessories&viewAll=department&page=,£5.50,£4.59/kg,,,/groceries/en-GB/products/305048932,https://digitalcontent.api.tesco.com/v2/media/ghs/90a354a1-2b87-45e4-b8a1-d48df817769e/676a0157-a276-438d-8bc2-af9e206ca049_806887642.jpeg?h=225&w=225,
305043776,Cesar Selection In Jelly 1200G,https://www.tesco.com/groceries/en-GB/shop/pets/all?department=Dog%20Food%20%26%20Accessories&viewAll=department&page=,£5.50,£4.59/kg,,,/groceries/en-GB/products/305043776,https://digitalcontent.api.tesco.com/v2/media/ghs/ff4748f3-c77f-4818-88b5-99497ab8ead0/66d144a7-7a33-44d7-a909-b6f0f9b7707f_1848412131.jpeg?h=225&w=225,
311425598,Pedigree Small Dog Adult Dry Food Chicken & Vegetables 3Kg,https://www.tesco.com/groceries/en-GB/shop/pets/all?department=Dog%20Food%20%26%20Accessories&viewAll=department&page=,£7.00,£2.34/kg,,,/groceries/en-GB/products/311425598,https://digitalcontent.api.tesco.com/v2/media/ghs/3b6d519d-7b0a-4c97-b929-c1b7e18d67df/a584110c-36aa-44c3-a47d-a44a5caf46a9_620899206.jpeg?h=225&w=225,
311432353,Core Supply Ceramic Dog Bowl,https://www.tesco.com/groceries/en-GB/shop/pets/all?department=Dog%20Food%20%26%20Accessories&viewAll=department&page=,£4.00,£4.00/each,,,/groceries/en-GB/products/311432353,https://digitalcontent.api.tesco.com/v2/media/ghs/b6c5e05b-f037-4376-9eb7-10f250bd3f8e/6c201993-d5ce-445f-b1ec-4251329bd787_493498642.jpeg?h=225&w=225,
309789624,Nood Dry Dog Food Beef With Vegetables 1.4Kg,https://www.tesco.com/groceries/en-GB/shop/pets/all?department=Dog%20Food%20%26%20Accessories&viewAll=department&page=,£5.30,£3.79/kg,£4.50 Clubcard Price,,/groceries/en-GB/products/309789624,https://digitalcontent.api.tesco.com/v2/media/ghs/749751de-21b4-4ced-b2bc-9143c60dcc55/1a2eb146-e8d1-4b98-a96f-594b4ea6986f_127330701.jpeg?h=225&w=225,
309473548,Nood Dry Dog Food Salmon With Vegetables 1.4Kg,https://www.tesco.com/groceries/en-GB/shop/pets/all?department=Dog%20Food%20%26%20Accessories&viewAll=department&page=,£5.30,£3.79/kg,£4.50 Clubcard Price,,/groceries/en-GB/products/309473548,https://digitalcontent.api.tesco.com/v2/media/ghs/8bd7b410-a59c-4139-9279-960ed624345d/02b31878-ef4e-4c9e-823d-f0c9035026c7_1580099868.jpeg?h=225&w=225,
311250251,Core Supply Dog Bandana With Collar,https://www.tesco.com/groceries/en-GB/shop/pets/all?department=Dog%20Food%20%26%20Accessories&viewAll=department&page=,£3.50,£3.50/each,,,/groceries/en-GB/products/311250251,https://digitalcontent.api.tesco.com/v2/media/ghs/252187c7-bba0-4701-a2ed-e5648eb1c64d/7260875b-44af-4230-af9d-1a31171d9294_987806908.jpeg?h=225&w=225,
305431530,Animology Dapper Dog Tutti Frutti Shampoo 250Ml,https://www.tesco.com/groceries/en-GB/shop/pets/all?department=Dog%20Food%20%26%20Accessories&viewAll=department&page=,£3.15,£12.60/litre,,,/groceries/en-GB/products/305431530,https://digitalcontent.api.tesco.com/v2/media/ghs/e3688212-0bfc-4d78-834a-4dcd94b7fb64/e0b79ba6-ade8-42d5-ae8a-5d7453b1ff7b_1073054746.jpeg?h=225&w=225,
311448686,Pedigree Adult Dry Dog Food Chicken & Vegetable 3Kg,https://www.tesco.com/groceries/en-GB/shop/pets/all?department=Dog%20Food%20%26%20Accessories&viewAll=department&page=,£7.00,£2.34/kg,,,/groceries/en-GB/products/311448686,https://digitalcontent.api.tesco.com/v2/media/ghs/be9dcab8-ede5-4fa6-bc42-ccf9be928cf9/0444d1d8-12d8-4b3d-a635-0b52b7e46f6d_813297017.jpeg?h=225&w=225,
305951012,Good Boy Wagtastic Squeak Vegetable Dog Toys,https://www.tesco.com/groceries/en-GB/shop/pets/all?department=Dog%20Food%20%26%20Accessories&viewAll=department&page=,£3.00,£3.00/each,,,/groceries/en-GB/products/305951012,https://digitalcontent.api.tesco.com/v2/media/ghs/6b570aa7-dcca-4cf5-b771-3379272a71b4/b0948afb-dce0-485b-a080-ec583fd62218_960397013.jpeg?h=225&w=225,
295210974,"Freshpet Puppy Chicken, Vegetable And Rice Dog Food 680G",https://www.tesco.com/groceries/en-GB/shop/pets/all?department=Dog%20Food%20%26%20Accessories&viewAll=department&page=,£5.00,£7.36/kg,,,/groceries/en-GB/products/295210974,https://digitalcontent.api.tesco.com/v2/media/ghs/8f375882-6207-4a6d-bb6b-27077d967b5f/2568d124-3592-4188-a4df-af8808454bf8.jpeg?h=225&w=225,
312140092,Tesco Stainless Steel Bowl With Non Slip Base 11.5Cm,https://www.tesco.com/groceries/en-GB/shop/pets/all?department=Dog%20Food%20%26%20Accessories&viewAll=department&page=,£3.00,£3.00/each,,,/groceries/en-GB/products/312140092,https://digitalcontent.api.tesco.com/v2/media/ghs/7fc9e3a1-a739-4993-aace-58c388588f30/fe0472c2-152e-41e1-bd6d-ce7c0f9f4890_1982802045.jpeg?h=225&w=225,
311793380,Core Supply Bone Bag Clips 2 Pack,https://www.tesco.com/groceries/en-GB/shop/pets/all?department=Dog%20Food%20%26%20Accessories&viewAll=department&page=,£3.00,£1.50/each,,New,/groceries/en-GB/products/311793380,https://digitalcontent.api.tesco.com/v2/media/ghs/8f838660-d8c6-4f4b-8f93-7dbdfe10a252/8a1660e9-a83f-44f2-9b46-558db80d86b5_1342554395.jpeg?h=225&w=225,
304788155,Crave Dog Protein Chunks With Chicken 55G,https://www.tesco.com/groceries/en-GB/shop/pets/all?department=Dog%20Food%20%26%20Accessories&viewAll=department&page=,£3.00,£54.55/kg,,,/groceries/en-GB/products/304788155,https://digitalcontent.api.tesco.com/v2/media/ghs/075751a9-f72a-4d29-ba7d-109a1b04d963/051845c5-ac82-4724-a93f-ee2cafdc2835_1949974067.jpeg?h=225&w=225,
309788239,Good Boy Tough & Tasty Chicken Chomp Stix Treats 60G,https://www.tesco.com/groceries/en-GB/shop/pets/all?department=Dog%20Food%20%26%20Accessories&viewAll=department&page=,£3.00,£50.00/kg,,,/groceries/en-GB/products/309788239,https://digitalcontent.api.tesco.com/v2/media/ghs/de1633de-bac7-4bb4-b430-2abb119b818c/ae390c90-0652-413d-abf7-4c9b66cd5990_1350855809.jpeg?h=225&w=225,
305041719,Freshpet Small Dog Multi Protein With Sweet Potato 454G,https://www.tesco.com/groceries/en-GB/shop/pets/all?department=Dog%20Food%20%26%20Accessories&viewAll=department&page=,£3.90,£8.60/kg,,,/groceries/en-GB/products/305041719,https://digitalcontent.api.tesco.com/v2/media/ghs/d837e0be-04b7-4593-85f2-1d135163ab5a/ec4a4d54-f572-4b0a-a28c-56806178dbe1_351926643.jpeg?h=225&w=225,
310122897,Scrumbles Gnashers Dental Dog Treats 160G,https://www.tesco.com/groceries/en-GB/shop/pets/all?department=Dog%20Food%20%26%20Accessories&viewAll=department&page=,£3.50,£21.88/kg,£3.00 Clubcard Price,,/groceries/en-GB/products/310122897,https://digitalcontent.api.tesco.com/v2/media/ghs/e367e843-fa2e-49dd-a67b-1ad22faa3ee8/287e5d1f-b9bb-4b6f-854b-6529841820f6_1028874808.jpeg?h=225&w=225,
311939508,Good Boy Dog Treats Chicken & Broccoli 100G,https://www.tesco.com/groceries/en-GB/shop/pets/all?department=Dog%20Food%20%26%20Accessories&viewAll=department&page=,£2.25,£22.50/kg,,,/groceries/en-GB/products/311939508,https://digitalcontent.api.tesco.com/v2/media/ghs/9c9cf6ab-65c6-4c74-8113-2ede73d1e78c/9df03c16-92b2-498f-abd6-f7a0f4d8a990_394210112.jpeg?h=225&w=225,
311783789,Good Boy Mini Chicken Dog Treats 60G,https://www.tesco.com/groceries/en-GB/shop/pets/all?department=Dog%20Food%20%26%20Accessories&viewAll=department&page=,£2.25,£37.50/kg,,,/groceries/en-GB/products/311783789,https://digitalcontent.api.tesco.com/v2/media/ghs/c1b822ac-71ce-4d3a-9521-a6b97e537226/aef788e5-7f4d-44dc-a513-d612fe645ef4_2111482882.jpeg?h=225&w=225,
291622683,Good Boy Wagtastic Braid Tugger,https://www.tesco.com/groceries/en-GB/shop/pets/all?department=Dog%20Food%20%26%20Accessories&viewAll=department&page=,£2.00,£2.00/each,,,/groceries/en-GB/products/291622683,https://digitalcontent.api.tesco.com/v2/media/ghs/72a8a990-0242-42d5-b38a-16afdca11dae/1052dbe8-94f2-4350-9522-75c0203103ed_1787271861.jpeg?h=225&w=225,
291613348,Good Boy Wagtastic Soft Ball,https://www.tesco.com/groceries/en-GB/shop/pets/all?department=Dog%20Food%20%26%20Accessories&viewAll=department&page=,£2.00,£2.00/each,,,/groceries/en-GB/products/291613348,https://digitalcontent.api.tesco.com/v2/media/ghs/2427d0ab-f749-43b9-b4d4-f943972dbaa1/6f5e5131-47b2-45a6-a5c0-85320fa97663_1799453311.jpeg?h=225&w=225,
310111723,Denzel's Nut Butter Chews For Dogs 4 Pack 75G,https://www.tesco.com/groceries/en-GB/shop/pets/all?department=Dog%20Food%20%26%20Accessories&viewAll=department&page=,£2.50,£33.34/kg,,,/groceries/en-GB/products/310111723,https://digitalcontent.api.tesco.com/v2/media/ghs/a9892ce5-d6a4-4e1c-9b86-4388af3c4e93/3f779079-5db0-4b64-81a2-9260d8ad6817_1753140119.jpeg?h=225&w=225,
308856495,Pedigree Poultry Mixed Selection Dog Food 12X100g,https://www.tesco.com/groceries/en-GB/shop/pets/all?department=Dog%20Food%20%26%20Accessories&viewAll=department&page=,£4.50,£3.75/kg,,,/groceries/en-GB/products/308856495,https://digitalcontent.api.tesco.com/v2/media/ghs/efb00c54-2058-40e9-a0f6-9b0354331867/44b63c5d-4737-4749-9573-8a8d9706fa70_1154806978.jpeg?h=225&w=225,
309479185,Lily's Kitchen Breaktime Biscuits For Dogs 80G,https://www.tesco.com/groceries/en-GB/shop/pets/all?department=Dog%20Food%20%26%20Accessories&viewAll=department&page=,£2.90,£36.25/kg,£2.45 Clubcard Price,,/groceries/en-GB/products/309479185,https://digitalcontent.api.tesco.com/v2/media/ghs/95ba20f7-65ca-45cb-8d17-2d8f9e3b7846/e6185a26-80a1-49c1-bdf6-de75df9c4da9_1414133285.jpeg?h=225&w=225,
309745262,Denzel's Plant Based Bites For Dogs 100G,https://www.tesco.com/groceries/en-GB/shop/pets/all?department=Dog%20Food%20%26%20Accessories&viewAll=department&page=,£2.50,£25.00/kg,,,/groceries/en-GB/products/309745262,https://digitalcontent.api.tesco.com/v2/media/ghs/35876b10-eef3-4751-aa9a-510aa1e143d1/44b6f714-d0c0-4d85-8d25-778a70538f94_2036032083.jpeg?h=225&w=225,
286614913,Tesco Petcare Glucosamine & Chondriotin 90S,https://www.tesco.com/groceries/en-GB/shop/pets/all?department=Dog%20Food%20%26%20Accessories&viewAll=department&page=,£3.00,£0.03/each,,,/groceries/en-GB/products/286614913,https://digitalcontent.api.tesco.com/v2/media/ghs/898330bd-a831-4061-987c-49f699f2eb3e/c7e645b6-0f8b-4f2b-bcc2-292c11b0a837_526645642.jpeg?h=225&w=225,
310189141,Denzel's High Protein Bites For Dogs 100G,https://www.tesco.com/groceries/en-GB/shop/pets/all?department=Dog%20Food%20%26%20Accessories&viewAll=department&page=,£2.50,£25.00/kg,,,/groceries/en-GB/products/310189141,https://digitalcontent.api.tesco.com/v2/media/ghs/86add121-e005-419a-98da-c61a58ea75ba/c6b36bb0-d9a2-4e43-96ed-b9028c0b953f_1289382061.jpeg?h=225&w=225,
311958952,Good Boy Chompers Unicorn Dog Treats 60G,https://www.tesco.com/groceries/en-GB/shop/pets/all?department=Dog%20Food%20%26%20Accessories&viewAll=department&page=,£1.75,£29.17/kg,,,/groceries/en-GB/products/311958952,https://digitalcontent.api.tesco.com/v2/media/ghs/a3882a15-367c-4386-979c-0a8340a2aca8/96664a50-aa64-4f47-b236-d39166eee082_1847623149.jpeg?h=225&w=225,
309203506,Pedigree Denta Stix Large Dog 4 Sticks 154G,https://www.tesco.com/groceries/en-GB/shop/pets/all?department=Dog%20Food%20%26%20Accessories&viewAll=department&page=,£1.30,£8.45/kg,,,/groceries/en-GB/products/309203506,https://digitalcontent.api.tesco.com/v2/media/ghs/63ac1507-2807-42d4-970c-a0f636d95a4e/43b78319-a7fd-4031-b63e-f690d7c448c2_2069252186.jpeg?h=225&w=225,
311994499,Tesco Pet Food Metal Cannister Large,https://www.tesco.com/groceries/en-GB/shop/pets/all?department=Dog%20Food%20%26%20Accessories&viewAll=department&page=,£20.00,£20.00/each,,,/groceries/en-GB/products/311994499,https://digitalcontent.api.tesco.com/v2/media/ghs/5f91193f-77d1-4a81-9818-1694a2ef2369/100d6ea4-9ca7-40e8-99b6-a7f0958aefb8_1537743878.jpeg?h=225&w=225,
302675326,Bob Martin Clear Plus Large Dog 1 Tube,https://www.tesco.com/groceries/en-GB/shop/pets/all?department=Dog%20Food%20%26%20Accessories&viewAll=department&page=,£11.00,£11.00/each,,,/groceries/en-GB/products/302675326,https://digitalcontent.api.tesco.com/v2/media/ghs/26b45e97-e367-465e-839a-afc208f1f30b/f1ffd532-baad-48fb-b764-79dc6db161fe_696379812.jpeg?h=225&w=225,
311425638,Core Supply 350Ml Dog Drink Bottle Assortment,https://www.tesco.com/groceries/en-GB/shop/pets/all?department=Dog%20Food%20%26%20Accessories&viewAll=department&page=,£10.00,£10.00/each,,New,/groceries/en-GB/products/311425638,https://digitalcontent.api.tesco.com/v2/media/ghs/d50f69dc-0702-47fc-88de-dff073f51af9/7972d645-f4f8-4513-ae18-e59903e71fe2_993850607.jpeg?h=225&w=225,
311994516,Tesco Pet Food Metal Cannister Small,https://www.tesco.com/groceries/en-GB/shop/pets/all?department=Dog%20Food%20%26%20Accessories&viewAll=department&page=,£10.00,£10.00/each,,,/groceries/en-GB/products/311994516,https://digitalcontent.api.tesco.com/v2/media/ghs/f6e824c2-0d48-40ba-b657-5d1c8a76f54c/a3f2b0ec-34e7-4fae-8b63-904cc41cee5b_1941478357.jpeg?h=225&w=225,
312220775,Core Supply Large Melamine Stainless Steel Pet Bowl Assorted,https://www.tesco.com/groceries/en-GB/shop/pets/all?department=Dog%20Food%20%26%20Accessories&viewAll=department&page=,£10.00,£10.00/each,,,/groceries/en-GB/products/312220775,https://digitalcontent.api.tesco.com/v2/media/ghs/38ff681a-5a0d-4fc3-b9cd-93fe1d2441af/00e4e685-be2c-4e7e-86e6-63cb2d910dbd_1275586205.jpeg?h=225&w=225,
310666705,Core Supply Pet Grooming Textured Towel,https://www.tesco.com/groceries/en-GB/shop/pets/all?department=Dog%20Food%20%26%20Accessories&viewAll=department&page=,£9.00,£9.00/each,,New,/groceries/en-GB/products/310666705,https://digitalcontent.api.tesco.com/v2/media/ghs/a4ac01bd-df81-43d2-a87e-7b71fa84aeb2/4c666b87-163e-474d-b7c0-117219024134_184867630.jpeg?h=225&w=225,
291899556,Freshpet Roasted Meal Chicken Vegetable Dog Food 794G,https://www.tesco.com/groceries/en-GB/shop/pets/all?department=Dog%20Food%20%26%20Accessories&viewAll=department&page=,£10.00,£12.60/kg,,,/groceries/en-GB/products/291899556,https://digitalcontent.api.tesco.com/v2/media/ghs/efeba349-4b1b-41c9-acbc-6ac19204f058/104d4af3-2a4b-4bd6-b0aa-addb25ba4018.jpeg?h=225&w=225,
299597751,Freshpet Select Dog Grain Free Roasted Meals 794G,https://www.tesco.com/groceries/en-GB/shop/pets/all?department=Dog%20Food%20%26%20Accessories&viewAll=department&page=,£10.00,£12.60/kg,,,/groceries/en-GB/products/299597751,https://digitalcontent.api.tesco.com/v2/media/ghs/41de76ce-ffba-488e-9da6-e650391999ed/7b48ab11-263e-4f75-802d-93184e238039_1027442940.jpeg?h=225&w=225,
312109706,Core Supply Debossed Ceramic Pet Bowl Large,https://www.tesco.com/groceries/en-GB/shop/pets/all?department=Dog%20Food%20%26%20Accessories&viewAll=department&page=,£8.00,£8.00/each,,,/groceries/en-GB/products/312109706,https://digitalcontent.api.tesco.com/v2/media/ghs/ca2ed5f8-afca-47f5-ba08-2f1342a5b24e/85c59c33-083b-4bde-b67c-7f2ef28439a8_19192276.jpeg?h=225&w=225,
304374875,Bob Martin Clear 3 In 1 Wormer Dog 2 Tablets Pack,https://www.tesco.com/groceries/en-GB/shop/pets/all?department=Dog%20Food%20%26%20Accessories&viewAll=department&page=,£7.00,£3.50/each,,,/groceries/en-GB/products/304374875,https://digitalcontent.api.tesco.com/v2/media/ghs/487e6cb5-5df4-4952-b6c5-04f1a8137299/6a3a5099-89b9-4f3a-a9df-544fba5a4ad5_1101799958.jpeg?h=225&w=225,
309164782,Pedigree Denta Stix Small Dog 70 Sticks 1.1Kg,https://www.tesco.com/groceries/en-GB/shop/pets/all?department=Dog%20Food%20%26%20Accessories&viewAll=department&page=,£13.00,£11.82/kg,,,/groceries/en-GB/products/309164782,https://digitalcontent.api.tesco.com/v2/media/ghs/79ef8f0a-ce6b-447b-ba99-2a56bddfd5df/3cca6557-8b57-4e94-8280-7a7d858bcf6c_679407246.jpeg?h=225&w=225,
311994539,Tesco Etched Paw Stainless Steel Bowl Non Slip 20Cm,https://www.tesco.com/groceries/en-GB/shop/pets/all?department=Dog%20Food%20%26%20Accessories&viewAll=department&page=,£6.00,£6.00/each,,,/groceries/en-GB/products/311994539,https://digitalcontent.api.tesco.com/v2/media/ghs/7e32e529-d5e8-47a2-87c9-9ea39833cb6e/c7d1bda4-2c0f-4062-b0e1-f864d64429cc_1691157966.jpeg?h=225&w=225,
291613861,Good Boy Wagtastic Squeaky Bods,https://www.tesco.com/groceries/en-GB/shop/pets/all?department=Dog%20Food%20%26%20Accessories&viewAll=department&page=,£5.00,£5.00/each,,,/groceries/en-GB/products/291613861,https://digitalcontent.api.tesco.com/v2/media/ghs/dfd53c6f-e5b2-4c42-8f53-632f72de65f5/36fe7b77-b5bd-47bf-a659-653c5d2cb1d6_587390452.jpeg?h=225&w=225,
304383524,Good Boy Dog Toy Flashing Ball,https://www.tesco.com/groceries/en-GB/shop/pets/all?department=Dog%20Food%20%26%20Accessories&viewAll=department&page=,£4.50,£4.50/each,,,/groceries/en-GB/products/304383524,https://digitalcontent.api.tesco.com/v2/media/ghs/3a56a000-384b-406f-bc2f-16965526565e/24257c28-e409-49c4-8b42-2bff15691311_1292795073.jpeg?h=225&w=225,
291624681,Good Boy Wagtastic Double Dog Brush,https://www.tesco.com/groceries/en-GB/shop/pets/all?department=Dog%20Food%20%26%20Accessories&viewAll=department&page=,£4.20,£4.20/each,,,/groceries/en-GB/products/291624681,https://digitalcontent.api.tesco.com/v2/media/ghs/9768b710-284e-44fb-9fb2-23dace0a902d/614c1b13-a751-4985-b2fd-5c48b8bc2ca4_89226802.jpeg?h=225&w=225,
298872790,Wagtastic Toy Raggy Crinkle Dog Toy,https://www.tesco.com/groceries/en-GB/shop/pets/all?department=Dog%20Food%20%26%20Accessories&viewAll=department&page=,£5.00,£5.00/each,,,/groceries/en-GB/products/298872790,https://digitalcontent.api.tesco.com/v2/media/ghs/fe5de773-5052-4eb0-ae32-1cf36906ca08/988042f1-83d4-4e50-9429-a048d2e494af_1583400533.jpeg?h=225&w=225,
311225837,Core Supply Fetch & Treat Pouch,https://www.tesco.com/groceries/en-GB/shop/pets/all?department=Dog%20Food%20%26%20Accessories&viewAll=department&page=,£5.00,£5.00/each,,,/groceries/en-GB/products/311225837,https://digitalcontent.api.tesco.com/v2/media/ghs/e3c9c5f0-dd96-4165-bf91-458fe0487016/04be18bf-a6f6-4178-9d76-70da073c3e22_414214954.jpeg?h=225&w=225,
312140086,Tesco Etched Paw Stainless Steel Bowl Non Slip 17Cm,https://www.tesco.com/groceries/en-GB/shop/pets/all?department=Dog%20Food%20%26%20Accessories&viewAll=department&page=,£5.00,£5.00/each,,New,/groceries/en-GB/products/312140086,https://digitalcontent.api.tesco.com/v2/media/ghs/09821ec8-fdaa-46a7-9edf-38bc292338a4/a6449e42-383a-40d6-90b6-ac804dee9b6c_1298610295.jpeg?h=225&w=225,
310677329,Rosewood Pet Treat Toy Red,https://www.tesco.com/groceries/en-GB/shop/pets/all?department=Dog%20Food%20%26%20Accessories&viewAll=department&page=,£4.25,£4.25/each,,,/groceries/en-GB/products/310677329,https://digitalcontent.api.tesco.com/v2/media/ghs/dc1f91de-9f49-4e93-b7d7-a1911ffb11d8/bb95db57-f2af-4676-9210-38bf7e797451_2023601862.jpeg?h=225&w=225,
291622366,Good Boy Wagtastic Piggy Pal,https://www.tesco.com/groceries/en-GB/shop/pets/all?department=Dog%20Food%20%26%20Accessories&viewAll=department&page=,£4.00,£4.00/each,,,/groceries/en-GB/products/291622366,https://digitalcontent.api.tesco.com/v2/media/ghs/e162e247-456f-429f-b23e-ee2395446348/a3d9d81a-16e4-41a5-9142-1724f4e45cb4_1352352264.jpeg?h=225&w=225,
305435157,Good Boy Wagtastic Gnaw A Bone Dog Toy,https://www.tesco.com/groceries/en-GB/shop/pets/all?department=Dog%20Food%20%26%20Accessories&viewAll=department&page=,£4.00,£4.00/each,,,/groceries/en-GB/products/305435157,https://digitalcontent.api.tesco.com/v2/media/ghs/ba147202-4f0f-48c7-8a85-5901e109cad7/7e179494-f65f-4049-bc77-a83eae824264_1342476778.jpeg?h=225&w=225,
302217893,Good Boy Assorted Soft Woolies Dog Toy,https://www.tesco.com/groceries/en-GB/shop/pets/all?department=Dog%20Food%20%26%20Accessories&viewAll=department&page=,£4.00,£4.00/each,,,/groceries/en-GB/products/302217893,https://digitalcontent.api.tesco.com/v2/media/ghs/e4f10872-d44b-42e3-b3ef-05388484569b/5348add6-b3a1-4c28-b57b-2bbb10f963b2_1186692448.jpeg?h=225&w=225,
311994545,Tesco Embossed Paw Ceramic Bowl 13.5Cm,https://www.tesco.com/groceries/en-GB/shop/pets/all?department=Dog%20Food%20%26%20Accessories&viewAll=department&page=,£4.00,£4.00/each,,,/groceries/en-GB/products/311994545,https://digitalcontent.api.tesco.com/v2/media/ghs/c5532dfb-cc47-4890-b395-a53db586f78f/c6fb58f9-0e09-45ee-8c9a-1f717a53d320_804329848.jpeg?h=225&w=225,
311994522,Tesco Etched Paw Stainless Steel Bowl Non Slip 12Cm,https://www.tesco.com/groceries/en-GB/shop/pets/all?department=Dog%20Food%20%26%20Accessories&viewAll=department&page=,£4.00,£4.00/each,,,/groceries/en-GB/products/311994522,https://digitalcontent.api.tesco.com/v2/media/ghs/2f9a2307-ed69-4fbe-9469-d2a5b5a48561/40297de7-aeaf-4f9d-85fe-687297048a54_245301642.jpeg?h=225&w=225,
312140117,Tesco Stainless Steel Bowl With Non Slip Base 16.5Cm,https://www.tesco.com/groceries/en-GB/shop/pets/all?department=Dog%20Food%20%26%20Accessories&viewAll=department&page=,£4.00,£4.00/each,,New,/groceries/en-GB/products/312140117,https://digitalcontent.api.tesco.com/v2/media/ghs/5f952534-2b14-4075-9bf7-f9bf592a2a09/6a03d7ff-e1ae-442b-9f5f-e71ad511e840_241438421.jpeg?h=225&w=225,
298872818,Wagtastic Toy Rope Dumbell Dog Toy,https://www.tesco.com/groceries/en-GB/shop/pets/all?department=Dog%20Food%20%26%20Accessories&viewAll=department&page=,£4.00,£4.00/each,,,/groceries/en-GB/products/298872818,https://digitalcontent.api.tesco.com/v2/media/ghs/b4eed89f-6185-4f05-bea5-85067cb3e8f8/9103b3af-1804-4cda-b629-aa4645f7dab1_1222897829.jpeg?h=225&w=225,
309483179,Good Boy Wagtastic Cage Ball Dog Toy,https://www.tesco.com/groceries/en-GB/shop/pets/all?department=Dog%20Food%20%26%20Accessories&viewAll=department&page=,£4.00,£4.00/each,,,/groceries/en-GB/products/309483179,https://digitalcontent.api.tesco.com/v2/media/ghs/ad909938-0e07-460a-9e73-ba27128f034f/a6879316-7c05-4837-aca2-b434eff13738_376553322.jpeg?h=225&w=225,
310151116,Core Supply Pet Food Can Covers,https://www.tesco.com/groceries/en-GB/shop/pets/all?department=Dog%20Food%20%26%20Accessories&viewAll=department&page=,£4.00,£4.00/each,,,/groceries/en-GB/products/310151116,https://digitalcontent.api.tesco.com/v2/media/ghs/427cd7a3-866e-4d10-b03f-549e9fc3eaa7/473b2926-4f4a-438f-a281-253c2c486d97_790612284.jpeg?h=225&w=225,
291622337,Good Boy Wagtastic Squeaky Dumbell,https://www.tesco.com/groceries/en-GB/shop/pets/all?department=Dog%20Food%20%26%20Accessories&viewAll=department&page=,£3.00,£3.00/each,,,/groceries/en-GB/products/291622337,https://digitalcontent.api.tesco.com/v2/media/ghs/650426b8-0f13-45f2-b8a3-a92876d1baa3/4bb26f6c-5afc-4c4e-8a43-2ddde5fe4720_698282490.jpeg?h=225&w=225,
305530509,Animology Mild Puppy Shampoo Baby Powder 250Ml,https://www.tesco.com/groceries/en-GB/shop/pets/all?department=Dog%20Food%20%26%20Accessories&viewAll=department&page=,£3.15,£12.60/litre,,,/groceries/en-GB/products/305530509,https://digitalcontent.api.tesco.com/v2/media/ghs/8cca9a3c-b894-4f51-b14b-beae5f72bded/7e47fbfd-bbcd-4947-b1b0-af4ab6d578ec_1516194289.jpeg?h=225&w=225,
312140103,Tesco Stainless Steel Bowl With Non Slip Base 14Cm,https://www.tesco.com/groceries/en-GB/shop/pets/all?department=Dog%20Food%20%26%20Accessories&viewAll=department&page=,£3.50,£3.50/each,,,/groceries/en-GB/products/312140103,https://digitalcontent.api.tesco.com/v2/media/ghs/1a2470b8-d7e6-4ae1-b05b-7ef6f8cc76e5/95e087ad-1fc1-4bfd-a58a-0a015cc37a0b_1989046755.jpeg?h=225&w=225,
278128965,Good Boy Sponge Balls Pack 3,https://www.tesco.com/groceries/en-GB/shop/pets/all?department=Dog%20Food%20%26%20Accessories&viewAll=department&page=,£3.00,£1.00/each,,,/groceries/en-GB/products/278128965,https://digitalcontent.api.tesco.com/v2/media/ghs/aa1233ab-b34a-44a9-a273-fd0efb94baef/75013e3e-e6a4-4b2c-a47c-158799244a94.jpeg?h=225&w=225,
295410242,Wagtastic Dog Toy Threads Crackle,https://www.tesco.com/groceries/en-GB/shop/pets/all?department=Dog%20Food%20%26%20Accessories&viewAll=department&page=,£3.00,£3.00/each,,,/groceries/en-GB/products/295410242,https://digitalcontent.api.tesco.com/v2/media/ghs/f3fa991a-c091-4507-b672-1a667c921933/3eb6f846-f7f6-4de4-bcb1-c4755d9d41e0_2062181066.jpeg?h=225&w=225,
310682098,Core Supply Pet Grooming Glove Mitt,https://www.tesco.com/groceries/en-GB/shop/pets/all?department=Dog%20Food%20%26%20Accessories&viewAll=department&page=,£3.00,£3.00/each,,,/groceries/en-GB/products/310682098,https://digitalcontent.api.tesco.com/v2/media/ghs/54da195c-3bef-46c8-8d04-ff1aebc764e7/cc536e38-7adf-47f8-b923-8ee82968c9b9_275458860.jpeg?h=225&w=225,
311994551,Tesco Embossed Ceramic Bowl 10.3Cm,https://www.tesco.com/groceries/en-GB/shop/pets/all?department=Dog%20Food%20%26%20Accessories&viewAll=department&page=,£3.00,£3.00/each,,,/groceries/en-GB/products/311994551,https://digitalcontent.api.tesco.com/v2/media/ghs/7c33fb44-7dfc-438c-8d74-17dffaba2759/50bce8f9-6bfc-4cc4-9575-145d39f9d423_709648614.jpeg?h=225&w=225,
310190392,Scrumbles Softies Vegan Training Treats 90G,https://www.tesco.com/groceries/en-GB/shop/pets/all?department=Dog%20Food%20%26%20Accessories&viewAll=department&page=,£2.60,£28.89/kg,,,/groceries/en-GB/products/310190392,https://digitalcontent.api.tesco.com/v2/media/ghs/874651fa-453b-4605-9f22-be693ae718ce/12df9365-bf2d-4343-b5a6-6689251a9df3_1817545664.jpeg?h=225&w=225,
308854606,Cesar Dog Food Chicken Sweet Potato Peas & Cranberry 400G,https://www.tesco.com/groceries/en-GB/shop/pets/all?department=Dog%20Food%20%26%20Accessories&viewAll=department&page=,£2.00,£5.00/kg,,,/groceries/en-GB/products/308854606,https://digitalcontent.api.tesco.com/v2/media/ghs/8ff0898b-549c-4f37-b876-98c199689d41/e55ff73f-c061-4877-9738-1e12bed48777_791986891.jpeg?h=225&w=225,
310163678,Denzel's 4 Soft Baked Pure Paleo Dog Chews 75G,https://www.tesco.com/groceries/en-GB/shop/pets/all?department=Dog%20Food%20%26%20Accessories&viewAll=department&page=,£2.50,£33.34/kg,,,/groceries/en-GB/products/310163678,https://digitalcontent.api.tesco.com/v2/media/ghs/786f3c19-0ea9-4487-b852-0efb97c077a8/55a6862a-947d-4cbd-81c6-d6d54a779a12_1985383649.jpeg?h=225&w=225,
308867332,Cesar Dog Food Beef Carrots & Green Beans 400G,https://www.tesco.com/groceries/en-GB/shop/pets/all?department=Dog%20Food%20%26%20Accessories&viewAll=department&page=,£2.00,£5.00/kg,,,/groceries/en-GB/products/308867332,https://digitalcontent.api.tesco.com/v2/media/ghs/2f53d380-957f-41d5-8e39-dce32abb1888/e09193ed-e52b-4930-90cb-7e8d239d8b8b_2089487462.jpeg?h=225&w=225,
306350704,Keep It Handy Portable Pet Bowl,https://www.tesco.com/groceries/en-GB/shop/pets/all?department=Dog%20Food%20%26%20Accessories&viewAll=department&page=,£1.00,£1.00/each,,,/groceries/en-GB/products/306350704,https://digitalcontent.api.tesco.com/v2/media/ghs/e6b9b2cc-2256-4f31-984b-f7c223f5eec0/abcdf213-c5a5-4df3-aef9-00a9e7e395d7_1657118735.jpeg?h=225&w=225,
308864639,Cesar Natural Goodness Dogfood Mixed Selection 6X400g,https://www.tesco.com/groceries/en-GB/shop/pets/all?department=Dog%20Food%20%26%20Accessories&viewAll=department&page=,£11.00,£4.59/kg,,,/groceries/en-GB/products/308864639,https://digitalcontent.api.tesco.com/v2/media/ghs/617dea72-56a8-4ef4-84fb-8b93259e93bc/182724ca-9a21-40b2-a39d-9bca71179a08_1136074185.jpeg?h=225&w=225,
310187569,Frontline Spot On Large Dog Flea X1 2.68Ml,https://www.tesco.com/groceries/en-GB/shop/pets/all?department=Dog%20Food%20%26%20Accessories&viewAll=department&page=,£10.75,£401.12/100ml,,,/groceries/en-GB/products/310187569,https://digitalcontent.api.tesco.com/v2/media/ghs/dfcee7c0-e438-4220-9361-215e0cea311f/38d6de9b-9038-4fe8-a185-d0c95f0d54f9_1781294317.jpeg?h=225&w=225,
311994574,Tesco Double Sided Blanket,https://www.tesco.com/groceries/en-GB/shop/pets/all?department=Dog%20Food%20%26%20Accessories&viewAll=department&page=,£10.00,£10.00/each,,,/groceries/en-GB/products/311994574,https://digitalcontent.api.tesco.com/v2/media/ghs/54ded1bc-5596-4dc1-89a6-4f5cb20ffe6c/ff81b795-05a3-41ee-8cea-e74688d031b5_994292426.jpeg?h=225&w=225,
310185992,Frontline Spot On Medium Dog Flea X1 1.34Ml,https://www.tesco.com/groceries/en-GB/shop/pets/all?department=Dog%20Food%20%26%20Accessories&viewAll=department&page=,£10.00,£746.27/100ml,,,/groceries/en-GB/products/310185992,https://digitalcontent.api.tesco.com/v2/media/ghs/d4008607-41c2-4b1f-93e2-283133e8c1ab/fdc66936-5a32-4f66-ba42-0ac1db0c9d7c_226606553.jpeg?h=225&w=225,
310662652,Frontline Spot On Small Dog Flea Treatment 0.67Ml,https://www.tesco.com/groceries/en-GB/shop/pets/all?department=Dog%20Food%20%26%20Accessories&viewAll=department&page=,£9.50,"£1,417.92/100ml",,,/groceries/en-GB/products/310662652,https://digitalcontent.api.tesco.com/v2/media/ghs/9e4d5f09-d0d4-49fd-82a8-9d27710a71ed/8df0d0a2-c08e-42ee-9b1e-03d9be5fcc5c_127987931.jpeg?h=225&w=225,
311079727,Tesco Pet Toy Basket,https://www.tesco.com/groceries/en-GB/shop/pets/all?department=Dog%20Food%20%26%20Accessories&viewAll=department&page=,£10.00,£10.00/each,,,/groceries/en-GB/products/311079727,https://digitalcontent.api.tesco.com/v2/media/ghs/baf74ac9-4b68-4f9b-9b56-6b2a1e5b21d9/d255c267-509a-423a-b2ae-20586eec590c_393484111.jpeg?h=225&w=225,
311994507,Tesco Pet Food Metal Cannister Medium,https://www.tesco.com/groceries/en-GB/shop/pets/all?department=Dog%20Food%20%26%20Accessories&viewAll=department&page=,£15.00,£15.00/each,,,/groceries/en-GB/products/311994507,https://digitalcontent.api.tesco.com/v2/media/ghs/dff6f098-c162-465f-aa2d-a754e2127792/d9037915-fd8f-4336-a1a5-a65b55ce0e04_396216918.jpeg?h=225&w=225,
299225530,Flexible Fun Large Dog Lead,https://www.tesco.com/groceries/en-GB/shop/pets/all?department=Dog%20Food%20%26%20Accessories&viewAll=department&page=,£13.00,£13.00/each,,,/groceries/en-GB/products/299225530,https://digitalcontent.api.tesco.com/v2/media/ghs/b02e82ba-7295-471b-a5ca-c9ac447a3251/718e9524-333d-46dd-a4d8-cfa84cecf955_1844304624.jpeg?h=225&w=225,
302675303,Bob Martin Clear Plus Medium Dog 1 Tube,https://www.tesco.com/groceries/en-GB/shop/pets/all?department=Dog%20Food%20%26%20Accessories&viewAll=department&page=,£8.50,£8.50/each,,,/groceries/en-GB/products/302675303,https://digitalcontent.api.tesco.com/v2/media/ghs/7c196273-50bc-42a9-a9a5-145955372a91/e55cfa8a-d09a-496d-9432-2b659d0352b2_180154232.jpeg?h=225&w=225,
291623970,Good Boy Wagtastic Dog Collar & Lead,https://www.tesco.com/groceries/en-GB/shop/pets/all?department=Dog%20Food%20%26%20Accessories&viewAll=department&page=,£6.00,£6.00/each,,,/groceries/en-GB/products/291623970,https://digitalcontent.api.tesco.com/v2/media/ghs/3d04404a-09f8-47bf-b54c-c0dcf489ec70/51a23abd-1cc0-4bbd-8550-a10c48022bcd_686538566.jpeg?h=225&w=225,
302675286,Bob Martin Clear Plus Small Dog 1 Tube,https://www.tesco.com/groceries/en-GB/shop/pets/all?department=Dog%20Food%20%26%20Accessories&viewAll=department&page=,£7.50,£7.50/each,,,/groceries/en-GB/products/302675286,https://digitalcontent.api.tesco.com/v2/media/ghs/d73b3337-b827-4e55-bed0-b83c48609df7/da5ccf38-1615-4a5a-b1eb-725cecf6e82b_1148590856.jpeg?h=225&w=225,
312232133,Core Supply Ceramic Pet Bowl Large Assortment,https://www.tesco.com/groceries/en-GB/shop/pets/all?department=Dog%20Food%20%26%20Accessories&viewAll=department&page=,£8.00,£8.00/each,,,/groceries/en-GB/products/312232133,https://digitalcontent.api.tesco.com/v2/media/ghs/1f14d715-5e55-4db7-9ed6-f0bd8c75861f/7e0ffb82-131c-4517-b397-dfd88cf1c088_1049225999.jpeg?h=225&w=225,
299225461,Flexible Fun Dog Lead Medium,https://www.tesco.com/groceries/en-GB/shop/pets/all?department=Dog%20Food%20%26%20Accessories&viewAll=department&page=,£10.00,£10.00/each,,,/groceries/en-GB/products/299225461,https://digitalcontent.api.tesco.com/v2/media/ghs/4a16f62f-ec0c-45d2-93a4-feb4735aaeab/4dc10252-c709-48e8-82df-ce9bab058922_733724721.jpeg?h=225&w=225,
310671897,Core Supply Pet Licky Mat Assortment,https://www.tesco.com/groceries/en-GB/shop/pets/all?department=Dog%20Food%20%26%20Accessories&viewAll=department&page=,£7.00,£7.00/each,,,/groceries/en-GB/products/310671897,https://digitalcontent.api.tesco.com/v2/media/ghs/99dd7ebd-73a1-4425-bb42-38d9f325bfb5/9481bb79-093f-4bb7-ba94-850d11d92d51_1096889446.jpeg?h=225&w=225,
295410305,Wagtastic Dog Toy Super Squeaky,https://www.tesco.com/groceries/en-GB/shop/pets/all?department=Dog%20Food%20%26%20Accessories&viewAll=department&page=,£6.00,£6.00/each,,,/groceries/en-GB/products/295410305,https://digitalcontent.api.tesco.com/v2/media/ghs/61c2efea-c911-467f-b743-5e0a17235d6d/d449ec02-ea3c-49a0-8228-b231eeddbc42_171460145.jpeg?h=225&w=225,
309786132,Good Boy Wagtastic Dino Dog Toy,https://www.tesco.com/groceries/en-GB/shop/pets/all?department=Dog%20Food%20%26%20Accessories&viewAll=department&page=,£6.00,£6.00/each,,,/groceries/en-GB/products/309786132,https://digitalcontent.api.tesco.com/v2/media/ghs/caccac76-cddc-471b-925d-b2cd73afb96c/cab3ccf8-2cc5-405f-9d6b-6ded61df70bc_1557620118.jpeg?h=225&w=225,
309460206,Good Boy Wagtastic Snake Dog Toy,https://www.tesco.com/groceries/en-GB/shop/pets/all?department=Dog%20Food%20%26%20Accessories&viewAll=department&page=,£6.00,£6.00/each,,,/groceries/en-GB/products/309460206,https://digitalcontent.api.tesco.com/v2/media/ghs/dc9de98e-870b-40a6-9870-10f5dc9e27c3/39392848-b6e6-44d6-af2c-064beb0ffef3_496259417.jpeg?h=225&w=225,
291614249,Good Boy Wagtastic Hug Tugz,https://www.tesco.com/groceries/en-GB/shop/pets/all?department=Dog%20Food%20%26%20Accessories&viewAll=department&page=,£5.50,£5.50/each,,,/groceries/en-GB/products/291614249,https://digitalcontent.api.tesco.com/v2/media/ghs/c94e636b-9611-4ba2-839d-537897fbb1f0/7ced085b-a56c-4bc6-b7bd-ec41e1ee0aa4_1462750826.jpeg?h=225&w=225,
312219259,Core Supply Debossed Ceramic Pet Bow Small,https://www.tesco.com/groceries/en-GB/shop/pets/all?department=Dog%20Food%20%26%20Accessories&viewAll=department&page=,£6.00,£6.00/each,,,/groceries/en-GB/products/312219259,https://digitalcontent.api.tesco.com/v2/media/ghs/3f7edca8-50c7-4734-abf9-a4f219b31774/85088186-56bc-488f-86d0-2c98bbe0361a_178812236.jpeg?h=225&w=225,
311800442,Core Supply Collapsible Pet Bowl 1L Assorted,https://www.tesco.com/groceries/en-GB/shop/pets/all?department=Dog%20Food%20%26%20Accessories&viewAll=department&page=,£6.00,£6.00/each,,New,/groceries/en-GB/products/311800442,https://digitalcontent.api.tesco.com/v2/media/ghs/b7b3f223-4ca5-48da-bb6b-bd337d589652/c59ea722-fcdf-45fc-8de6-cd009f1aff5f_581805668.jpeg?h=225&w=225,
311947274,Core Supply Small Ceramic Slogan Pet Bowl Assorted,https://www.tesco.com/groceries/en-GB/shop/pets/all?department=Dog%20Food%20%26%20Accessories&viewAll=department&page=,£6.00,£6.00/each,,,/groceries/en-GB/products/311947274,https://digitalcontent.api.tesco.com/v2/media/ghs/2a581d27-b3bb-4b05-ab39-caed2a068f58/371e3ab8-8242-4510-b656-8014c10acdd8_985824110.jpeg?h=225&w=225,
311434307,Core Supply Mug With Cat Toy,https://www.tesco.com/groceries/en-GB/shop/pets/all?department=Dog%20Food%20%26%20Accessories&viewAll=department&page=,£6.00,£6.00/each,,,/groceries/en-GB/products/311434307,https://digitalcontent.api.tesco.com/v2/media/ghs/15aabd7a-71f6-4df8-bbb9-2f677f42218e/369abda6-087c-49a8-8389-7af8f6811711_1297958622.jpeg?h=225&w=225,
309472549,Good Boy Wagtastic Flyer Dog Toy,https://www.tesco.com/groceries/en-GB/shop/pets/all?department=Dog%20Food%20%26%20Accessories&viewAll=department&page=,£5.00,£5.00/each,,,/groceries/en-GB/products/309472549,https://digitalcontent.api.tesco.com/v2/media/ghs/e34b1a32-1961-4a9f-91ff-cc1feddb2f69/98f0bd67-190a-4eed-9718-3f593c514dc5_1849811687.jpeg?h=225&w=225,
312351815,Core Supply Small Melamine Stainless Steel Pet Bowl Assorted,https://www.tesco.com/groceries/en-GB/shop/pets/all?department=Dog%20Food%20%26%20Accessories&viewAll=department&page=,£5.00,£5.00/each,,,/groceries/en-GB/products/312351815,https://digitalcontent.api.tesco.com/v2/media/ghs/0d0ff417-67a7-4e02-aea9-0e5be8dd7399/6083e1f9-cea3-4d2f-8e7a-5242f9790a8a_761047054.jpeg?h=225&w=225,
309759021,Good Boy Wagtastic Wild Tug Dog Toy,https://www.tesco.com/groceries/en-GB/shop/pets/all?department=Dog%20Food%20%26%20Accessories&viewAll=department&page=,£5.00,£5.00/each,,,/groceries/en-GB/products/309759021,https://digitalcontent.api.tesco.com/v2/media/ghs/38e8e92e-cd4f-4ada-b815-fd137dd79ecf/d5c07a3a-895b-4f85-8243-d8b54ec4b1be_298155999.jpeg?h=225&w=225,
311668347,Core Supply Collapsible Pet Bowel 354Ml Assorted,https://www.tesco.com/groceries/en-GB/shop/pets/all?department=Dog%20Food%20%26%20Accessories&viewAll=department&page=,£4.00,£4.00/each,,,/groceries/en-GB/products/311668347,https://digitalcontent.api.tesco.com/v2/media/ghs/7e13f6d6-5095-46f2-bac6-8566898b1b13/770de500-70b6-4565-9005-cb37b7874242_879154169.jpeg?h=225&w=225,
310661964,Core Supply Pet Food Storage Assorted,https://www.tesco.com/groceries/en-GB/shop/pets/all?department=Dog%20Food%20%26%20Accessories&viewAll=department&page=,£4.00,£4.00/each,,,/groceries/en-GB/products/310661964,https://digitalcontent.api.tesco.com/v2/media/ghs/c9392805-6f15-43f7-8c48-2474803cb875/1c7e3edc-41e9-4273-84e4-f895571504f2_35702207.jpeg?h=225&w=225,
311445666,Core Supply Dog Bandana With Collar,https://www.tesco.com/groceries/en-GB/shop/pets/all?department=Dog%20Food%20%26%20Accessories&viewAll=department&page=,£3.50,£3.50/each,,,/groceries/en-GB/products/311445666,https://digitalcontent.api.tesco.com/v2/media/ghs/678ddd0f-b74d-453d-a807-8e3000d628e4/12f57d83-da8d-4481-8309-da34910233bc_1101587040.jpeg?h=225&w=225,
312842085,Harringtons Adult Turkey & Vegetable 1.7Kg,https://www.tesco.com/groceries/en-GB/shop/pets/all?department=Dog%20Food%20%26%20Accessories&viewAll=department&page=,£4.69,£2.76/kg,,New,/groceries/en-GB/products/312842085,https://digitalcontent.api.tesco.com/v2/media/ghs/fa46321a-e4b0-436c-a6dc-5024395e94ed/7d30ae9b-b852-4e25-a06a-4e3dfc22a467_22635550.jpeg?h=225&w=225,
