Product ID,Product Name,Cat Website,Price,Price/Kg,Promotion,Innovation,Link,Image,Stock Status
312565482,Fairy Platinum Plus Lemon 32 Dishwasher Tablets 496G,https://www.tesco.com/groceries/en-GB/shop/household/all?department=Eco-Friendlier%20Household&viewAll=department&page=,£9.00,£18.15/kg,,,/groceries/en-GB/products/312565482,https://digitalcontent.api.tesco.com/v2/media/ghs/9ca137f8-6b97-43ab-8b63-544717ee95a7/a6d7b3ed-0367-4665-9af3-6e4c12986327_1378692895.jpeg?h=225&w=225,
308833793,Ariel Original All In 1 Pods 45 Washes 1134G,https://www.tesco.com/groceries/en-GB/shop/household/all?department=Eco-Friendlier%20Household&viewAll=department&page=,£10.50,£9.26/kg,,,/groceries/en-GB/products/308833793,https://digitalcontent.api.tesco.com/v2/media/ghs/52726792-1850-4377-ba12-89635cb5b7c1/8c6a5623-5b63-4f70-92ba-8bfc400134b0_164481656.jpeg?h=225&w=225,
309487329,Persil 3In1 Non Biological Washing Capsules 50 Wash 1.350Kg,https://www.tesco.com/groceries/en-GB/shop/household/all?department=Eco-Friendlier%20Household&viewAll=department&page=,£10.00,£7.41/kg,£9.00 Clubcard Price,,/groceries/en-GB/products/309487329,https://digitalcontent.api.tesco.com/v2/media/ghs/54a1b192-b420-47b8-b7b3-fa0b1d062a66/4578e9ca-f202-42f5-bec4-67d410acace2_2134345233.jpeg?h=225&w=225,
309784347,Persil Non Biological Liquid Detergent 72 Washes 1944Ml,https://www.tesco.com/groceries/en-GB/shop/household/all?department=Eco-Friendlier%20Household&viewAll=department&page=,£9.50,£4.89/litre,£8.50 Clubcard Price,,/groceries/en-GB/products/309784347,https://digitalcontent.api.tesco.com/v2/media/ghs/76ea403e-c7b7-4c75-9d77-59f896f67da8/a3610ee9-640f-4426-a809-f2afc9e9b7fd_1155918235.jpeg?h=225&w=225,
304368186,Persil 3 In 1 Non Biological Capsules 38 Capsules 1026G,https://www.tesco.com/groceries/en-GB/shop/household/all?department=Eco-Friendlier%20Household&viewAll=department&page=,£8.25,£8.05/kg,,,/groceries/en-GB/products/304368186,https://digitalcontent.api.tesco.com/v2/media/ghs/8f4fb4fd-459e-4a54-8f9a-0361d593c868/18054ac0-bd9b-4729-810f-69fc91bb2d52_913265024.jpeg?h=225&w=225,
299160398,Mr Muscle Max Gel Unblocker 1000Ml,https://www.tesco.com/groceries/en-GB/shop/household/all?department=Eco-Friendlier%20Household&viewAll=department&page=,£4.00,£4.00/litre,2 for £6 Clubcard Price - Mr Muscle Max Gel Unblocker 1000 Ml,,/groceries/en-GB/products/299160398,https://digitalcontent.api.tesco.com/v2/media/ghs/cea7450b-a51c-4ddc-abf2-b5484c8b94b3/b77b7bc9-63d3-42c1-a912-f1171d205cb1_2136243828.jpeg?h=225&w=225,
305052454,Finish Quantum Ultimate Lemon 44 Dishwasher 550G,https://www.tesco.com/groceries/en-GB/shop/household/all?department=Eco-Friendlier%20Household&viewAll=department&page=,£9.00,£16.37/kg,£6.00 Clubcard Price,,/groceries/en-GB/products/305052454,https://digitalcontent.api.tesco.com/v2/media/ghs/c0912806-db41-4ea5-bfa8-617a414ab28f/f2212cf2-b9e0-4afd-9b02-3686620e78f1_1792786401.jpeg?h=225&w=225,
312357481,Lenor Unstoppables In-Wash Scent Booster Fresh 320G,https://www.tesco.com/groceries/en-GB/shop/household/all?department=Eco-Friendlier%20Household&viewAll=department&page=,£6.50,£20.32/kg,,New,/groceries/en-GB/products/312357481,https://digitalcontent.api.tesco.com/v2/media/ghs/3a0e90e5-d4fc-41f9-9e0e-2344f68e5749/4dde6761-4137-4042-a1c8-3c16f677a83c_1396597773.jpeg?h=225&w=225,
312578651,Ariel All In One Washing Pods Original 25 Washes 630G,https://www.tesco.com/groceries/en-GB/shop/household/all?department=Eco-Friendlier%20Household&viewAll=department&page=,£6.30,£10.00/kg,,,/groceries/en-GB/products/312578651,https://digitalcontent.api.tesco.com/v2/media/ghs/d8eaf49d-5cae-4fea-aa5f-26ed18c3dae0/fe4fb13c-5bcd-4cbb-95cd-6e44251b93ac_1493034744.jpeg?h=225&w=225,
312719301,Fairy Non Biological Washing Pods 25 Washes 602.5G,https://www.tesco.com/groceries/en-GB/shop/household/all?department=Eco-Friendlier%20Household&viewAll=department&page=,£6.30,£10.46/kg,,,/groceries/en-GB/products/312719301,https://digitalcontent.api.tesco.com/v2/media/ghs/23ef67a1-f2d3-48c1-94fe-268925eed6fc/07b07c38-0e61-48de-98a3-3376bca57640_2047266920.jpeg?h=225&w=225,
306495826,Persil Non Biological Liquid Detergent 38 Washes 1026Ml,https://www.tesco.com/groceries/en-GB/shop/household/all?department=Eco-Friendlier%20Household&viewAll=department&page=,£6.00,£5.85/litre,£5.40 Clubcard Price,,/groceries/en-GB/products/306495826,https://digitalcontent.api.tesco.com/v2/media/ghs/91bbaa82-b1f7-4457-8632-8fbe7f5d5d26/d70454dc-5bb0-4e17-8ce4-131647807452_408930434.jpeg?h=225&w=225,
287756553,Dettol Antibacterial Cleansing Surface Wipes 126S,https://www.tesco.com/groceries/en-GB/shop/household/all?department=Eco-Friendlier%20Household&viewAll=department&page=,£3.45,£2.74/100sht,,,/groceries/en-GB/products/287756553,https://digitalcontent.api.tesco.com/v2/media/ghs/d1155e02-bdc6-4638-8f1e-e8d0e0f664eb/29ea91f1-2de6-433c-a4ed-8434b2d323e2_868852220.jpeg?h=225&w=225,
251590774,Mr Muscle Sink & Plug Drain Gel 500Ml,https://www.tesco.com/groceries/en-GB/shop/household/all?department=Eco-Friendlier%20Household&viewAll=department&page=,£3.25,£6.50/litre,,,/groceries/en-GB/products/251590774,https://digitalcontent.api.tesco.com/v2/media/ghs/60a8e3df-1c29-4203-a63d-353a9115e760/588a8559-11cd-43d9-8072-d7efd98f62e8_691438227.jpeg?h=225&w=225,
312102558,Lenor Outdoorable Fabric Conditioner Northern Solstice 770Ml,https://www.tesco.com/groceries/en-GB/shop/household/all?department=Eco-Friendlier%20Household&viewAll=department&page=,£4.80,£6.24/litre,,,/groceries/en-GB/products/312102558,https://digitalcontent.api.tesco.com/v2/media/ghs/3e45a621-7b9d-4313-8987-21a455a5feff/a1a32fb3-7d08-4011-a4b3-0742c166bbd5_1793131783.jpeg?h=225&w=225,
299258940,Dettol Big & Strong Kitchen Wipes 25S,https://www.tesco.com/groceries/en-GB/shop/household/all?department=Eco-Friendlier%20Household&viewAll=department&page=,£2.50,£10.00/100sht,£2.00 Clubcard Price,,/groceries/en-GB/products/299258940,https://digitalcontent.api.tesco.com/v2/media/ghs/37d347c7-3ff9-48ef-bb7b-b7f4725890e9/cd476cd9-a37c-4d2b-8406-e18b8ea2a025_1571637813.jpeg?h=225&w=225,
299258928,Dettol Big & Strong Bathroom Wipes 25S,https://www.tesco.com/groceries/en-GB/shop/household/all?department=Eco-Friendlier%20Household&viewAll=department&page=,£2.50,£10.00/100sht,£2.00 Clubcard Price,,/groceries/en-GB/products/299258928,https://digitalcontent.api.tesco.com/v2/media/ghs/3730e34e-0d4a-4859-9223-0db88ecd70ab/56a00b5d-28d4-4f81-bcd3-624537ce8485_1635462639.jpeg?h=225&w=225,
311934715,Fairy Platinum Antibacterial Washing Liquid Eucalyptus 870Ml,https://www.tesco.com/groceries/en-GB/shop/household/all?department=Eco-Friendlier%20Household&viewAll=department&page=,£2.49,£2.87/litre,,,/groceries/en-GB/products/311934715,https://digitalcontent.api.tesco.com/v2/media/ghs/04733140-b7d1-485f-a878-c31d17b63800/5202f472-3792-4341-a63c-8e43fdeb2fc7_41982070.jpeg?h=225&w=225,
312091333,Ariel Original Washing Gel 24 Washes 840Ml,https://www.tesco.com/groceries/en-GB/shop/household/all?department=Eco-Friendlier%20Household&viewAll=department&page=,£5.00,£5.96/litre,,New,/groceries/en-GB/products/312091333,https://digitalcontent.api.tesco.com/v2/media/ghs/8bfe30be-b7b8-4a4e-94d7-daaec9f404cd/e9f557f9-2c1b-487f-b4e6-21fc8aa42ef2_1937989448.jpeg?h=225&w=225,
311781745,Fairy Non Biological Washing Gel 24 Washes 840Ml,https://www.tesco.com/groceries/en-GB/shop/household/all?department=Eco-Friendlier%20Household&viewAll=department&page=,£5.00,£5.96/litre,,New,/groceries/en-GB/products/311781745,https://digitalcontent.api.tesco.com/v2/media/ghs/77386e80-f904-4035-b088-e594756edf27/a944231d-e1db-4846-9d09-9644ba0fca91_1052728287.jpeg?h=225&w=225,
305959666,Surf Tropical Lily 3In1 Washing Capsules 32 Wash 678G,https://www.tesco.com/groceries/en-GB/shop/household/all?department=Eco-Friendlier%20Household&viewAll=department&page=,£5.00,£7.38/kg,,,/groceries/en-GB/products/305959666,https://digitalcontent.api.tesco.com/v2/media/ghs/1b0cf966-5109-4200-b7c5-53cc7741dde0/e5872354-d5b3-429f-8060-142ec0eac758_1959502804.jpeg?h=225&w=225,
311940886,Fairy Outdoorable Fabric Conditioner 55 Washes 770Ml,https://www.tesco.com/groceries/en-GB/shop/household/all?department=Eco-Friendlier%20Household&viewAll=department&page=,£4.00,£5.20/litre,,,/groceries/en-GB/products/311940886,https://digitalcontent.api.tesco.com/v2/media/ghs/7ea98452-f6a6-4b10-8079-731bd75d7219/540095ca-262c-4022-bf1e-f0813509356e_580338481.jpeg?h=225&w=225,
312568847,Fairy Platinum Quick Wash Washing Up Liquid 870Ml,https://www.tesco.com/groceries/en-GB/shop/household/all?department=Eco-Friendlier%20Household&viewAll=department&page=,£2.49,£2.87/litre,Aldi Price Match,,/groceries/en-GB/products/312568847,https://digitalcontent.api.tesco.com/v2/media/ghs/364583df-013d-4b5d-bb1d-ad9f80baadac/a45c1c86-c701-4936-9c67-2c9a3c37c26e_1969040013.jpeg?h=225&w=225,
312581977,Fairy Quick Wash Washing Up Liquid Wild Berry 870Ml,https://www.tesco.com/groceries/en-GB/shop/household/all?department=Eco-Friendlier%20Household&viewAll=department&page=,£2.49,£2.87/litre,,,/groceries/en-GB/products/312581977,https://digitalcontent.api.tesco.com/v2/media/ghs/953c0c96-fb47-4e31-87b6-06e1d177e03d/b3b5f15d-8ae1-4daa-83ce-4da0df114dbb_767494051.jpeg?h=225&w=225,
307737649,Comfort Ultimate Care Fresh Sky Fabric Conditioner 58W 870Ml,https://www.tesco.com/groceries/en-GB/shop/household/all?department=Eco-Friendlier%20Household&viewAll=department&page=,£3.50,£4.03/litre,£3.00 Clubcard Price,,/groceries/en-GB/products/307737649,https://digitalcontent.api.tesco.com/v2/media/ghs/e454398d-5be9-4062-8eda-ba010d1f5180/2d8efa5a-204d-43e9-a862-8c2d6d0cde39_1231491167.jpeg?h=225&w=225,
312356620,Lenor Outdoorable Spring Awakening Fabric Conditioner 55W 770Ml,https://www.tesco.com/groceries/en-GB/shop/household/all?department=Eco-Friendlier%20Household&viewAll=department&page=,£3.50,£4.55/litre,£3.00 Clubcard Price,,/groceries/en-GB/products/312356620,https://digitalcontent.api.tesco.com/v2/media/ghs/b6429cf4-ca7f-413b-bee5-ce9e64d806f3/629b01cd-75cd-480a-ade7-c60859cfd24c_13217732.jpeg?h=225&w=225,
299196148,Comfort Perfume Heavenly Nectar Fabric Conditioner 58W 870Ml,https://www.tesco.com/groceries/en-GB/shop/household/all?department=Eco-Friendlier%20Household&viewAll=department&page=,£3.50,£4.03/litre,£3.00 Clubcard Price,,/groceries/en-GB/products/299196148,https://digitalcontent.api.tesco.com/v2/media/ghs/2c76b3c6-c89c-47ee-b291-8d3f0998a793/9939100d-b3eb-411b-8b6d-7e4400067401_1709390222.jpeg?h=225&w=225,
312562099,Lenor Outdoorable Summer Breeze Fabric Conditioner 55W 770Ml,https://www.tesco.com/groceries/en-GB/shop/household/all?department=Eco-Friendlier%20Household&viewAll=department&page=,£3.50,£4.55/litre,£3.00 Clubcard Price,,/groceries/en-GB/products/312562099,https://digitalcontent.api.tesco.com/v2/media/ghs/49fb2ffe-86cd-4857-8a8b-c565a521dfa0/bb485db2-f637-46ad-99f8-8eded8bec06a_1006390860.jpeg?h=225&w=225,
309173984,Surf Tropical Lily Liquid Detergent 24 Washes 648Ml,https://www.tesco.com/groceries/en-GB/shop/household/all?department=Eco-Friendlier%20Household&viewAll=department&page=,£3.00,£4.63/litre,,,/groceries/en-GB/products/309173984,https://digitalcontent.api.tesco.com/v2/media/ghs/f16eb930-083b-43e2-b2c6-84bd3dc53de8/b69f9092-9e33-4a84-ad03-e6c97702d23b_1833253814.jpeg?h=225&w=225,
299155664,Ecover Washing Up Liquid Chamomile Clementine 950Ml,https://www.tesco.com/groceries/en-GB/shop/household/all?department=Eco-Friendlier%20Household&viewAll=department&page=,£2.95,£3.11/litre,,,/groceries/en-GB/products/299155664,https://digitalcontent.api.tesco.com/v2/media/ghs/814e9ff4-5202-48a8-8234-ee67e5df0d00/e1d795c3-bfd5-4939-9aef-931ff2e9a454_51915594.jpeg?h=225&w=225,
262369082,Glade Solid Air Freshener Lavender,https://www.tesco.com/groceries/en-GB/shop/household/all?department=Eco-Friendlier%20Household&viewAll=department&page=,£1.25,£8.34/kg,,,/groceries/en-GB/products/262369082,https://digitalcontent.api.tesco.com/v2/media/ghs/452c6860-aefc-4eed-855c-b03f639cc1cc/fc84f87b-fdaa-4290-8956-763a92429353_1948138610.jpeg?h=225&w=225,
253094431,Glade Solid Gel Lily Of The Valley,https://www.tesco.com/groceries/en-GB/shop/household/all?department=Eco-Friendlier%20Household&viewAll=department&page=,£1.25,£8.34/kg,,,/groceries/en-GB/products/253094431,https://digitalcontent.api.tesco.com/v2/media/ghs/3babfd27-4151-4743-a209-3d83ccb859dd/47c958e8-3540-4294-b104-4c4c33114abf_160277729.jpeg?h=225&w=225,
304404357,Dettol Surface Cleanser Wipes 72S,https://www.tesco.com/groceries/en-GB/shop/household/all?department=Eco-Friendlier%20Household&viewAll=department&page=,£2.00,£2.78/100sht,,,/groceries/en-GB/products/304404357,https://digitalcontent.api.tesco.com/v2/media/ghs/0a590d92-3944-4e12-af45-cdf4ff5dbf63/079e8ad7-3f1e-4693-b935-f6d688581782_813666829.jpeg?h=225&w=225,
311802872,Fairy Washing Up Liquid Max Power Antibacterial 660Ml,https://www.tesco.com/groceries/en-GB/shop/household/all?department=Eco-Friendlier%20Household&viewAll=department&page=,£3.00,£4.55/litre,£2.50 Clubcard Price,,/groceries/en-GB/products/311802872,https://digitalcontent.api.tesco.com/v2/media/ghs/987734d3-62ad-4409-93fc-77416265682c/09f64b38-e283-4c47-89d9-0ce1b95903a0_1293466512.jpeg?h=225&w=225,
302831758,Mr Muscle Platinum Shower Shine 750Ml,https://www.tesco.com/groceries/en-GB/shop/household/all?department=Eco-Friendlier%20Household&viewAll=department&page=,£2.00,£2.67/litre,,,/groceries/en-GB/products/302831758,https://digitalcontent.api.tesco.com/v2/media/ghs/923647b8-fc7d-4348-bcb5-19494ecb19ec/39a2b2ba-6f7d-4470-b5f9-3487ec1ed914_1849325324.jpeg?h=225&w=225,
311806879,Fairy Washing Up Liquid Max Power Original 660Ml,https://www.tesco.com/groceries/en-GB/shop/household/all?department=Eco-Friendlier%20Household&viewAll=department&page=,£3.00,£4.55/litre,£2.50 Clubcard Price,,/groceries/en-GB/products/311806879,https://digitalcontent.api.tesco.com/v2/media/ghs/245c54b2-971c-4e7b-adcd-ef2efa76a4d2/0c0471cf-2811-4d3b-b000-8b65e137bdb3_1354652034.jpeg?h=225&w=225,
309201658,Flash All Purpose Liquid Floor Cleaner Traditional Bicarbonate Of Soda1l,https://www.tesco.com/groceries/en-GB/shop/household/all?department=Eco-Friendlier%20Household&viewAll=department&page=,£2.00,£2.00/litre,,,/groceries/en-GB/products/309201658,https://digitalcontent.api.tesco.com/v2/media/ghs/087b10c6-ba25-4348-92ae-39ab2f319536/d1f947d3-96e6-494d-a6eb-3b4209cdfc53_1227030102.jpeg?h=225&w=225,
310158397,Flash Spray Wipe Hinched Antibacterial Wild Berries 800Ml,https://www.tesco.com/groceries/en-GB/shop/household/all?department=Eco-Friendlier%20Household&viewAll=department&page=,£1.99,£2.49/litre,,,/groceries/en-GB/products/310158397,https://digitalcontent.api.tesco.com/v2/media/ghs/b423dd23-6d62-4123-a426-5bc847cd2e7e/ea26f432-cced-4b52-83c9-da8620a10dcb_808001595.jpeg?h=225&w=225,
290151924,Fairy Original Washing Up Liquid Original 780Ml,https://www.tesco.com/groceries/en-GB/shop/household/all?department=Eco-Friendlier%20Household&viewAll=department&page=,£2.00,£2.57/litre,,,/groceries/en-GB/products/290151924,https://digitalcontent.api.tesco.com/v2/media/ghs/76499661-939d-4e74-ac3c-434e386d780a/1d4f2bda-c9c5-444b-9722-2533b5a36554_268643420.jpeg?h=225&w=225,
302957638,Glade Foral Blossom Aerosol 300Ml,https://www.tesco.com/groceries/en-GB/shop/household/all?department=Eco-Friendlier%20Household&viewAll=department&page=,£1.25,£4.17/litre,,,/groceries/en-GB/products/302957638,https://digitalcontent.api.tesco.com/v2/media/ghs/d60f4b91-10ec-4019-936e-5847e323c7b1/f60ebbfa-bd8f-4fce-837d-8c88a646ef54_798376318.jpeg?h=225&w=225,
302949199,Glade Soft Cotton Aerosol 300Ml,https://www.tesco.com/groceries/en-GB/shop/household/all?department=Eco-Friendlier%20Household&viewAll=department&page=,£1.25,£4.17/litre,,,/groceries/en-GB/products/302949199,https://digitalcontent.api.tesco.com/v2/media/ghs/1da688c3-1cfe-4f8a-acce-5a7b4adf5357/58357bdd-aae9-4ca4-8a05-f4be2e75276d_1716665504.jpeg?h=225&w=225,
290138630,Fairy Lemon Washing Up Liquid Lemon 780Ml,https://www.tesco.com/groceries/en-GB/shop/household/all?department=Eco-Friendlier%20Household&viewAll=department&page=,£2.00,£2.57/litre,,,/groceries/en-GB/products/290138630,https://digitalcontent.api.tesco.com/v2/media/ghs/c718d9cc-8d44-48ce-9cbd-d86352e7dff2/6c66c81e-41f0-495c-ac9e-780dd483e8d5_1485925767.jpeg?h=225&w=225,
296923152,Duck Deep Action Gel Pine 750Ml,https://www.tesco.com/groceries/en-GB/shop/household/all?department=Eco-Friendlier%20Household&viewAll=department&page=,£1.00,£1.34/litre,,,/groceries/en-GB/products/296923152,https://digitalcontent.api.tesco.com/v2/media/ghs/90daaebd-d27a-4f0a-84fd-44d0fb518237/b7f5bb1f-9f94-4603-bf1e-4caf1f5739c6_385153562.jpeg?h=225&w=225,
296923175,Duck Deep Action Gel Marine 750Ml,https://www.tesco.com/groceries/en-GB/shop/household/all?department=Eco-Friendlier%20Household&viewAll=department&page=,£1.00,£1.34/litre,,,/groceries/en-GB/products/296923175,https://digitalcontent.api.tesco.com/v2/media/ghs/9a915f55-0c0c-4836-b885-afe53d4a592f/47c24163-7a55-4634-a050-58ae074af3ed_1589001745.jpeg?h=225&w=225,
311278034,Fairy Citrus Grove Washing Up Liquid 780Ml,https://www.tesco.com/groceries/en-GB/shop/household/all?department=Eco-Friendlier%20Household&viewAll=department&page=,£2.00,£2.57/litre,,,/groceries/en-GB/products/311278034,https://digitalcontent.api.tesco.com/v2/media/ghs/d94db80e-c93e-4cad-a8a5-f8437a3a7136/59e22560-1a74-48ea-99a1-069af896b846_1998824941.jpeg?h=225&w=225,
312345397,Fairy Washing Up Liquid Original Lemon 383Ml,https://www.tesco.com/groceries/en-GB/shop/household/all?department=Eco-Friendlier%20Household&viewAll=department&page=,£1.00,£2.62/litre,,,/groceries/en-GB/products/312345397,https://digitalcontent.api.tesco.com/v2/media/ghs/04026149-ad48-4b2e-8eb4-40d88a0d3552/5e3dbe6f-14ff-4169-8911-64dd60f895d9_790253206.jpeg?h=225&w=225,
311442865,Fairy Original Washing Up Liquid 383Ml,https://www.tesco.com/groceries/en-GB/shop/household/all?department=Eco-Friendlier%20Household&viewAll=department&page=,£1.00,£2.62/litre,,,/groceries/en-GB/products/311442865,https://digitalcontent.api.tesco.com/v2/media/ghs/eccdb487-cd2b-4ca9-9024-e71e4bf3669c/00e43e5b-6a0b-4a81-a73e-6dae29567176_387207454.jpeg?h=225&w=225,
266594292,Glade Shake & Vacuum Citrus 500G,https://www.tesco.com/groceries/en-GB/shop/household/all?department=Eco-Friendlier%20Household&viewAll=department&page=,£1.00,£2.00/kg,,,/groceries/en-GB/products/266594292,https://digitalcontent.api.tesco.com/v2/media/ghs/ac439bb0-c9bf-4177-b1bf-5ddda759451b/22779ac7-a708-42fe-81e4-c6f04588c1c9_501701574.jpeg?h=225&w=225,
312097488,Fairy Platinum All In One Lemon Dishwasher Tablets 59 Pack 879G,https://www.tesco.com/groceries/en-GB/shop/household/all?department=Eco-Friendlier%20Household&viewAll=department&page=,£10.00,£11.38/kg,£9.00 Clubcard Price,,/groceries/en-GB/products/312097488,https://digitalcontent.api.tesco.com/v2/media/ghs/0ae0bcda-cd63-40fb-8213-b9c5049c236e/c12e2e69-86e9-43c0-b90e-a9fbd5c0e8aa_206275657.jpeg?h=225&w=225,
299537224,Vanish Gold Oxi Action Stain Remover Powder White 850 G,https://www.tesco.com/groceries/en-GB/shop/household/all?department=Eco-Friendlier%20Household&viewAll=department&page=,£7.80,£9.18/kg,,,/groceries/en-GB/products/299537224,https://digitalcontent.api.tesco.com/v2/media/ghs/43909a11-9e98-4b31-ab95-175a7d729208/fa328f75-7ff3-4040-b6ea-d6424e4dd4de_1485708599.jpeg?h=225&w=225,
299537149,Vanish Gold Oxi Advance Stain Remover Powder 850G,https://www.tesco.com/groceries/en-GB/shop/household/all?department=Eco-Friendlier%20Household&viewAll=department&page=,£7.80,£9.18/kg,,,/groceries/en-GB/products/299537149,https://digitalcontent.api.tesco.com/v2/media/ghs/696a5cd5-a84e-4b18-bb76-75b349e4f977/df96e7e8-17f6-4663-ac52-31b3d555a3fe_948488872.jpeg?h=225&w=225,
309493340,Persil 3 In 1 Biological Washing Capsules 50 Wash 1.350Kg,https://www.tesco.com/groceries/en-GB/shop/household/all?department=Eco-Friendlier%20Household&viewAll=department&page=,£10.00,£7.41/kg,£9.00 Clubcard Price,,/groceries/en-GB/products/309493340,https://digitalcontent.api.tesco.com/v2/media/ghs/3b4e7738-0288-4215-a368-797599b6ef2c/b173ecc2-2774-4580-b379-e3efa7e1befc_2073488688.jpeg?h=225&w=225,
299155687,Ecover Dishwasher Tabs All In One 22S 440G,https://www.tesco.com/groceries/en-GB/shop/household/all?department=Eco-Friendlier%20Household&viewAll=department&page=,£7.00,£15.91/kg,,,/groceries/en-GB/products/299155687,https://digitalcontent.api.tesco.com/v2/media/ghs/3e6c3f9b-0711-445f-9ae6-94ae6188a8ca/87e0c77e-8620-4b89-a452-b60431850d76_1833361729.jpeg?h=225&w=225,
312694962,Bold All In One Washing Pods Exotic Bloom 45 Wash 1048.5G,https://www.tesco.com/groceries/en-GB/shop/household/all?department=Eco-Friendlier%20Household&viewAll=department&page=,£10.50,£10.02/kg,,,/groceries/en-GB/products/312694962,https://digitalcontent.api.tesco.com/v2/media/ghs/7f430315-13a9-4db2-8e2e-dd76cd020df3/302b6f36-8a9a-4ef2-aa16-84f269085382_1178122665.jpeg?h=225&w=225,
309742173,Persil Biological Liquid Detergent 72 Washes 1944Ml,https://www.tesco.com/groceries/en-GB/shop/household/all?department=Eco-Friendlier%20Household&viewAll=department&page=,£9.50,£4.89/litre,£8.50 Clubcard Price,,/groceries/en-GB/products/309742173,https://digitalcontent.api.tesco.com/v2/media/ghs/37599f58-fda7-464f-8652-2cf01ddb31eb/f5b8c4e4-6f23-49dc-962f-0de17cef5df8_276181086.jpeg?h=225&w=225,
304396590,Persil 3 In 1 Biological Capsules 38 Capsules 1026G,https://www.tesco.com/groceries/en-GB/shop/household/all?department=Eco-Friendlier%20Household&viewAll=department&page=,£8.25,£8.05/kg,,,/groceries/en-GB/products/304396590,https://digitalcontent.api.tesco.com/v2/media/ghs/964e0dc6-838f-443b-b0ba-59bdccce634c/b3e5b340-fa42-4873-82d5-2bc824378def_1988038036.jpeg?h=225&w=225,
299537322,Vanish Gold Oxi Advance Stain Remover Powder 1.35Kg,https://www.tesco.com/groceries/en-GB/shop/household/all?department=Eco-Friendlier%20Household&viewAll=department&page=,£7.50,£5.56/kg,£6.75 Clubcard Price,,/groceries/en-GB/products/299537322,https://digitalcontent.api.tesco.com/v2/media/ghs/6b5d2784-6bb5-4253-b3eb-054e1a2a8300/cd4b13bc-7a44-4dab-9d79-09038b3d1af3_1888080379.jpeg?h=225&w=225,
304417411,Persil 3 In 1 Colour Capsules 38 Capsules 1026G,https://www.tesco.com/groceries/en-GB/shop/household/all?department=Eco-Friendlier%20Household&viewAll=department&page=,£8.25,£8.05/kg,,,/groceries/en-GB/products/304417411,https://digitalcontent.api.tesco.com/v2/media/ghs/dd7b4470-45af-47eb-9a4b-dbfbd51a1b8a/279cf9e8-a544-4e3e-bb8a-d6bac86be179_2068729257.jpeg?h=225&w=225,
304787939,Finish Quantum Ultimate Original 44 Dishwasher 550G,https://www.tesco.com/groceries/en-GB/shop/household/all?department=Eco-Friendlier%20Household&viewAll=department&page=,£9.00,£16.37/kg,£6.00 Clubcard Price,,/groceries/en-GB/products/304787939,https://digitalcontent.api.tesco.com/v2/media/ghs/490cf88d-9df3-469d-8e3a-04f81e884fcf/4f9af4bb-1d30-4b64-9368-697d719f3a48_58889855.jpeg?h=225&w=225,
312364247,Fairy Fresh In-Wash Scent Booster 320G,https://www.tesco.com/groceries/en-GB/shop/household/all?department=Eco-Friendlier%20Household&viewAll=department&page=,£6.50,£20.32/kg,,New,/groceries/en-GB/products/312364247,https://digitalcontent.api.tesco.com/v2/media/ghs/e1d9f528-454a-4646-b131-226802ead8c8/f1a40695-e7e0-45eb-b4bb-ff9bb2847fce_903222690.jpeg?h=225&w=225,
312717240,Lenor Unstoppables In-Wash Scent Booster Ariel 320G,https://www.tesco.com/groceries/en-GB/shop/household/all?department=Eco-Friendlier%20Household&viewAll=department&page=,£6.50,£20.32/kg,,New,/groceries/en-GB/products/312717240,https://digitalcontent.api.tesco.com/v2/media/ghs/2cf24c4b-f86e-4bb9-8dc5-87a734a9e147/999a60b7-bcdf-49ee-a5fa-292196c7fd98_976692924.jpeg?h=225&w=225,
307351212,Dettol Antibacterial Laundry Cleanser Sensitive 2.5Ltr,https://www.tesco.com/groceries/en-GB/shop/household/all?department=Eco-Friendlier%20Household&viewAll=department&page=,£6.00,£2.40/litre,£5.00 Clubcard Price,,/groceries/en-GB/products/307351212,https://digitalcontent.api.tesco.com/v2/media/ghs/ae5f7157-16a3-4ce1-893b-ee967df8f8bd/635d779d-3927-4de3-a497-b8e8ce651347_1814813047.jpeg?h=225&w=225,
312713578,Bold All In One Washing Pods Pink Blossom 25 Washes 582.5G,https://www.tesco.com/groceries/en-GB/shop/household/all?department=Eco-Friendlier%20Household&viewAll=department&page=,£6.30,£10.82/kg,,,/groceries/en-GB/products/312713578,https://digitalcontent.api.tesco.com/v2/media/ghs/5525c36a-1309-4c7c-ba02-a19206316754/cf5cfd70-c9de-4fd8-8891-0c9e0ab5cba1_678106996.jpeg?h=225&w=225,
312704693,Bold All In One Washing Pods Lavender & Camomile 25 Washes 582.5G,https://www.tesco.com/groceries/en-GB/shop/household/all?department=Eco-Friendlier%20Household&viewAll=department&page=,£6.30,£10.82/kg,,,/groceries/en-GB/products/312704693,https://digitalcontent.api.tesco.com/v2/media/ghs/4f1fe70c-7ce1-47c8-98df-343ba5709c00/3554d40b-ce1d-47a3-92f6-2c03fefa7883_1269577392.jpeg?h=225&w=225,
312697918,Ariel All In One Washing Pods Colour 25 Washes 595G,https://www.tesco.com/groceries/en-GB/shop/household/all?department=Eco-Friendlier%20Household&viewAll=department&page=,£6.30,£10.59/kg,,,/groceries/en-GB/products/312697918,https://digitalcontent.api.tesco.com/v2/media/ghs/99f9b7d9-6966-43cb-9a19-5579475e1223/81ad7db7-3253-4f79-ae45-e590d003afab_51192816.jpeg?h=225&w=225,
295342420,Method Antibacterial All Purpose Cleaner Spray Wild Rhubarb 828Ml,https://www.tesco.com/groceries/en-GB/shop/household/all?department=Eco-Friendlier%20Household&viewAll=department&page=,£4.00,£4.84/litre,,,/groceries/en-GB/products/295342420,https://digitalcontent.api.tesco.com/v2/media/ghs/85118f4f-4565-4cd1-a742-609f60a32b55/a2c2419e-3b0d-4912-bb46-db5e703db7d2_1195574933.jpeg?h=225&w=225,
284275683,Dettol Laundry Cleanser Fresh Cotton 2.5L,https://www.tesco.com/groceries/en-GB/shop/household/all?department=Eco-Friendlier%20Household&viewAll=department&page=,£6.00,£2.40/litre,£5.00 Clubcard Price,,/groceries/en-GB/products/284275683,https://digitalcontent.api.tesco.com/v2/media/ghs/67f17d22-6ef3-466e-9d86-31bcb7eeee27/59b3fdb3-ce9e-4570-9a98-48a07c02cc68_1816235624.jpeg?h=225&w=225,
306501475,Persil Colour Protect Biological Liquid 38 Washes 1026Ml,https://www.tesco.com/groceries/en-GB/shop/household/all?department=Eco-Friendlier%20Household&viewAll=department&page=,£6.00,£5.85/litre,£5.40 Clubcard Price,,/groceries/en-GB/products/306501475,https://digitalcontent.api.tesco.com/v2/media/ghs/e3dd60a9-d655-42bf-8820-7d56752adaf1/d1f1e07d-c2c4-4aaa-aaaf-61760a421f93_323496137.jpeg?h=225&w=225,
302801316,Method Wild Rhubarb All Floor Cleaner 739Ml,https://www.tesco.com/groceries/en-GB/shop/household/all?department=Eco-Friendlier%20Household&viewAll=department&page=,£4.50,£6.09/litre,£3.50 Clubcard Price,,/groceries/en-GB/products/302801316,https://digitalcontent.api.tesco.com/v2/media/ghs/b7c08b76-bf34-4140-8994-d628db7665e1/4135f57a-1184-45a7-bd21-98ca535854d0_388786275.jpeg?h=225&w=225,
312580935,Fairy Non Biological Washing Pods 34 Washes 819.4G,https://www.tesco.com/groceries/en-GB/shop/household/all?department=Eco-Friendlier%20Household&viewAll=department&page=,£8.00,£9.77/kg,£7.20 Clubcard Price,,/groceries/en-GB/products/312580935,https://digitalcontent.api.tesco.com/v2/media/ghs/c568fd3f-8111-4947-b4b5-a2482361a7fa/562f1bb5-0383-4226-bae6-d9def94c0aea_1234006363.jpeg?h=225&w=225,
309209349,Dylon Colour Catcher Laundry Sheets 60 Pack,https://www.tesco.com/groceries/en-GB/shop/household/all?department=Eco-Friendlier%20Household&viewAll=department&page=,£4.50,£7.50/100sht,£4.00 Clubcard Price,,/groceries/en-GB/products/309209349,https://digitalcontent.api.tesco.com/v2/media/ghs/f1c453a8-8c6c-42ee-bc59-22216eef1548/e232c7dd-82ca-44fb-8b91-69d8f55ce082_485535619.jpeg?h=225&w=225,
312349491,Lenor In-Wash Scent Booster Gold Orchid 320G,https://www.tesco.com/groceries/en-GB/shop/household/all?department=Eco-Friendlier%20Household&viewAll=department&page=,£6.50,£20.32/kg,£5.00 Clubcard Price,,/groceries/en-GB/products/312349491,https://digitalcontent.api.tesco.com/v2/media/ghs/5e23c3f1-382b-4e33-b397-b1134a8344b4/10aa0c04-1a27-431c-bcfa-4af073049543_142007344.jpeg?h=225&w=225,
312084428,Lenor Outdoorable Moonlight Lily Fabric Conditioner 770Ml,https://www.tesco.com/groceries/en-GB/shop/household/all?department=Eco-Friendlier%20Household&viewAll=department&page=,£4.80,£6.24/litre,,,/groceries/en-GB/products/312084428,https://digitalcontent.api.tesco.com/v2/media/ghs/4ea1b257-4762-4bdb-9f65-2a86aeb10807/fbbf1e02-1e8d-40c3-b2c4-5064730d21aa_465506496.jpeg?h=225&w=225,
274348440,Method Kitchen Cleaning Spray Clementine 828Ml,https://www.tesco.com/groceries/en-GB/shop/household/all?department=Eco-Friendlier%20Household&viewAll=department&page=,£4.00,£4.84/litre,£3.00 Clubcard Price,,/groceries/en-GB/products/274348440,https://digitalcontent.api.tesco.com/v2/media/ghs/f68541e5-746e-4b01-a621-f700d936372c/092a4b55-1a82-4d21-9e53-fafea6c4ec81_1051570055.jpeg?h=225&w=225,
306493955,Surf 3 In 1 Coconut Bliss 32 Capsules 678G,https://www.tesco.com/groceries/en-GB/shop/household/all?department=Eco-Friendlier%20Household&viewAll=department&page=,£5.00,£7.38/kg,,,/groceries/en-GB/products/306493955,https://digitalcontent.api.tesco.com/v2/media/ghs/7e731a0e-81c0-43f4-b597-a97605d8e6e1/0c836328-e8b6-4f6c-85f1-07d4acf55712_419347933.jpeg?h=225&w=225,
313177588,Bold All In One Pods Frosted Eucalyptus 19 Washes 454.1G,https://www.tesco.com/groceries/en-GB/shop/household/all?department=Eco-Friendlier%20Household&viewAll=department&page=,£5.00,£11.02/kg,,New,/groceries/en-GB/products/313177588,https://digitalcontent.api.tesco.com/v2/media/ghs/2b9a4ab5-cc22-4751-8446-6c72a898c94d/dc63faa9-0d70-47b9-8eb2-10163d466a29_1342422566.jpeg?h=225&w=225,
312573783,Lenor In-Wash Scent Booster Summer Breeze 320G,https://www.tesco.com/groceries/en-GB/shop/household/all?department=Eco-Friendlier%20Household&viewAll=department&page=,£6.50,£20.32/kg,£5.00 Clubcard Price,,/groceries/en-GB/products/312573783,https://digitalcontent.api.tesco.com/v2/media/ghs/508026fc-68f4-46d1-99ab-9a0864b29f94/675e2fc1-159e-4f10-9c71-230ac71f208c_1759765169.jpeg?h=225&w=225,
304386135,Dettol Multi Purpose Citrus Wipes 105S,https://www.tesco.com/groceries/en-GB/shop/household/all?department=Eco-Friendlier%20Household&viewAll=department&page=,£3.00,£2.86/100sht,,,/groceries/en-GB/products/304386135,https://digitalcontent.api.tesco.com/v2/media/ghs/b4300c26-156c-460e-805a-0572f646b995/7ae2cf36-16b3-42f1-983b-49ae6321042a_1033717788.jpeg?h=225&w=225,
299160231,Duck Fresh Disc Holder Lime,https://www.tesco.com/groceries/en-GB/shop/household/all?department=Eco-Friendlier%20Household&viewAll=department&page=,£3.00,£83.34/litre,,,/groceries/en-GB/products/299160231,https://digitalcontent.api.tesco.com/v2/media/ghs/8e844453-d28c-47f3-bb4d-2fbd3e191b71/34935de2-22ba-4154-8bc7-36cfd02f8f6f_1581812128.jpeg?h=225&w=225,
305727912,Comfort Perfume Coco Fantasy Fabric Conditioner 58W 870Ml,https://www.tesco.com/groceries/en-GB/shop/household/all?department=Eco-Friendlier%20Household&viewAll=department&page=,£3.50,£4.03/litre,£3.00 Clubcard Price,,/groceries/en-GB/products/305727912,https://digitalcontent.api.tesco.com/v2/media/ghs/38ca8184-71e8-45d9-ace7-90fbebbefd17/f442a36c-1f58-436a-a09b-c415b1dfe2da_1548808896.jpeg?h=225&w=225,
307759807,Comfort Pure Ultra Concentrated Fabric Conditioner 58 Wash 870Ml,https://www.tesco.com/groceries/en-GB/shop/household/all?department=Eco-Friendlier%20Household&viewAll=department&page=,£3.50,£4.03/litre,£3.00 Clubcard Price,,/groceries/en-GB/products/307759807,https://digitalcontent.api.tesco.com/v2/media/ghs/65e631bf-e45f-46e5-a1ec-2840a76eaf24/50acf2cd-e9b1-4dec-ad0a-9ea2bd9c4c32_991958639.jpeg?h=225&w=225,
312587542,Lenor Outdoorable Pink Blossom Fabric Conditioner 55W 770Ml,https://www.tesco.com/groceries/en-GB/shop/household/all?department=Eco-Friendlier%20Household&viewAll=department&page=,£3.50,£4.55/litre,£3.00 Clubcard Price,,/groceries/en-GB/products/312587542,https://digitalcontent.api.tesco.com/v2/media/ghs/1960b3bf-ae51-45a9-8fa4-d4dd00583bcd/cc719581-965c-4b5f-94c7-f18450165b7f_1264032027.jpeg?h=225&w=225,
253545336,Ecover Toilet Cleaner 750Ml,https://www.tesco.com/groceries/en-GB/shop/household/all?department=Eco-Friendlier%20Household&viewAll=department&page=,£2.00,£2.67/litre,,,/groceries/en-GB/products/253545336,https://digitalcontent.api.tesco.com/v2/media/ghs/c0cf321b-64af-4b25-a297-6cc44a195828/a3fcc616-eb83-4b95-afee-00cc6c82186a_470814244.jpeg?h=225&w=225,
309184090,Surf Deep Sea/Min Liquid Detergent 24 Washes 648Ml,https://www.tesco.com/groceries/en-GB/shop/household/all?department=Eco-Friendlier%20Household&viewAll=department&page=,£3.00,£4.63/litre,,,/groceries/en-GB/products/309184090,https://digitalcontent.api.tesco.com/v2/media/ghs/367324c1-c9a2-46c7-a281-79de9975d4de/7618dae5-4723-4ded-8e6e-de34f88c97ee_598734453.jpeg?h=225&w=225,
312715714,Lenor In-Wash Scent Booster Spring Awakening 320G,https://www.tesco.com/groceries/en-GB/shop/household/all?department=Eco-Friendlier%20Household&viewAll=department&page=,£6.50,£20.32/kg,£5.00 Clubcard Price,,/groceries/en-GB/products/312715714,https://digitalcontent.api.tesco.com/v2/media/ghs/2ed44275-f19b-4e4a-971a-6152616634b0/e5a953b6-0075-4b4b-ac67-d2f03b344cee_1932017838.jpeg?h=225&w=225,
299155572,Ecover Washing Up Liquid Lemon And Aloe 950Ml,https://www.tesco.com/groceries/en-GB/shop/household/all?department=Eco-Friendlier%20Household&viewAll=department&page=,£2.95,£3.11/litre,,,/groceries/en-GB/products/299155572,https://digitalcontent.api.tesco.com/v2/media/ghs/b48042f3-0875-4dd3-8f6d-dfdfb1caefc0/214da01e-24f6-47ba-9c86-34d3e4b22dcd_1538625030.jpeg?h=225&w=225,
304378928,Dettol Multi Purpose Citrus Wipes 70S,https://www.tesco.com/groceries/en-GB/shop/household/all?department=Eco-Friendlier%20Household&viewAll=department&page=,£2.50,£3.58/100sht,£2.00 Clubcard Price,,/groceries/en-GB/products/304378928,https://digitalcontent.api.tesco.com/v2/media/ghs/94b01fe8-b382-4ec6-a362-fdcf3abf62f3/4f24385b-863d-4c58-b5e1-79fd628e782a_701279763.jpeg?h=225&w=225,
312357008,Lenor In-Wash Scent Booster Exotic Bloom 176G,https://www.tesco.com/groceries/en-GB/shop/household/all?department=Eco-Friendlier%20Household&viewAll=department&page=,£3.00,£17.05/kg,,New,/groceries/en-GB/products/312357008,https://digitalcontent.api.tesco.com/v2/media/ghs/4cd2bd1d-5adb-4503-8f55-a76e2b0e4b4d/d79de887-1429-41cf-bf79-87bf49f75ffa_489174120.jpeg?h=225&w=225,
312558637,Lenor In-Wash Scent Booster Spring Awakening 176G,https://www.tesco.com/groceries/en-GB/shop/household/all?department=Eco-Friendlier%20Household&viewAll=department&page=,£3.00,£17.05/kg,,,/groceries/en-GB/products/312558637,https://digitalcontent.api.tesco.com/v2/media/ghs/7cd03598-2d98-46d3-afa5-3cbe05868525/89d17ceb-d599-4d28-a38f-1aa12d20ccdc_1639442107.jpeg?h=225&w=225,
302831770,Mr Muscle Platinum Window & Glass 750Ml,https://www.tesco.com/groceries/en-GB/shop/household/all?department=Eco-Friendlier%20Household&viewAll=department&page=,£2.00,£2.67/litre,,,/groceries/en-GB/products/302831770,https://digitalcontent.api.tesco.com/v2/media/ghs/a23e7682-1359-4ad8-ad75-69ccfb76aca1/aec75098-1791-41c7-a7fa-bd0e046c3204_1554220252.jpeg?h=225&w=225,
302831292,Mr Muscle Platinum Bathroom Mandarin Orange 750Ml,https://www.tesco.com/groceries/en-GB/shop/household/all?department=Eco-Friendlier%20Household&viewAll=department&page=,£2.00,£2.67/litre,,,/groceries/en-GB/products/302831292,https://digitalcontent.api.tesco.com/v2/media/ghs/6f7fa741-cea1-4ebd-bf4f-c573b43b06a5/a36e873a-fc24-48e9-8022-8323b093bf84_989927083.jpeg?h=225&w=225,
311668264,Fairy Washing Up Liquid Max Power Pomegranate 660Ml,https://www.tesco.com/groceries/en-GB/shop/household/all?department=Eco-Friendlier%20Household&viewAll=department&page=,£3.00,£4.55/litre,£2.50 Clubcard Price,,/groceries/en-GB/products/311668264,https://digitalcontent.api.tesco.com/v2/media/ghs/4b1fa768-f66e-4300-b7a1-164151a07ce6/47185a4d-01a1-477d-86b0-b24ca0f6b6c3_1689193918.jpeg?h=225&w=225,
308487303,Flash Home Spray Antibacterial Apple Blossom 800Ml,https://www.tesco.com/groceries/en-GB/shop/household/all?department=Eco-Friendlier%20Household&viewAll=department&page=,£2.50,£3.13/litre,,,/groceries/en-GB/products/308487303,https://digitalcontent.api.tesco.com/v2/media/ghs/0f207af3-6e91-4adf-9674-1751ab2f09c6/226ef587-a6fc-4ec8-9f89-a1fa1acea2f1_1472082293.jpeg?h=225&w=225,
302831793,Mr Muscle Platinum Kitchen Citrus 750Ml,https://www.tesco.com/groceries/en-GB/shop/household/all?department=Eco-Friendlier%20Household&viewAll=department&page=,£2.00,£2.67/litre,,,/groceries/en-GB/products/302831793,https://digitalcontent.api.tesco.com/v2/media/ghs/1a18d644-2040-4e87-8e54-55c984ee0c3e/2dce3220-fe85-4e76-9fb6-0fd9994f6d4b_511220153.jpeg?h=225&w=225,
305048120,Cif Eco Refill Power & Shine Bathroom 70Ml,https://www.tesco.com/groceries/en-GB/shop/household/all?department=Eco-Friendlier%20Household&viewAll=department&page=,£1.45,£20.72/litre,,,/groceries/en-GB/products/305048120,https://digitalcontent.api.tesco.com/v2/media/ghs/d8e2f336-0f97-442c-b499-886b118de752/83797670-fe8c-4512-9b4c-48c4184d645b_179730521.jpeg?h=225&w=225,
309745348,Tesco Antibacterial Multi Purpose Cleaner Refill 9Ml,https://www.tesco.com/groceries/en-GB/shop/household/all?department=Eco-Friendlier%20Household&viewAll=department&page=,£0.75,£83.34/litre,,,/groceries/en-GB/products/309745348,https://digitalcontent.api.tesco.com/v2/media/ghs/0993ad81-8cd2-4a79-ab48-54f0604687fb/31ea2ce6-ff99-4f2f-9fb5-c732f838d1dd_699602988.jpeg?h=225&w=225,
312579166,Fairy Platinum Plus All In One Lemon Dishwasher Tablets 51 Pack 791G,https://www.tesco.com/groceries/en-GB/shop/household/all?department=Eco-Friendlier%20Household&viewAll=department&page=,£12.00,£15.18/kg,£9.00 Clubcard Price,,/groceries/en-GB/products/312579166,https://digitalcontent.api.tesco.com/v2/media/ghs/8edfe5b6-19d2-4753-9d70-acbf66fa5294/ceec293f-1410-4ff3-86e6-08ba94aa8df7_891032713.jpeg?h=225&w=225,
312352837,Fairy Platinum All In One Original Dishwasher Tablets 59 Pack 879G,https://www.tesco.com/groceries/en-GB/shop/household/all?department=Eco-Friendlier%20Household&viewAll=department&page=,£10.00,£11.38/kg,£9.00 Clubcard Price,,/groceries/en-GB/products/312352837,https://digitalcontent.api.tesco.com/v2/media/ghs/49293b16-ddbf-4856-993e-937b516dfc9d/da992781-d9bd-44ab-b83b-380820335bda_2003618089.jpeg?h=225&w=225,
271573592,Ecover Concentrated Non Bio. Liquid 1.5Ltr 42 Wash,https://www.tesco.com/groceries/en-GB/shop/household/all?department=Eco-Friendlier%20Household&viewAll=department&page=,£9.50,£6.34/litre,,,/groceries/en-GB/products/271573592,https://digitalcontent.api.tesco.com/v2/media/ghs/416d0be7-9e31-4a26-afc1-37e99ab14111/0176121e-3c31-4f97-b00b-9bb3fc1cae57_1735441589.jpeg?h=225&w=225,
312558548,Fairy Platinum All In One Lemon 38 Dishwasher Tablets 566G,https://www.tesco.com/groceries/en-GB/shop/household/all?department=Eco-Friendlier%20Household&viewAll=department&page=,£7.00,£12.37/kg,,,/groceries/en-GB/products/312558548,https://digitalcontent.api.tesco.com/v2/media/ghs/dacfbcf6-a9bb-4839-b475-c83e49c3b701/440bb99f-ada5-48c3-9cbf-151753b02b15_874258600.jpeg?h=225&w=225,
299537368,Vanish Gold Oxi Stain Remover White Powder 1.35Kg,https://www.tesco.com/groceries/en-GB/shop/household/all?department=Eco-Friendlier%20Household&viewAll=department&page=,£7.50,£5.56/kg,£6.75 Clubcard Price,,/groceries/en-GB/products/299537368,https://digitalcontent.api.tesco.com/v2/media/ghs/8a86e355-9b4c-4143-8a65-31f1dc147042/9b291187-27e2-4dd8-ba96-f720eefbaa27_95749355.jpeg?h=225&w=225,
299772342,Duck Fresh Disc Refill Lime 2 X 36Ml,https://www.tesco.com/groceries/en-GB/shop/household/all?department=Eco-Friendlier%20Household&viewAll=department&page=,£5.00,£69.45/litre,,,/groceries/en-GB/products/299772342,https://digitalcontent.api.tesco.com/v2/media/ghs/dc586131-64ab-4238-821b-beb5abc103a8/19a87a98-364b-451e-a304-0d28301ee037_1242237605.jpeg?h=225&w=225,
297781639,Ecover Softener Apple Blossom & Almond 50W 1.5L,https://www.tesco.com/groceries/en-GB/shop/household/all?department=Eco-Friendlier%20Household&viewAll=department&page=,£5.00,£3.34/litre,,,/groceries/en-GB/products/297781639,https://digitalcontent.api.tesco.com/v2/media/ghs/19ebf8fa-4ac6-4a3d-b253-e24e952b9381/d955e44e-22fa-4e35-9d2c-4597c8117ba5_1596742409.jpeg?h=225&w=225,
306826528,Glade Automatic Spray Refill Apple Cosy Cider 269Ml,https://www.tesco.com/groceries/en-GB/shop/household/all?department=Eco-Friendlier%20Household&viewAll=department&page=,£3.50,£13.02/litre,,,/groceries/en-GB/products/306826528,https://digitalcontent.api.tesco.com/v2/media/ghs/40c0631f-81c6-4feb-923d-bfdbf60ad692/caf7347f-b4c4-4f81-902b-18353aebccd4_451969438.jpeg?h=225&w=225,
281976492,Glade Automatic Spray Refil Bali Sandal Wood & Jasmine,https://www.tesco.com/groceries/en-GB/shop/household/all?department=Eco-Friendlier%20Household&viewAll=department&page=,£3.50,£13.02/litre,,,/groceries/en-GB/products/281976492,https://digitalcontent.api.tesco.com/v2/media/ghs/53dec954-a8b4-40ca-b088-c2992578774e/042b99bf-af8a-4d40-a07a-ccf6ec245cb3_1397019659.jpeg?h=225&w=225,
259964781,Method Bathroom Cleaner Eucalyptus & Mint 828Ml,https://www.tesco.com/groceries/en-GB/shop/household/all?department=Eco-Friendlier%20Household&viewAll=department&page=,£4.00,£4.84/litre,,,/groceries/en-GB/products/259964781,https://digitalcontent.api.tesco.com/v2/media/ghs/67dab489-d7d8-42b7-9a00-5a1c123b54a7/0e24baf6-63fe-4e2d-98e3-a3e01f4a3301_187708092.jpeg?h=225&w=225,
264889822,Method Spray Shower Cleaner Ylang 828Ml,https://www.tesco.com/groceries/en-GB/shop/household/all?department=Eco-Friendlier%20Household&viewAll=department&page=,£4.00,£4.84/litre,,,/groceries/en-GB/products/264889822,https://digitalcontent.api.tesco.com/v2/media/ghs/c7959398-ba71-4131-9a7f-7008c0922c78/dadf98fb-ee88-4851-852c-ca9ae2ed77f0_1809086693.jpeg?h=225&w=225,
305944539,Ariel Original Washing Liquid Detergent 70 Washes 2450Ml,https://www.tesco.com/groceries/en-GB/shop/household/all?department=Eco-Friendlier%20Household&viewAll=department&page=,£10.00,£4.09/litre,,,/groceries/en-GB/products/305944539,https://digitalcontent.api.tesco.com/v2/media/ghs/47c800f0-c8c8-4f9f-8610-ffa2372c12af/ab0a3623-58f6-4a0d-9bd8-4294735227b2_1665158712.jpeg?h=225&w=225,
299196321,Bold 2 In1 Lavender & Chamomile Washing Liquid 57 Wash,https://www.tesco.com/groceries/en-GB/shop/household/all?department=Eco-Friendlier%20Household&viewAll=department&page=,£8.00,£4.01/litre,,,/groceries/en-GB/products/299196321,https://digitalcontent.api.tesco.com/v2/media/ghs/013fba03-27a3-4abd-961a-234491788d42/92a057bd-1f6d-4a14-9d86-16e83d7436da_610583327.jpeg?h=225&w=225,
309781788,Bold 2 In 1 Washing Liquid Summer Breeze 57 Washes 1995Ml,https://www.tesco.com/groceries/en-GB/shop/household/all?department=Eco-Friendlier%20Household&viewAll=department&page=,£8.00,£4.01/litre,,,/groceries/en-GB/products/309781788,https://digitalcontent.api.tesco.com/v2/media/ghs/8d549c61-7131-4377-b139-0557f47e34fa/071096a8-94fa-41a9-b72d-2429b8e75f08_2044405376.jpeg?h=225&w=225,
312557857,Ariel All In One Colour Washing Pods 34 Washes 809.2G,https://www.tesco.com/groceries/en-GB/shop/household/all?department=Eco-Friendlier%20Household&viewAll=department&page=,£8.00,£9.89/kg,£7.20 Clubcard Price,,/groceries/en-GB/products/312557857,https://digitalcontent.api.tesco.com/v2/media/ghs/05e656cc-d69c-45f1-8326-b3901ca7d6f0/f39ed11b-03b3-4045-9b64-31bc3bb4b6fa_1102183768.jpeg?h=225&w=225,
306809676,Glade Sense & Spray Refill Apple Cosy Cider 18Ml,https://www.tesco.com/groceries/en-GB/shop/household/all?department=Eco-Friendlier%20Household&viewAll=department&page=,£4.00,£222.23/litre,,,/groceries/en-GB/products/306809676,https://digitalcontent.api.tesco.com/v2/media/ghs/adb1d7c1-123b-46fd-8e95-e45607337c5a/1ff3399d-2384-498b-a9bd-43f3edbf1d09_1416696731.jpeg?h=225&w=225,
312366700,Bold All In One Washing Pods Spring Awakening 34 Washes 792.2G,https://www.tesco.com/groceries/en-GB/shop/household/all?department=Eco-Friendlier%20Household&viewAll=department&page=,£8.00,£10.10/kg,£7.20 Clubcard Price,,/groceries/en-GB/products/312366700,https://digitalcontent.api.tesco.com/v2/media/ghs/0cfc1d1d-c051-4898-9204-de61bb446fe0/44156e22-c983-47b9-89cd-7632b6c84c84_37526677.jpeg?h=225&w=225,
306504309,Persil Biological Liquid Laundry Detergent 38 Washes 1026Ml,https://www.tesco.com/groceries/en-GB/shop/household/all?department=Eco-Friendlier%20Household&viewAll=department&page=,£6.00,£5.85/litre,£5.40 Clubcard Price,,/groceries/en-GB/products/306504309,https://digitalcontent.api.tesco.com/v2/media/ghs/10f907a2-58e3-4e5e-a712-7ae45e249c11/7f9eb4a6-bc07-47dd-bc95-e70d50f5d962_941414379.jpeg?h=225&w=225,
312087917,Bold All In One Washing Pods Lavender & Camomile 34 Washes 792.2G,https://www.tesco.com/groceries/en-GB/shop/household/all?department=Eco-Friendlier%20Household&viewAll=department&page=,£8.00,£10.10/kg,£7.20 Clubcard Price,,/groceries/en-GB/products/312087917,https://digitalcontent.api.tesco.com/v2/media/ghs/8629837f-9e38-48bc-8f0b-6c930c982702/48e72f7d-9b1d-4da6-ae46-5877d777a4f0_1438032347.jpeg?h=225&w=225,
308468862,Comfort Ultimate Care Fabric Conditioner 78W Heavenly 1178Ml,https://www.tesco.com/groceries/en-GB/shop/household/all?department=Eco-Friendlier%20Household&viewAll=department&page=,£3.85,£3.27/litre,,,/groceries/en-GB/products/308468862,https://digitalcontent.api.tesco.com/v2/media/ghs/b4b43fbe-dce2-431e-970c-b43048e53f28/77db86d3-57b1-461b-bd13-851f03630098_604110682.jpeg?h=225&w=225,
304398795,Glade Air Freshener Sandlewood & Jasmine 20Ml,https://www.tesco.com/groceries/en-GB/shop/household/all?department=Eco-Friendlier%20Household&viewAll=department&page=,£3.50,£175.00/litre,,,/groceries/en-GB/products/304398795,https://digitalcontent.api.tesco.com/v2/media/ghs/e8d184c5-42b1-4b18-a224-623bb1dbf4f5/1d984373-4789-4f5a-8700-cbc3770ad1ff_484199600.jpeg?h=225&w=225,
304380873,Glade Candle Honey & Chocolate 129G,https://www.tesco.com/groceries/en-GB/shop/household/all?department=Eco-Friendlier%20Household&viewAll=department&page=,£3.00,£23.26/kg,,,/groceries/en-GB/products/304380873,https://digitalcontent.api.tesco.com/v2/media/ghs/cff0c793-3c8e-4b39-9e49-72bb05e44838/50abe0c0-cc8e-4c0e-91f6-fa7d1314208b_1280727883.jpeg?h=225&w=225,
291375865,Glade Sense And Spray Duo Refill Clean Linen,https://www.tesco.com/groceries/en-GB/shop/household/all?department=Eco-Friendlier%20Household&viewAll=department&page=,£4.00,£111.12/litre,,,/groceries/en-GB/products/291375865,https://digitalcontent.api.tesco.com/v2/media/ghs/dedacd2c-8926-4be0-b89b-007d2fb1dbf9/274968e4-30cc-4e5b-8918-5409859c0fe9_236740769.jpeg?h=225&w=225,
298911606,Glade Sense & Spray Refill Twin Bali Sandalwood,https://www.tesco.com/groceries/en-GB/shop/household/all?department=Eco-Friendlier%20Household&viewAll=department&page=,£4.00,£111.12/litre,,,/groceries/en-GB/products/298911606,https://digitalcontent.api.tesco.com/v2/media/ghs/ce219c9c-a647-405e-82dc-ff934f51cf74/a6bb0abb-3b7c-42c5-a911-7ca996807dc7_1011261882.jpeg?h=225&w=225,
302801201,Method Passion Fruit Shower Spray 828Ml,https://www.tesco.com/groceries/en-GB/shop/household/all?department=Eco-Friendlier%20Household&viewAll=department&page=,£4.00,£4.84/litre,£3.00 Clubcard Price,,/groceries/en-GB/products/302801201,https://digitalcontent.api.tesco.com/v2/media/ghs/c2e1be5e-dc4f-4980-8324-d476cd1f914c/f72362cb-a5bd-4a29-8c96-d1234b77142c_1771826406.jpeg?h=225&w=225,
310669760,Comfort Ultimate Care Fresh Sky Fabric Conditioner 1.178L,https://www.tesco.com/groceries/en-GB/shop/household/all?department=Eco-Friendlier%20Household&viewAll=department&page=,£3.85,£3.27/litre,,,/groceries/en-GB/products/310669760,https://digitalcontent.api.tesco.com/v2/media/ghs/c22b6f06-8bd6-444d-94a2-18fee3531337/a372200e-bdeb-492e-81cf-11d0561e5140_1831290952.jpeg?h=225&w=225,
267027859,Pledge Soapy Wood Cleaner 750Ml,https://www.tesco.com/groceries/en-GB/shop/household/all?department=Eco-Friendlier%20Household&viewAll=department&page=,£2.50,£3.34/litre,,,/groceries/en-GB/products/267027859,https://digitalcontent.api.tesco.com/v2/media/ghs/378a45ff-5464-40d9-9fd5-ee7052385c88/c7617ce6-2666-4924-b740-58201cb55a6d_1870148241.jpeg?h=225&w=225,
299160254,Duck Fresh Disc Holder Marine,https://www.tesco.com/groceries/en-GB/shop/household/all?department=Eco-Friendlier%20Household&viewAll=department&page=,£3.00,£83.34/litre,,,/groceries/en-GB/products/299160254,https://digitalcontent.api.tesco.com/v2/media/ghs/22dcf25e-a93b-4e2a-908d-6e926d07303e/9dd2a69d-f986-4adc-b1ec-902146c74826_1144686790.jpeg?h=225&w=225,
309758016,Dettol 105 Large Antibacterial Cleaning Wipes Green Apple,https://www.tesco.com/groceries/en-GB/shop/household/all?department=Eco-Friendlier%20Household&viewAll=department&page=,£3.00,£2.86/100sht,,,/groceries/en-GB/products/309758016,https://digitalcontent.api.tesco.com/v2/media/ghs/b8b5bce7-7a7f-4f05-9383-2e1083985e9d/49b5c5ae-ec35-4514-8235-4256d27f625c_1259874397.jpeg?h=225&w=225,
309743517,Dettol 105 Large Multi Purpose Wipes Pomegranate & Lime,https://www.tesco.com/groceries/en-GB/shop/household/all?department=Eco-Friendlier%20Household&viewAll=department&page=,£3.00,£2.86/100sht,,,/groceries/en-GB/products/309743517,https://digitalcontent.api.tesco.com/v2/media/ghs/bdae07cf-5d60-4aa7-8f9f-41496da3d5ea/0f2c372c-4ec8-4ceb-a3b3-d2fba8fba029_1381561177.jpeg?h=225&w=225,
308450139,Comfort Ultimate Care Luxurious Fabric Conditioner 58W 870Ml,https://www.tesco.com/groceries/en-GB/shop/household/all?department=Eco-Friendlier%20Household&viewAll=department&page=,£3.50,£4.03/litre,£3.00 Clubcard Price,,/groceries/en-GB/products/308450139,https://digitalcontent.api.tesco.com/v2/media/ghs/5a73f3a6-9a15-461f-a29e-1e96776102fc/79729dea-b4d1-4c59-b685-a360f1611f4e_1707703563.jpeg?h=225&w=225,
307745616,Comfort Ult/C Fuchsia Passion Fabric Conditioner 58W 870Ml,https://www.tesco.com/groceries/en-GB/shop/household/all?department=Eco-Friendlier%20Household&viewAll=department&page=,£3.50,£4.03/litre,£3.00 Clubcard Price,,/groceries/en-GB/products/307745616,https://digitalcontent.api.tesco.com/v2/media/ghs/20659d26-56db-4f35-8137-322cab22d9b0/fd4ec7ae-2125-4fab-9cf1-236bf065e1af_484566612.jpeg?h=225&w=225,
312209133,Ariel All In One Original Washing Pods 15 Washes 378G,https://www.tesco.com/groceries/en-GB/shop/household/all?department=Eco-Friendlier%20Household&viewAll=department&page=,£3.99,£10.56/kg,Aldi Price Match,,/groceries/en-GB/products/312209133,https://digitalcontent.api.tesco.com/v2/media/ghs/de41aff4-c070-4980-aaf2-9253acc0dc34/a5bd5b17-11b2-4b4a-9b5d-e4f444e77fb8_1075820160.jpeg?h=225&w=225,
307159953,Dettol Tru Clean Antibacterial Spray Pear 750Ml,https://www.tesco.com/groceries/en-GB/shop/household/all?department=Eco-Friendlier%20Household&viewAll=department&page=,£3.00,£4.00/litre,£2.00 Clubcard Price,,/groceries/en-GB/products/307159953,https://digitalcontent.api.tesco.com/v2/media/ghs/c11e415f-c956-49a6-bd3c-c6349955a7f6/6b1b375f-c8df-4ac6-a949-87cdb3ce2f67_1498319851.jpeg?h=225&w=225,
309485183,Ecover Multiaction Surface Cleaner Orange Lemongrass 500Ml,https://www.tesco.com/groceries/en-GB/shop/household/all?department=Eco-Friendlier%20Household&viewAll=department&page=,£2.50,£5.00/litre,,,/groceries/en-GB/products/309485183,https://digitalcontent.api.tesco.com/v2/media/ghs/7380b91c-33ba-4e71-ba7d-e8e8b7d75829/1db6548a-39dc-46de-b033-228bf56e3819_1885829651.jpeg?h=225&w=225,
311432261,Surf Watermelon Breeze Liquid Detergent 24 Washes 648Ml,https://www.tesco.com/groceries/en-GB/shop/household/all?department=Eco-Friendlier%20Household&viewAll=department&page=,£3.00,£4.63/litre,,,/groceries/en-GB/products/311432261,https://digitalcontent.api.tesco.com/v2/media/ghs/05ac8dcf-505c-437d-9608-4eb0a36a214f/d37e2bea-b4ac-4446-860e-4927d960ced0_695811536.jpeg?h=225&w=225,
261747949,Method Glass Cleaner Spray 828Ml,https://www.tesco.com/groceries/en-GB/shop/household/all?department=Eco-Friendlier%20Household&viewAll=department&page=,£4.00,£4.84/litre,£3.00 Clubcard Price,,/groceries/en-GB/products/261747949,https://digitalcontent.api.tesco.com/v2/media/ghs/8dafe715-8752-41c3-929c-e56dd3043b76/93042387-670f-4e60-9f8b-ab7914142892_596323609.jpeg?h=225&w=225,
312570423,Lenor In Wash Scent Booster Eucalyptus 176G,https://www.tesco.com/groceries/en-GB/shop/household/all?department=Eco-Friendlier%20Household&viewAll=department&page=,£3.00,£17.05/kg,,,/groceries/en-GB/products/312570423,https://digitalcontent.api.tesco.com/v2/media/ghs/9a2ea223-5229-46eb-9584-806e0f4735d4/e5f3f992-ed2b-4c3d-9b93-2f305f84a6de_1283437683.jpeg?h=225&w=225,
309767649,Ecover Limescale Remover Berries & Basil 500Ml,https://www.tesco.com/groceries/en-GB/shop/household/all?department=Eco-Friendlier%20Household&viewAll=department&page=,£3.15,£6.30/litre,,,/groceries/en-GB/products/309767649,https://digitalcontent.api.tesco.com/v2/media/ghs/3fb5691b-32d5-4280-9ce1-ec1457b992b2/55dd62a7-035a-412b-a859-8586dba68331_1332354422.jpeg?h=225&w=225,
305039079,Cif Eco Refill Power & Shine Kitchen 70Ml,https://www.tesco.com/groceries/en-GB/shop/household/all?department=Eco-Friendlier%20Household&viewAll=department&page=,£1.45,£20.72/litre,,,/groceries/en-GB/products/305039079,https://digitalcontent.api.tesco.com/v2/media/ghs/580827ca-0b2b-4f69-ba00-acce920ecd01/a6690aec-c94e-40fb-9b03-88a37ea262fb_803790987.jpeg?h=225&w=225,
309462256,Glade Bathroom Gel Sensual Sandal & Jasmine 180G,https://www.tesco.com/groceries/en-GB/shop/household/all?department=Eco-Friendlier%20Household&viewAll=department&page=,£2.00,£11.12/kg,£1.50 Clubcard Price,,/groceries/en-GB/products/309462256,https://digitalcontent.api.tesco.com/v2/media/ghs/18d2a057-2ac4-4036-9841-c36b57420376/38083147-e38e-44d5-9a68-73e3a07c7697_1894552307.jpeg?h=225&w=225,
310137687,Tesco Daily Shower Cleaning Refill 9Ml,https://www.tesco.com/groceries/en-GB/shop/household/all?department=Eco-Friendlier%20Household&viewAll=department&page=,£0.75,£83.34/litre,,,/groceries/en-GB/products/310137687,https://digitalcontent.api.tesco.com/v2/media/ghs/cad65c37-8030-4389-a99b-0aeec69bcf1b/64c81ba0-0dcb-41be-b3e5-0bbd0c66f197_586259131.jpeg?h=225&w=225,
310111619,Tesco Antibacterial Kitchen Surface Cleaner Refill 9Ml,https://www.tesco.com/groceries/en-GB/shop/household/all?department=Eco-Friendlier%20Household&viewAll=department&page=,£0.75,£83.34/litre,,,/groceries/en-GB/products/310111619,https://digitalcontent.api.tesco.com/v2/media/ghs/635e8814-9b12-49e9-9b49-dde2c2b805a0/190e3893-e5ed-408d-9ffe-5b4b8729ce77_1286323859.jpeg?h=225&w=225,
310177408,Tesco Antibacterial Bathroom Cleaner Refill 9Ml,https://www.tesco.com/groceries/en-GB/shop/household/all?department=Eco-Friendlier%20Household&viewAll=department&page=,£0.75,£83.34/litre,,,/groceries/en-GB/products/310177408,https://digitalcontent.api.tesco.com/v2/media/ghs/e4ffc146-c59a-498d-8721-537096bb864b/fa258e0a-a413-4e82-9ac9-cdf2e369788a_2123715543.jpeg?h=225&w=225,
310108457,Tesco Apple Antibacterial Multi Purpose Cleaner Refill 9Ml,https://www.tesco.com/groceries/en-GB/shop/household/all?department=Eco-Friendlier%20Household&viewAll=department&page=,£0.75,£83.34/litre,,,/groceries/en-GB/products/310108457,https://digitalcontent.api.tesco.com/v2/media/ghs/90411522-0b05-4a41-963f-3ff535e9f757/85cb2f0a-e3e5-480e-af7b-292ecbacdbdf_1890547297.jpeg?h=225&w=225,
309484368,Glade Aromatherapy Candle Calm Mind 260G,https://www.tesco.com/groceries/en-GB/shop/household/all?department=Eco-Friendlier%20Household&viewAll=department&page=,£9.00,£34.62/kg,,,/groceries/en-GB/products/309484368,https://digitalcontent.api.tesco.com/v2/media/ghs/64c0fbf4-a6fc-451e-941d-60975039a76f/5abc5d36-bb46-429e-97af-89d43023c28b_527711670.jpeg?h=225&w=225,
309465852,Glade Aromatherapy Candle Zen 260G,https://www.tesco.com/groceries/en-GB/shop/household/all?department=Eco-Friendlier%20Household&viewAll=department&page=,£9.00,£34.62/kg,,,/groceries/en-GB/products/309465852,https://digitalcontent.api.tesco.com/v2/media/ghs/ab38eb8e-0314-4db4-8473-8f99f0ebafc4/50d9aade-ace0-4d93-8c4a-515d5ba80df8_1112977992.jpeg?h=225&w=225,
309474622,Glade Aromatherapy Reed Diffuser Moment Of Zen 80Ml,https://www.tesco.com/groceries/en-GB/shop/household/all?department=Eco-Friendlier%20Household&viewAll=department&page=,£9.00,£112.50/litre,,,/groceries/en-GB/products/309474622,https://digitalcontent.api.tesco.com/v2/media/ghs/83e64d15-f123-4d94-a87b-b9e833cc6e67/7e92b666-c84e-444e-a95e-86c059c84c39_1024750978.jpeg?h=225&w=225,
298231397,Ecover Biological Concentrated Laundry Liquid 42 Wash 1.5L,https://www.tesco.com/groceries/en-GB/shop/household/all?department=Eco-Friendlier%20Household&viewAll=department&page=,£9.50,£6.34/litre,,,/groceries/en-GB/products/298231397,https://digitalcontent.api.tesco.com/v2/media/ghs/5b51d197-6a25-426e-81d1-50ab5b2e98b6/5d92eb0b-9f69-4070-82dd-896e0dba4c6e_1350709668.jpeg?h=225&w=225,
306660533,Glade Automatic Spray Holder Apple Cosy Cider 269Ml,https://www.tesco.com/groceries/en-GB/shop/household/all?department=Eco-Friendlier%20Household&viewAll=department&page=,£7.00,£26.03/litre,,,/groceries/en-GB/products/306660533,https://digitalcontent.api.tesco.com/v2/media/ghs/9a34ffcb-ba97-4764-b415-bf169cb25f25/18b63163-305d-4c3e-a8c1-72278131e1ff_780195787.jpeg?h=225&w=225,
302843491,Glade Automatic Spray Sandalwood & Jasmine Set,https://www.tesco.com/groceries/en-GB/shop/household/all?department=Eco-Friendlier%20Household&viewAll=department&page=,£7.00,£26.03/litre,,,/groceries/en-GB/products/302843491,https://digitalcontent.api.tesco.com/v2/media/ghs/40d33ee2-de9d-4c30-a9f2-9243ef47f5df/e3612f56-99e5-4aa9-8682-e046252bb479_942865803.jpeg?h=225&w=225,
255090196,Glade Auto Sense & Spray Clean Linen,https://www.tesco.com/groceries/en-GB/shop/household/all?department=Eco-Friendlier%20Household&viewAll=department&page=,£7.00,£388.89/litre,,,/groceries/en-GB/products/255090196,https://digitalcontent.api.tesco.com/v2/media/ghs/e79aae2b-f22a-419b-95a5-4f859e98b579/6bbd59cb-969f-408f-8332-9de500a3ef23_1777464386.jpeg?h=225&w=225,
299772388,Duck Fresh Discs 2 Refills Marine 2X36ml,https://www.tesco.com/groceries/en-GB/shop/household/all?department=Eco-Friendlier%20Household&viewAll=department&page=,£5.00,£69.45/litre,,,/groceries/en-GB/products/299772388,https://digitalcontent.api.tesco.com/v2/media/ghs/3a7be057-2086-46a2-9281-f6b7085e1fe8/7215dc1f-6492-4759-93ce-d086288296ab_1102753873.jpeg?h=225&w=225,
311800730,Ecoegg Laundry Egg Spring Blossom 70 Washes,https://www.tesco.com/groceries/en-GB/shop/household/all?department=Eco-Friendlier%20Household&viewAll=department&page=,£8.00,£0.12/each,,,/groceries/en-GB/products/311800730,https://digitalcontent.api.tesco.com/v2/media/ghs/258b5f62-38ca-452a-a1ff-0b520a27b66c/snapshotimagehandler_785739224.jpeg?h=225&w=225,
281976578,Glade Automatic Spray Refill Clean Linen,https://www.tesco.com/groceries/en-GB/shop/household/all?department=Eco-Friendlier%20Household&viewAll=department&page=,£3.50,£13.02/litre,,,/groceries/en-GB/products/281976578,https://digitalcontent.api.tesco.com/v2/media/ghs/99227368-0b46-4a00-a540-3349c8e56905/e9cbfce7-755e-49a7-84a0-e880fb5bbae9_582134318.jpeg?h=225&w=225,
312361354,Fairy Platinum Non Biological Washing Pods 28 Washes 730.8G,https://www.tesco.com/groceries/en-GB/shop/household/all?department=Eco-Friendlier%20Household&viewAll=department&page=,£8.00,£10.95/kg,,,/groceries/en-GB/products/312361354,https://digitalcontent.api.tesco.com/v2/media/ghs/7278fab7-e925-43ee-b737-acdc9903f152/cba9214a-2446-409a-89a3-c0ccb55d5144_2089892741.jpeg?h=225&w=225,
311956476,Ariel All In One Platinum Washing Pods 28 Washes 761.6G,https://www.tesco.com/groceries/en-GB/shop/household/all?department=Eco-Friendlier%20Household&viewAll=department&page=,£8.00,£10.51/kg,,,/groceries/en-GB/products/311956476,https://digitalcontent.api.tesco.com/v2/media/ghs/9c424b2d-2b43-48b7-98f6-8e5f19777d58/e7efc65c-8dcf-4cef-a290-d36806bd1fb9_944152682.jpeg?h=225&w=225,
311672877,Method Multisurface Concentrate Bing Cherry & Bergamot 240Ml,https://www.tesco.com/groceries/en-GB/shop/household/all?department=Eco-Friendlier%20Household&viewAll=department&page=,£4.75,£19.80/litre,,,/groceries/en-GB/products/311672877,https://digitalcontent.api.tesco.com/v2/media/ghs/052ef72e-2918-41e3-ad96-02ab11ae0da3/66085c1f-f8c2-4a88-914e-f5bc425b9b33_588076465.jpeg?h=225&w=225,
306816327,Glade Electric Holder & Refill Apple Cosy Cider 20Ml,https://www.tesco.com/groceries/en-GB/shop/household/all?department=Eco-Friendlier%20Household&viewAll=department&page=,£5.00,£250.00/litre,£3.75 Clubcard Price,,/groceries/en-GB/products/306816327,https://digitalcontent.api.tesco.com/v2/media/ghs/249bd7ec-82f9-4890-b855-a54f246669f4/60c46a75-3a93-48d0-b15f-fce339232b28_2005699880.jpeg?h=225&w=225,
298821874,Glade Auto Refill Vanilla,https://www.tesco.com/groceries/en-GB/shop/household/all?department=Eco-Friendlier%20Household&viewAll=department&page=,£3.50,£13.02/litre,,,/groceries/en-GB/products/298821874,https://digitalcontent.api.tesco.com/v2/media/ghs/8f11f64b-f124-4f64-b31b-d1e3b12ceaaf/e4d107af-44d4-4080-8a9b-996d844ece8c_1753868005.jpeg?h=225&w=225,
311228707,Method Multisurface Concentrate Mango & Citrus 240Ml,https://www.tesco.com/groceries/en-GB/shop/household/all?department=Eco-Friendlier%20Household&viewAll=department&page=,£4.75,£19.80/litre,,,/groceries/en-GB/products/311228707,https://digitalcontent.api.tesco.com/v2/media/ghs/fa59a650-9dae-4f3b-9493-108a5fbc623d/482d7a34-c5e5-4f45-b455-5b15241d9022_1110473106.jpeg?h=225&w=225,
306823508,Glade Automatic Spray Refill Tropical Blossoms 269Ml,https://www.tesco.com/groceries/en-GB/shop/household/all?department=Eco-Friendlier%20Household&viewAll=department&page=,£3.50,£13.02/litre,,,/groceries/en-GB/products/306823508,https://digitalcontent.api.tesco.com/v2/media/ghs/64068d2c-7ef4-4f9d-907b-d705dadd0cfb/099f6a21-f27f-409d-89c3-aa28fc916ebf_1979245149.jpeg?h=225&w=225,
304367976,Glade Electric Sandalwood & Jasmine 20Ml,https://www.tesco.com/groceries/en-GB/shop/household/all?department=Eco-Friendlier%20Household&viewAll=department&page=,£5.00,£250.00/litre,£3.75 Clubcard Price,,/groceries/en-GB/products/304367976,https://digitalcontent.api.tesco.com/v2/media/ghs/ca158fd2-73fb-4c1b-929c-0984024d285b/8dc2d45c-0502-4684-933f-765236ed9ce2_1682735257.jpeg?h=225&w=225,
311937902,Ecoegg Laundry Egg Refill Pellets Fresh Linen 50S,https://www.tesco.com/groceries/en-GB/shop/household/all?department=Eco-Friendlier%20Household&viewAll=department&page=,£4.00,£0.08/each,,,/groceries/en-GB/products/311937902,https://digitalcontent.api.tesco.com/v2/media/ghs/758637b4-7808-4a32-921c-a1ce0b3fa202/snapshotimagehandler_647652126.jpeg?h=225&w=225,
261747926,Method Wood Floor Cleaner 739Ml,https://www.tesco.com/groceries/en-GB/shop/household/all?department=Eco-Friendlier%20Household&viewAll=department&page=,£4.50,£6.09/litre,£3.50 Clubcard Price,,/groceries/en-GB/products/261747926,https://digitalcontent.api.tesco.com/v2/media/ghs/ed79161d-fd82-4184-ae57-d08348aaf886/bd47808a-7746-433c-9998-6c55d6cbd0a8_1023028596.jpeg?h=225&w=225,
311798835,Comfort Ultimate Carelavish Blossom Fabric Conditioner 1178Ml,https://www.tesco.com/groceries/en-GB/shop/household/all?department=Eco-Friendlier%20Household&viewAll=department&page=,£3.85,£3.21/litre,,,/groceries/en-GB/products/311798835,https://digitalcontent.api.tesco.com/v2/media/ghs/32e7b638-a64d-4106-8470-f5ae64d524de/4eeb5aa0-d7eb-4577-bcae-0ff5fdcb29bf_1891046779.jpeg?h=225&w=225,
312717332,Bold All In One Washing Pod Lavender & Camomile 15 Washes 349.5G,https://www.tesco.com/groceries/en-GB/shop/household/all?department=Eco-Friendlier%20Household&viewAll=department&page=,£4.80,£13.74/kg,,,/groceries/en-GB/products/312717332,https://digitalcontent.api.tesco.com/v2/media/ghs/78b5b99d-a4c0-45e1-97dc-12ea8bb1e37b/f35a32fd-4196-4a2e-8f1b-518f47e70981_1148902666.jpeg?h=225&w=225,
306813780,Glade Candle Tropical Blossoms Air Freshener 129G,https://www.tesco.com/groceries/en-GB/shop/household/all?department=Eco-Friendlier%20Household&viewAll=department&page=,£3.00,£23.26/kg,,,/groceries/en-GB/products/306813780,https://digitalcontent.api.tesco.com/v2/media/ghs/6faa5b90-f3a0-487a-95ba-a726bd074664/a34c626f-2f39-4965-a5e6-315ec057bb30_782175657.jpeg?h=225&w=225,
306819249,Glade Candle Apple Cosy Cider 129G,https://www.tesco.com/groceries/en-GB/shop/household/all?department=Eco-Friendlier%20Household&viewAll=department&page=,£3.00,£23.26/kg,,,/groceries/en-GB/products/306819249,https://digitalcontent.api.tesco.com/v2/media/ghs/f37fd777-285b-4650-975e-6f6fdf843fb3/885ea284-83c7-4a74-be3c-3d5bc676db52_947765967.jpeg?h=225&w=225,
306803855,Glade Electric Refill Apple Cosy Cider 20Ml,https://www.tesco.com/groceries/en-GB/shop/household/all?department=Eco-Friendlier%20Household&viewAll=department&page=,£3.50,£175.00/litre,,,/groceries/en-GB/products/306803855,https://digitalcontent.api.tesco.com/v2/media/ghs/a61676c6-2fb9-48f6-9165-5f3443b46265/8b5fa4a8-f258-4367-8981-5bfdff3d22da_771986062.jpeg?h=225&w=225,
304384667,Glade Electric Scented Oil Pure Clean Linen 20Ml,https://www.tesco.com/groceries/en-GB/shop/household/all?department=Eco-Friendlier%20Household&viewAll=department&page=,£3.50,£175.00/litre,,,/groceries/en-GB/products/304384667,https://digitalcontent.api.tesco.com/v2/media/ghs/1b16c758-a1a3-4402-b4f8-7f30fbde0f7a/ca5da671-1f05-4535-b006-d7245ede9b2f_795840828.jpeg?h=225&w=225,
304403894,Glade Electric Scented Oil Vanilla Blossom 20Ml,https://www.tesco.com/groceries/en-GB/shop/household/all?department=Eco-Friendlier%20Household&viewAll=department&page=,£3.50,£175.00/litre,,,/groceries/en-GB/products/304403894,https://digitalcontent.api.tesco.com/v2/media/ghs/6154de5e-5fec-4de0-8b93-a08f131a4383/a6de9092-59ff-4062-af32-7255c46a7859_330972846.jpeg?h=225&w=225,
311955356,Ecoegg Laundry Egg Refill Pellets Spring Blossom 50S,https://www.tesco.com/groceries/en-GB/shop/household/all?department=Eco-Friendlier%20Household&viewAll=department&page=,£4.00,£0.08/each,,,/groceries/en-GB/products/311955356,https://digitalcontent.api.tesco.com/v2/media/ghs/b27604d2-3815-49ca-a27d-ec314552301b/snapshotimagehandler_55672348.jpeg?h=225&w=225,
311209083,Dr Beckmann Magic Leaves Biological Laundry Detergent Sheet 25S,https://www.tesco.com/groceries/en-GB/shop/household/all?department=Eco-Friendlier%20Household&viewAll=department&page=,£4.00,£0.16/each,,,/groceries/en-GB/products/311209083,https://digitalcontent.api.tesco.com/v2/media/ghs/4368a4bb-5db1-469c-bf42-1077620cdf8b/c66581d8-b3ce-42aa-90df-8e80ad907617_1079036992.jpeg?h=225&w=225,
311439478,Dr Beckmann Non Biological Laundry Detergent Sheets X25,https://www.tesco.com/groceries/en-GB/shop/household/all?department=Eco-Friendlier%20Household&viewAll=department&page=,£4.00,£0.16/each,,,/groceries/en-GB/products/311439478,https://digitalcontent.api.tesco.com/v2/media/ghs/62ca2b05-b2f0-4012-90a8-b7bea858d9cc/e527f1e9-7402-419f-b3ba-3b7b1ed5d1ee_1657482305.jpeg?h=225&w=225,
310156186,Neat Antibacterial Multisurface Cleaner Mango & Fig 30Ml,https://www.tesco.com/groceries/en-GB/shop/household/all?department=Eco-Friendlier%20Household&viewAll=department&page=,£2.50,£83.34/litre,£1.75 Clubcard Price,,/groceries/en-GB/products/310156186,https://digitalcontent.api.tesco.com/v2/media/ghs/d4471390-cdd8-4ed5-9ed6-29673321c4dd/d6724524-0f27-4ac9-ba47-3453eee62bd7_1467703630.jpeg?h=225&w=225,
305250657,Method Washing Up Liquid Coconut Water 532Ml,https://www.tesco.com/groceries/en-GB/shop/household/all?department=Eco-Friendlier%20Household&viewAll=department&page=,£3.00,£5.64/litre,,,/groceries/en-GB/products/305250657,https://digitalcontent.api.tesco.com/v2/media/ghs/8ca1ea43-6a84-47f5-b2f3-3d8ca4561ae1/783f8916-2430-48e6-afc4-ec8617a791de_1645458339.jpeg?h=225&w=225,
309178368,Lifebuoy Antibacterial Multisurface Spray 735Ml,https://www.tesco.com/groceries/en-GB/shop/household/all?department=Eco-Friendlier%20Household&viewAll=department&page=,£2.00,£2.73/litre,,,/groceries/en-GB/products/309178368,https://digitalcontent.api.tesco.com/v2/media/ghs/3b8830d2-d992-48b2-aa5e-2b6982560ae0/8ef1fa80-35e7-49e4-9406-ea2ea9f8cf0a_1435813661.jpeg?h=225&w=225,
310121832,Neat Concentrated Refill Multisurface Cleaner Grapefruit 30Ml,https://www.tesco.com/groceries/en-GB/shop/household/all?department=Eco-Friendlier%20Household&viewAll=department&page=,£2.50,£83.34/litre,£1.75 Clubcard Price,,/groceries/en-GB/products/310121832,https://digitalcontent.api.tesco.com/v2/media/ghs/f55e39f6-0fb4-4ab3-be01-fe05f99a82d5/7f8d0f1a-d616-4936-99a8-5bc56d51bf5f_892070398.jpeg?h=225&w=225,
308087978,Oceansaver Kitchen Degreser Ecodrop Citrus Kelp 10Ml,https://www.tesco.com/groceries/en-GB/shop/household/all?department=Eco-Friendlier%20Household&viewAll=department&page=,£1.50,£150.00/litre,,,/groceries/en-GB/products/308087978,https://digitalcontent.api.tesco.com/v2/media/ghs/4cbfd12f-7d09-4823-9550-d00d5aeba428/fcd14b52-b09c-4d01-ba7b-b2d4213cfb0c_1755079365.jpeg?h=225&w=225,
310672346,Neat Antibacterial Bathroom Cleaner Sage & Mint Refill 30Ml,https://www.tesco.com/groceries/en-GB/shop/household/all?department=Eco-Friendlier%20Household&viewAll=department&page=,£2.50,£83.34/litre,£1.75 Clubcard Price,,/groceries/en-GB/products/310672346,https://digitalcontent.api.tesco.com/v2/media/ghs/efe2f67e-4be6-4658-946a-ac613bd83598/4df088fe-8b7c-480d-bc3f-1dbf60fa7d27_808250702.jpeg?h=225&w=225,
308091892,Ocean Saver Ecodrop Pomegranate Tide 15G,https://www.tesco.com/groceries/en-GB/shop/household/all?department=Eco-Friendlier%20Household&viewAll=department&page=,£1.50,£100.00/kg,,,/groceries/en-GB/products/308091892,https://digitalcontent.api.tesco.com/v2/media/ghs/73c7edf7-b31f-4d7d-ac84-b0dc445a178e/b0c92720-931f-411c-9077-9996f3426763_1429065540.jpeg?h=225&w=225,
308101719,Ocean Saver Antibacterial Spray Ocean Mist 10Ml,https://www.tesco.com/groceries/en-GB/shop/household/all?department=Eco-Friendlier%20Household&viewAll=department&page=,£1.50,£150.00/litre,,,/groceries/en-GB/products/308101719,https://digitalcontent.api.tesco.com/v2/media/ghs/abd31586-8fb7-491c-ab65-4a9b84d6b856/450eef8e-a623-4431-87bb-b6dec4340b75_47543328.jpeg?h=225&w=225,
307749232,Cif Ecorefill Anti-Bacterial & Shine Multi Purpose 70Ml,https://www.tesco.com/groceries/en-GB/shop/household/all?department=Eco-Friendlier%20Household&viewAll=department&page=,£1.45,£20.72/litre,,,/groceries/en-GB/products/307749232,https://digitalcontent.api.tesco.com/v2/media/ghs/be63249f-2261-4cb0-8d82-f77a360d1c1d/330b14f6-b910-4b97-a594-c94f06d32770_1810350816.jpeg?h=225&w=225,
309199406,Lifebuoy Multisurface Antibacterial Eco Refill Spray 70Ml,https://www.tesco.com/groceries/en-GB/shop/household/all?department=Eco-Friendlier%20Household&viewAll=department&page=,£1.50,£21.43/litre,,,/groceries/en-GB/products/309199406,https://digitalcontent.api.tesco.com/v2/media/ghs/ac89ae91-9ffc-4909-9660-818c2eee14e7/53f33d0b-b6a1-46ae-9108-d54672f2e298_61029569.jpeg?h=225&w=225,
308111708,Oceansaver Apple Multi Purpose Cleaner Ecodrops 10Ml,https://www.tesco.com/groceries/en-GB/shop/household/all?department=Eco-Friendlier%20Household&viewAll=department&page=,£1.50,£150.00/litre,,,/groceries/en-GB/products/308111708,https://digitalcontent.api.tesco.com/v2/media/ghs/a76dcff3-c237-4a49-b886-7a0b88c820a5/a667794c-afee-41f5-93f1-d703ac627d81_832493908.jpeg?h=225&w=225,
310108751,Tesco Window & Glass Cleaning Refill 9Ml,https://www.tesco.com/groceries/en-GB/shop/household/all?department=Eco-Friendlier%20Household&viewAll=department&page=,£0.75,£83.34/litre,,,/groceries/en-GB/products/310108751,https://digitalcontent.api.tesco.com/v2/media/ghs/052c2afc-b8f9-4c38-978a-0fbcc2de32da/911952a8-dfa6-46ff-a400-a58af9c197c1_1951507626.jpeg?h=225&w=225,
311792703,Ecoegg Laundry Egg Fresh Linen 70 Washes,https://www.tesco.com/groceries/en-GB/shop/household/all?department=Eco-Friendlier%20Household&viewAll=department&page=,£8.00,£0.12/each,,,/groceries/en-GB/products/311792703,https://digitalcontent.api.tesco.com/v2/media/ghs/e19fdac4-18e9-473d-9b32-dcd262dc5d3b/snapshotimagehandler_1180227946.jpeg?h=225&w=225,
306800052,Glade Sense & Spray Holder Apple Cosy Cider 18Ml,https://www.tesco.com/groceries/en-GB/shop/household/all?department=Eco-Friendlier%20Household&viewAll=department&page=,£7.00,£388.89/litre,,,/groceries/en-GB/products/306800052,https://digitalcontent.api.tesco.com/v2/media/ghs/ab0d3198-2ac7-40c9-a498-4cc3a74a1618/5db30aab-fb5f-4eb4-875f-518a8e9f2cf6_872992325.jpeg?h=225&w=225,
309492681,Febreze Zero% Air Freshener Mist Kit Orchid 300Ml,https://www.tesco.com/groceries/en-GB/shop/household/all?department=Eco-Friendlier%20Household&viewAll=department&page=,£4.80,£16.00/litre,,,/groceries/en-GB/products/309492681,https://digitalcontent.api.tesco.com/v2/media/ghs/577f6851-b772-44fd-b543-e41d22188a2a/587cfc10-de62-4718-9790-a75cf692a8ca_154258168.jpeg?h=225&w=225,
310660547,Neat Antibacterial Multisurface Cleaner Fig & Mango Starter Pack,https://www.tesco.com/groceries/en-GB/shop/household/all?department=Eco-Friendlier%20Household&viewAll=department&page=,£6.00,£6.00/each,£4.00 Clubcard Price,,/groceries/en-GB/products/310660547,https://digitalcontent.api.tesco.com/v2/media/ghs/4e4dcb7b-29d2-45f0-9f2b-14c1fd2a860e/c13908d6-69bd-4c08-9482-e60fe016c2f4_53657668.jpeg?h=225&w=225,
310700297,Neat Multisurface Cleaner Grapefruit & Ylang Ylang Starter Pack,https://www.tesco.com/groceries/en-GB/shop/household/all?department=Eco-Friendlier%20Household&viewAll=department&page=,£6.00,£6.00/each,£4.00 Clubcard Price,,/groceries/en-GB/products/310700297,https://digitalcontent.api.tesco.com/v2/media/ghs/6fb39bec-2490-4c4d-8861-2751df3a270d/6d2435d6-6601-43bd-b3d7-20181ccfc710_1204707569.jpeg?h=225&w=225,
309177467,Febreze Zero % Air Freshener Mist Kit Aqua 300Ml,https://www.tesco.com/groceries/en-GB/shop/household/all?department=Eco-Friendlier%20Household&viewAll=department&page=,£4.80,£16.00/litre,,,/groceries/en-GB/products/309177467,https://digitalcontent.api.tesco.com/v2/media/ghs/71922d1d-ddc7-46ff-a19d-c93111160f12/b374533a-5bb0-4423-97c2-d34ded2bc8f4_1443509821.jpeg?h=225&w=225,
311421683,Method Multisurface Concentrate Lotus Flower & Sage 240Ml,https://www.tesco.com/groceries/en-GB/shop/household/all?department=Eco-Friendlier%20Household&viewAll=department&page=,£4.75,£19.80/litre,,,/groceries/en-GB/products/311421683,https://digitalcontent.api.tesco.com/v2/media/ghs/bce38871-95e6-49ad-9bce-f0976afb6f37/2e5c780e-7361-4f72-bffc-e0987dd1f815_1282958914.jpeg?h=225&w=225,
309172000,Febreze Zero % Air Freshener Mist Refill Orchid 300Ml,https://www.tesco.com/groceries/en-GB/shop/household/all?department=Eco-Friendlier%20Household&viewAll=department&page=,£3.00,£10.00/litre,,,/groceries/en-GB/products/309172000,https://digitalcontent.api.tesco.com/v2/media/ghs/b59448df-63ee-4e01-9609-2262d692d0ab/b4d744af-53bc-408f-a36c-f10096d345e5_1467121993.jpeg?h=225&w=225,
309475828,Febreze 0% Refill Air Freshener Mist Aqua 300Ml,https://www.tesco.com/groceries/en-GB/shop/household/all?department=Eco-Friendlier%20Household&viewAll=department&page=,£3.00,£10.00/litre,,,/groceries/en-GB/products/309475828,https://digitalcontent.api.tesco.com/v2/media/ghs/6313c5b0-9a2a-4074-a084-5647b00fe392/d29238a2-9177-4d8c-bf20-d760d3bc8f8f_341809210.jpeg?h=225&w=225,
310189924,Neat Antibacterial Bathroom Cleaner Sage & Mint Starter Pack,https://www.tesco.com/groceries/en-GB/shop/household/all?department=Eco-Friendlier%20Household&viewAll=department&page=,£6.00,£6.00/each,£4.00 Clubcard Price,,/groceries/en-GB/products/310189924,https://digitalcontent.api.tesco.com/v2/media/ghs/7867f54d-48a8-46ab-9079-c8767223f073/3a46843e-4404-42b7-860c-64da9ed15dc4_1669087312.jpeg?h=225&w=225,
308088810,Oceansaver Kitchen Degreaser Kit Citrus Kelp 10Ml,https://www.tesco.com/groceries/en-GB/shop/household/all?department=Eco-Friendlier%20Household&viewAll=department&page=,£2.35,£235.00/litre,,,/groceries/en-GB/products/308088810,https://digitalcontent.api.tesco.com/v2/media/ghs/ce8bc089-f9dd-4530-b3cd-c6d11347678a/f1601d71-46e4-491b-9770-f39c7e46efd2_940682071.jpeg?h=225&w=225,
308107991,Oceansaver Glass Starter Kit Sea Spray 10Ml,https://www.tesco.com/groceries/en-GB/shop/household/all?department=Eco-Friendlier%20Household&viewAll=department&page=,£2.35,£235.00/litre,,,/groceries/en-GB/products/308107991,https://digitalcontent.api.tesco.com/v2/media/ghs/b6e3676d-6b5b-4fee-9cc8-23ec95fb49a2/5c259928-a137-434e-93ca-9ca388bf6bc7_2117476523.jpeg?h=225&w=225,
308107069,Oceansaver Kit Bathroom Pomegranate Tide Cleaner 15G,https://www.tesco.com/groceries/en-GB/shop/household/all?department=Eco-Friendlier%20Household&viewAll=department&page=,£2.35,£156.67/kg,,,/groceries/en-GB/products/308107069,https://digitalcontent.api.tesco.com/v2/media/ghs/b43e0f28-d95a-49d3-ab8e-179b1e655c85/233b337a-1571-44dd-a414-f2c6c3370b2e_1757201985.jpeg?h=225&w=225,
308086524,Oceansaver Kit Multi Purpose Cleaner Apple Breezer 10Ml,https://www.tesco.com/groceries/en-GB/shop/household/all?department=Eco-Friendlier%20Household&viewAll=department&page=,£2.35,£235.00/litre,,,/groceries/en-GB/products/308086524,https://digitalcontent.api.tesco.com/v2/media/ghs/460fd64c-b4e7-4bf0-843f-96cca3aaa099/08528236-7069-40c4-9f17-d9618b6f9eb9_1563043025.jpeg?h=225&w=225,
308099025,Oceansaver Antibacterial Starter Kit Ocean Mist 10Ml,https://www.tesco.com/groceries/en-GB/shop/household/all?department=Eco-Friendlier%20Household&viewAll=department&page=,£2.35,£235.00/litre,,,/groceries/en-GB/products/308099025,https://digitalcontent.api.tesco.com/v2/media/ghs/05352c39-d892-4c57-9eba-bac4b76d9d54/b1ffed24-149a-453f-ac30-ca4deb11220a_415883934.jpeg?h=225&w=225,
308833793,Ariel Original All In 1 Pods 45 Washes 1134G,https://www.tesco.com/groceries/en-GB/shop/household/all?department=Laundry&viewAll=department&page=,£10.50,£9.26/kg,,,/groceries/en-GB/products/308833793,https://digitalcontent.api.tesco.com/v2/media/ghs/52726792-1850-4377-ba12-89635cb5b7c1/8c6a5623-5b63-4f70-92ba-8bfc400134b0_164481656.jpeg?h=225&w=225,
309487329,Persil 3In1 Non Biological Washing Capsules 50 Wash 1.350Kg,https://www.tesco.com/groceries/en-GB/shop/household/all?department=Laundry&viewAll=department&page=,£10.00,£7.41/kg,£9.00 Clubcard Price,,/groceries/en-GB/products/309487329,https://digitalcontent.api.tesco.com/v2/media/ghs/54a1b192-b420-47b8-b7b3-fa0b1d062a66/4578e9ca-f202-42f5-bec4-67d410acace2_2134345233.jpeg?h=225&w=225,
309784347,Persil Non Biological Liquid Detergent 72 Washes 1944Ml,https://www.tesco.com/groceries/en-GB/shop/household/all?department=Laundry&viewAll=department&page=,£9.50,£4.89/litre,£8.50 Clubcard Price,,/groceries/en-GB/products/309784347,https://digitalcontent.api.tesco.com/v2/media/ghs/76ea403e-c7b7-4c75-9d77-59f896f67da8/a3610ee9-640f-4426-a809-f2afc9e9b7fd_1155918235.jpeg?h=225&w=225,
304368186,Persil 3 In 1 Non Biological Capsules 38 Capsules 1026G,https://www.tesco.com/groceries/en-GB/shop/household/all?department=Laundry&viewAll=department&page=,£8.25,£8.05/kg,,,/groceries/en-GB/products/304368186,https://digitalcontent.api.tesco.com/v2/media/ghs/8f4fb4fd-459e-4a54-8f9a-0361d593c868/18054ac0-bd9b-4729-810f-69fc91bb2d52_913265024.jpeg?h=225&w=225,
312357481,Lenor Unstoppables In-Wash Scent Booster Fresh 320G,https://www.tesco.com/groceries/en-GB/shop/household/all?department=Laundry&viewAll=department&page=,£6.50,£20.32/kg,,New,/groceries/en-GB/products/312357481,https://digitalcontent.api.tesco.com/v2/media/ghs/3a0e90e5-d4fc-41f9-9e0e-2344f68e5749/4dde6761-4137-4042-a1c8-3c16f677a83c_1396597773.jpeg?h=225&w=225,
311422958,Persil Non Biological Liquid Detergent 53W 1431Ml,https://www.tesco.com/groceries/en-GB/shop/household/all?department=Laundry&viewAll=department&page=,£7.50,£5.25/litre,,,/groceries/en-GB/products/311422958,https://digitalcontent.api.tesco.com/v2/media/ghs/aa6ec1e8-936a-478e-b13b-43a2fec169d8/bae43606-1a24-4e0e-b685-fc0187762b77_872748424.jpeg?h=225&w=225,
312578651,Ariel All In One Washing Pods Original 25 Washes 630G,https://www.tesco.com/groceries/en-GB/shop/household/all?department=Laundry&viewAll=department&page=,£6.30,£10.00/kg,,,/groceries/en-GB/products/312578651,https://digitalcontent.api.tesco.com/v2/media/ghs/d8eaf49d-5cae-4fea-aa5f-26ed18c3dae0/fe4fb13c-5bcd-4cbb-95cd-6e44251b93ac_1493034744.jpeg?h=225&w=225,
312719301,Fairy Non Biological Washing Pods 25 Washes 602.5G,https://www.tesco.com/groceries/en-GB/shop/household/all?department=Laundry&viewAll=department&page=,£6.30,£10.46/kg,,,/groceries/en-GB/products/312719301,https://digitalcontent.api.tesco.com/v2/media/ghs/23ef67a1-f2d3-48c1-94fe-268925eed6fc/07b07c38-0e61-48de-98a3-3376bca57640_2047266920.jpeg?h=225&w=225,
312705677,Fairy Non Biological Washing Gel 35 Washes 1225Ml,https://www.tesco.com/groceries/en-GB/shop/household/all?department=Laundry&viewAll=department&page=,£7.00,£5.72/litre,£6.30 Clubcard Price,,/groceries/en-GB/products/312705677,https://digitalcontent.api.tesco.com/v2/media/ghs/a6a97f15-b2fa-4a07-9c12-30922997c73b/0762ac1c-f356-4b2f-a615-a4760b66c004_384473942.jpeg?h=225&w=225,
312705939,Tesco Antibacterial Laundry Cleanser 1.52L,https://www.tesco.com/groceries/en-GB/shop/household/all?department=Laundry&viewAll=department&page=,£3.00,£1.98/litre,,New,/groceries/en-GB/products/312705939,https://digitalcontent.api.tesco.com/v2/media/ghs/a07fab1d-61c2-40c1-9e07-492a4f7dc971/365d522b-2892-4fb2-b086-c294746469e1_820529705.jpeg?h=225&w=225,
306503260,Tesco Non Bio. Detergent Powder 2.6Kg,https://www.tesco.com/groceries/en-GB/shop/household/all?department=Laundry&viewAll=department&page=,£4.40,£1.70/kg,,,/groceries/en-GB/products/306503260,https://digitalcontent.api.tesco.com/v2/media/ghs/68a56558-74af-481d-a8d6-daf7e5f99391/f179ceea-7e46-48ed-b225-d05afb2187f8_2004115606.jpeg?h=225&w=225,
311259443,Persil Colour Protect Liquid Detergent 53 Washes 1431Ml,https://www.tesco.com/groceries/en-GB/shop/household/all?department=Laundry&viewAll=department&page=,£7.50,£5.25/litre,,,/groceries/en-GB/products/311259443,https://digitalcontent.api.tesco.com/v2/media/ghs/fd170782-1bc0-468d-9754-59af0d97bf25/79219d45-65e0-4eb7-9cd8-fb7022e58786_2067159006.jpeg?h=225&w=225,
312102558,Lenor Outdoorable Fabric Conditioner Northern Solstice 770Ml,https://www.tesco.com/groceries/en-GB/shop/household/all?department=Laundry&viewAll=department&page=,£4.80,£6.24/litre,,,/groceries/en-GB/products/312102558,https://digitalcontent.api.tesco.com/v2/media/ghs/3e45a621-7b9d-4313-8987-21a455a5feff/a1a32fb3-7d08-4011-a4b3-0742c166bbd5_1793131783.jpeg?h=225&w=225,
305955289,Tesco Tropical Sunshine Bio. Powder 2.6Kg,https://www.tesco.com/groceries/en-GB/shop/household/all?department=Laundry&viewAll=department&page=,£4.40,£1.70/kg,,,/groceries/en-GB/products/305955289,https://digitalcontent.api.tesco.com/v2/media/ghs/2f6a13c5-d56a-4103-bc94-6742dac2efb3/54b7656f-6371-458d-abf7-9f6c378a02ff_767589428.jpeg?h=225&w=225,
312091333,Ariel Original Washing Gel 24 Washes 840Ml,https://www.tesco.com/groceries/en-GB/shop/household/all?department=Laundry&viewAll=department&page=,£5.00,£5.96/litre,,New,/groceries/en-GB/products/312091333,https://digitalcontent.api.tesco.com/v2/media/ghs/8bfe30be-b7b8-4a4e-94d7-daaec9f404cd/e9f557f9-2c1b-487f-b4e6-21fc8aa42ef2_1937989448.jpeg?h=225&w=225,
311781745,Fairy Non Biological Washing Gel 24 Washes 840Ml,https://www.tesco.com/groceries/en-GB/shop/household/all?department=Laundry&viewAll=department&page=,£5.00,£5.96/litre,,New,/groceries/en-GB/products/311781745,https://digitalcontent.api.tesco.com/v2/media/ghs/77386e80-f904-4035-b088-e594756edf27/a944231d-e1db-4846-9d09-9644ba0fca91_1052728287.jpeg?h=225&w=225,
305959666,Surf Tropical Lily 3In1 Washing Capsules 32 Wash 678G,https://www.tesco.com/groceries/en-GB/shop/household/all?department=Laundry&viewAll=department&page=,£5.00,£7.38/kg,,,/groceries/en-GB/products/305959666,https://digitalcontent.api.tesco.com/v2/media/ghs/1b0cf966-5109-4200-b7c5-53cc7741dde0/e5872354-d5b3-429f-8060-142ec0eac758_1959502804.jpeg?h=225&w=225,
253987588,Tesco Spring Fresh Tumble Dryer Sheets 40S,https://www.tesco.com/groceries/en-GB/shop/household/all?department=Laundry&viewAll=department&page=,£1.80,£4.50/100sht,,,/groceries/en-GB/products/253987588,https://digitalcontent.api.tesco.com/v2/media/ghs/c5c89251-2c88-4596-98ba-031f41d74316/9fb56718-2750-4f28-852e-e4392d01ef06.jpeg?h=225&w=225,
264397459,Comfort Blue Fabric Conditioner 85 Wash 3L,https://www.tesco.com/groceries/en-GB/shop/household/all?department=Laundry&viewAll=department&page=,£4.50,£1.50/litre,,,/groceries/en-GB/products/264397459,https://digitalcontent.api.tesco.com/v2/media/ghs/baa53ded-1197-4873-b0a3-65106d051aa9/adbe1f59-345f-41e0-a2b2-2f2a2a7a7533_631433151.jpeg?h=225&w=225,
264397281,Comfort Pure Fabric Conditioner 85Wash/3 Litre,https://www.tesco.com/groceries/en-GB/shop/household/all?department=Laundry&viewAll=department&page=,£4.50,£1.50/litre,,,/groceries/en-GB/products/264397281,https://digitalcontent.api.tesco.com/v2/media/ghs/2258236f-dc58-419c-a6fe-d9f1da99c1d2/f1e0d140-7276-4826-85a6-939b562c2a92_1802415261.jpeg?h=225&w=225,
312356620,Lenor Outdoorable Spring Awakening Fabric Conditioner 55W 770Ml,https://www.tesco.com/groceries/en-GB/shop/household/all?department=Laundry&viewAll=department&page=,£3.50,£4.55/litre,£3.00 Clubcard Price,,/groceries/en-GB/products/312356620,https://digitalcontent.api.tesco.com/v2/media/ghs/b6429cf4-ca7f-413b-bee5-ce9e64d806f3/629b01cd-75cd-480a-ade7-c60859cfd24c_13217732.jpeg?h=225&w=225,
267007250,Comfort Sunshiny Days Fabric Conditioner 85 Wash 3L,https://www.tesco.com/groceries/en-GB/shop/household/all?department=Laundry&viewAll=department&page=,£4.50,£1.50/litre,,,/groceries/en-GB/products/267007250,https://digitalcontent.api.tesco.com/v2/media/ghs/83192ebd-5266-4119-b1bd-70d714bcffa8/e560ab51-c002-4eda-bc65-1b2d29bfe976_1937072343.jpeg?h=225&w=225,
309173984,Surf Tropical Lily Liquid Detergent 24 Washes 648Ml,https://www.tesco.com/groceries/en-GB/shop/household/all?department=Laundry&viewAll=department&page=,£3.00,£4.63/litre,,,/groceries/en-GB/products/309173984,https://digitalcontent.api.tesco.com/v2/media/ghs/f16eb930-083b-43e2-b2c6-84bd3dc53de8/b69f9092-9e33-4a84-ad03-e6c97702d23b_1833253814.jpeg?h=225&w=225,
294025740,Comfort Honeysuckle Fabric Conditioner 55 W,https://www.tesco.com/groceries/en-GB/shop/household/all?department=Laundry&viewAll=department&page=,£3.00,£1.56/litre,,,/groceries/en-GB/products/294025740,https://digitalcontent.api.tesco.com/v2/media/ghs/2cf1ddf8-c66c-4a0a-9243-2f4729d4e001/19e34e67-9a7f-41e3-a32c-a7e4791b72d7_736520399.jpeg?h=225&w=225,
312706408,Daz Washing Powder Whites & Colours 40 Washes 2.6Kg,https://www.tesco.com/groceries/en-GB/shop/household/all?department=Laundry&viewAll=department&page=,£5.00,£1.93/kg,,New,/groceries/en-GB/products/312706408,https://digitalcontent.api.tesco.com/v2/media/ghs/59d53beb-a6eb-4b62-ad7b-4813712f222f/42f1e0f5-b6e9-4743-ab60-4a62d0306462_1043013459.jpeg?h=225&w=225,
312357106,Stardrops The Pink Stuff Laundry Detergent Biological 960Ml,https://www.tesco.com/groceries/en-GB/shop/household/all?department=Laundry&viewAll=department&page=,£2.75,£2.87/litre,,New,/groceries/en-GB/products/312357106,https://digitalcontent.api.tesco.com/v2/media/ghs/8556c01c-5203-42dc-b849-7f7ab176b788/8d9f70c8-5dbd-4096-9bf1-a4fad8368357_2104807615.jpeg?h=225&w=225,
309208305,Tesco Non Biological Laundry Detergent Capsules 24W 456Ml,https://www.tesco.com/groceries/en-GB/shop/household/all?department=Laundry&viewAll=department&page=,£3.90,£8.56/litre,,,/groceries/en-GB/products/309208305,https://digitalcontent.api.tesco.com/v2/media/ghs/272fecee-1fcb-4474-a0ec-bdf69cff9dcb/66dcfe4f-7463-40c4-9fd5-041d4a48c96c_1153811180.jpeg?h=225&w=225,
309197633,Tesco Orange Blossom & Pomegranate Biological Laundry Detergent Caps 24W,https://www.tesco.com/groceries/en-GB/shop/household/all?department=Laundry&viewAll=department&page=,£3.90,£8.56/litre,,,/groceries/en-GB/products/309197633,https://digitalcontent.api.tesco.com/v2/media/ghs/fedea7c0-1544-4c89-9354-0e3387a66851/0c5f0084-4306-45e1-b5e2-58140be07ded_2061106658.jpeg?h=225&w=225,
271452084,Tesco Oxy Stain Remover Spray 500Ml,https://www.tesco.com/groceries/en-GB/shop/household/all?department=Laundry&viewAll=department&page=,£1.50,£3.00/litre,,,/groceries/en-GB/products/271452084,https://digitalcontent.api.tesco.com/v2/media/ghs/cbde1529-5e51-4e5d-8b46-ee63f524d7b8/ceccc8f8-d7d5-4102-9b52-455ae9b0abea_1650628723.jpeg?h=225&w=225,
313011416,Stardrops Pink Stuff Non Biological Laundry Detergent 960Ml,https://www.tesco.com/groceries/en-GB/shop/household/all?department=Laundry&viewAll=department&page=,£2.75,£2.87/litre,,New,/groceries/en-GB/products/313011416,https://digitalcontent.api.tesco.com/v2/media/ghs/c5a65fdb-3f7b-4580-aa2e-e5478ad835bc/f9453e4a-b033-4349-8357-75fa25a1acc2_1239288125.jpeg?h=225&w=225,
293675121,Fairy Fabric Conditioner 2.905L 83 Wash,https://www.tesco.com/groceries/en-GB/shop/household/all?department=Laundry&viewAll=department&page=,£4.75,£1.64/litre,,,/groceries/en-GB/products/293675121,https://digitalcontent.api.tesco.com/v2/media/ghs/cc517390-c704-4ae2-9586-99b448008fd8/828a9a96-cf30-4a63-a3cb-3939479a1d95_366303967.jpeg?h=225&w=225,
307734094,Comfort Blue Skies Fabric Conditioner 33 Wash 1.16L,https://www.tesco.com/groceries/en-GB/shop/household/all?department=Laundry&viewAll=department&page=,£2.00,£1.73/litre,Aldi Price Match,,/groceries/en-GB/products/307734094,https://digitalcontent.api.tesco.com/v2/media/ghs/99f0ffc2-0982-4148-832c-33e3c8a66a78/b74fbdb9-7197-43e0-a237-539bd2ef19f4_560263987.jpeg?h=225&w=225,
307761896,Comfort Pure Fabric Conditioner 33 Wash 1.16L,https://www.tesco.com/groceries/en-GB/shop/household/all?department=Laundry&viewAll=department&page=,£2.00,£1.73/litre,Aldi Price Match,,/groceries/en-GB/products/307761896,https://digitalcontent.api.tesco.com/v2/media/ghs/ce4d05a6-88d2-4bcc-8baa-7d2e1b47888e/de3f1b1d-527d-467c-a386-8da763c158ee_1324702100.jpeg?h=225&w=225,
297472873,Tesco Fabric Conditioner Gold Topaz 1.26L 42 Washes,https://www.tesco.com/groceries/en-GB/shop/household/all?department=Laundry&viewAll=department&page=,£1.50,£1.20/litre,,,/groceries/en-GB/products/297472873,https://digitalcontent.api.tesco.com/v2/media/ghs/2de66b8b-6e6b-4dc8-b95b-e9939907b0d7/fef0706c-0bdb-4427-a83a-d5b3b4a57341_1278559624.jpeg?h=225&w=225,
297472850,Tesco Fabric Conditioner Lavender Dreams 1.26L 42Washes,https://www.tesco.com/groceries/en-GB/shop/household/all?department=Laundry&viewAll=department&page=,£1.15,£0.91/litre,,,/groceries/en-GB/products/297472850,https://digitalcontent.api.tesco.com/v2/media/ghs/8bae8d0c-8eaa-460a-8730-6c61e9b38fdb/e07cea89-8d60-42ee-8d2e-91dca59ab39a_623078229.jpeg?h=225&w=225,
297472775,Tesco Fabric Conditioner Pure 42 Washes 1.26L,https://www.tesco.com/groceries/en-GB/shop/household/all?department=Laundry&viewAll=department&page=,£1.15,£0.91/litre,Aldi Price Match,,/groceries/en-GB/products/297472775,https://digitalcontent.api.tesco.com/v2/media/ghs/633254ef-9b7c-418e-a0ec-f8fdb98282e7/8990563e-e6f6-4659-893c-b965a21998b0_2055134267.jpeg?h=225&w=225,
297647195,Tesco Fabric Conditioner Spring Fresh 42 Washes 1.26L,https://www.tesco.com/groceries/en-GB/shop/household/all?department=Laundry&viewAll=department&page=,£1.15,£0.91/litre,Aldi Price Match,,/groceries/en-GB/products/297647195,https://digitalcontent.api.tesco.com/v2/media/ghs/666090ae-8494-4ac0-8bc6-c5653eeb3708/dbd0fc11-ef3f-4182-8768-4d6505c27d21_1148517766.jpeg?h=225&w=225,
297472815,Tesco Fabric Conditioner Summer Fresh 1.26L 42Washes,https://www.tesco.com/groceries/en-GB/shop/household/all?department=Laundry&viewAll=department&page=,£1.15,£0.91/litre,Aldi Price Match,,/groceries/en-GB/products/297472815,https://digitalcontent.api.tesco.com/v2/media/ghs/e9eeac8b-1759-48f1-8b7e-7c20cc1a0060/d7f4250c-b981-466c-acee-c7667698713a_26380616.jpeg?h=225&w=225,
311272017,Fairy Original Fabric Conditioner 33 Washes 1.155L,https://www.tesco.com/groceries/en-GB/shop/household/all?department=Laundry&viewAll=department&page=,£2.25,£1.95/litre,,,/groceries/en-GB/products/311272017,https://digitalcontent.api.tesco.com/v2/media/ghs/9de17dc2-26ca-4eda-8ad4-306d0ec7b233/18bc06e1-66c2-43d2-82f7-167704fe8ae6_75414805.jpeg?h=225&w=225,
306502899,Tesco Non Biological Detergent Super Concentrated 1.8L 60W,https://www.tesco.com/groceries/en-GB/shop/household/all?department=Laundry&viewAll=department&page=,£2.93,£1.63/litre,Aldi Price Match,,/groceries/en-GB/products/306502899,https://digitalcontent.api.tesco.com/v2/media/ghs/9ef9f4d7-6e9c-476c-a179-e2547ffb2933/713fcc6d-5a3d-4c34-a906-4a85171c6546_1396570119.jpeg?h=225&w=225,
311270031,Lenor Fabric Conditioner Spring Awakening 33 Washes 1.155L,https://www.tesco.com/groceries/en-GB/shop/household/all?department=Laundry&viewAll=department&page=,£2.00,£1.74/litre,,,/groceries/en-GB/products/311270031,https://digitalcontent.api.tesco.com/v2/media/ghs/1fc3ce7c-86f8-421d-9eee-967f20f06188/424a07a7-1e6a-47c3-8eea-7c5429182476_492255700.jpeg?h=225&w=225,
308087304,Tesco Non Biological Liquid Detergent Super Concentrated 900Ml,https://www.tesco.com/groceries/en-GB/shop/household/all?department=Laundry&viewAll=department&page=,£1.74,£1.94/litre,,,/groceries/en-GB/products/308087304,https://digitalcontent.api.tesco.com/v2/media/ghs/84f2bcc6-615e-4c86-9aa5-673ff6ca6523/3cc8ba54-0e36-4416-aac0-7e916b49ae8d_1009882014.jpeg?h=225&w=225,
308102512,Tesco Lavender Dreams Biological Liquid Detergent Super Concentrated 900Ml,https://www.tesco.com/groceries/en-GB/shop/household/all?department=Laundry&viewAll=department&page=,£1.74,£1.94/litre,Aldi Price Match,,/groceries/en-GB/products/308102512,https://digitalcontent.api.tesco.com/v2/media/ghs/4d899be3-b243-4eb0-8a76-a2df2ede63fa/1275eb72-82d0-43cf-9469-3bafbc3e6bfa_1536844739.jpeg?h=225&w=225,
306500849,Tesco Colour Liquid Detergent Super Concentrated 1.8L 60W,https://www.tesco.com/groceries/en-GB/shop/household/all?department=Laundry&viewAll=department&page=,£2.93,£1.63/litre,Aldi Price Match,,/groceries/en-GB/products/306500849,https://digitalcontent.api.tesco.com/v2/media/ghs/4162465c-66e4-4ee2-8883-8ebdc7334f46/2d3a04d4-e9ee-4392-a277-cfbe7bee3aeb_881392133.jpeg?h=225&w=225,
305971915,Tesco Biological Liquid Detergent Super Concentrated 1.8L 60W,https://www.tesco.com/groceries/en-GB/shop/household/all?department=Laundry&viewAll=department&page=,£2.93,£1.63/litre,Aldi Price Match,,/groceries/en-GB/products/305971915,https://digitalcontent.api.tesco.com/v2/media/ghs/05118bda-84f8-4e0d-80a4-f0a33019cc14/6becbd70-ecf9-48b3-864c-d4f41c70fd03_928417308.jpeg?h=225&w=225,
299537149,Vanish Gold Oxi Advance Stain Remover Powder 850G,https://www.tesco.com/groceries/en-GB/shop/household/all?department=Laundry&viewAll=department&page=,£7.80,£9.18/kg,,,/groceries/en-GB/products/299537149,https://digitalcontent.api.tesco.com/v2/media/ghs/696a5cd5-a84e-4b18-bb76-75b349e4f977/df96e7e8-17f6-4663-ac52-31b3d555a3fe_948488872.jpeg?h=225&w=225,
305967092,Calgon 3 In 1 Limescale Protection 30 Tablets 390G,https://www.tesco.com/groceries/en-GB/shop/household/all?department=Laundry&viewAll=department&page=,£8.50,£21.80/kg,,,/groceries/en-GB/products/305967092,https://digitalcontent.api.tesco.com/v2/media/ghs/3cbd9768-5654-4888-83a7-9dfaa97ea336/ff804963-dfd4-4be2-8bea-6fd46fd39b16_2090611782.jpeg?h=225&w=225,
309493340,Persil 3 In 1 Biological Washing Capsules 50 Wash 1.350Kg,https://www.tesco.com/groceries/en-GB/shop/household/all?department=Laundry&viewAll=department&page=,£10.00,£7.41/kg,£9.00 Clubcard Price,,/groceries/en-GB/products/309493340,https://digitalcontent.api.tesco.com/v2/media/ghs/3b4e7738-0288-4215-a368-797599b6ef2c/b173ecc2-2774-4580-b379-e3efa7e1befc_2073488688.jpeg?h=225&w=225,
274598978,Tesco Limescale Prevention Gel 1 Litre,https://www.tesco.com/groceries/en-GB/shop/household/all?department=Laundry&viewAll=department&page=,£4.40,£4.40/litre,,,/groceries/en-GB/products/274598978,https://digitalcontent.api.tesco.com/v2/media/ghs/0dec6b06-c36f-4844-aaf0-a7d3bdf8d27b/5271d27b-a6ea-4aed-a625-e0bc7e49e6ca_1702545995.jpeg?h=225&w=225,
311782813,Ariel All In One Oxi Laundry Pods 39 Pack 1060.8G,https://www.tesco.com/groceries/en-GB/shop/household/all?department=Laundry&viewAll=department&page=,£11.00,£10.37/kg,,New,/groceries/en-GB/products/311782813,https://digitalcontent.api.tesco.com/v2/media/ghs/cdcda096-d0b3-4c13-b26f-ad306b6de52d/03eaa80d-ec5d-4c88-adfc-40ef4dffd2a6_1187708527.jpeg?h=225&w=225,
311419940,Fairy Non Biological Platinum Laundry Pods X39 1017.9G,https://www.tesco.com/groceries/en-GB/shop/household/all?department=Laundry&viewAll=department&page=,£11.00,£10.81/kg,,New,/groceries/en-GB/products/311419940,https://digitalcontent.api.tesco.com/v2/media/ghs/ceb5a4af-5a32-45f8-933e-8a55eb9d6ecd/4cde43e3-5de7-4699-b9fe-b2305f7f360c_793629838.jpeg?h=225&w=225,
299537322,Vanish Gold Oxi Advance Stain Remover Powder 1.35Kg,https://www.tesco.com/groceries/en-GB/shop/household/all?department=Laundry&viewAll=department&page=,£7.50,£5.56/kg,£6.75 Clubcard Price,,/groceries/en-GB/products/299537322,https://digitalcontent.api.tesco.com/v2/media/ghs/6b5d2784-6bb5-4253-b3eb-054e1a2a8300/cd4b13bc-7a44-4dab-9d79-09038b3d1af3_1888080379.jpeg?h=225&w=225,
312695270,Fairy Non Biological Washing Powder 50 Washes 3.25Kg,https://www.tesco.com/groceries/en-GB/shop/household/all?department=Laundry&viewAll=department&page=,£10.00,£3.08/kg,,,/groceries/en-GB/products/312695270,https://digitalcontent.api.tesco.com/v2/media/ghs/f37844db-2652-4c82-9ea7-f304f0974359/150ff363-ba32-4192-ba07-23e07d83ebe4_1615771927.jpeg?h=225&w=225,
312708182,Bold Washing Gel Pink Blossom 35 Washes 1225Ml,https://www.tesco.com/groceries/en-GB/shop/household/all?department=Laundry&viewAll=department&page=,£6.60,£5.39/litre,,New,/groceries/en-GB/products/312708182,https://digitalcontent.api.tesco.com/v2/media/ghs/b99c9c38-a1cc-41c2-9af2-019468c633f9/4ecdc568-248b-4dcd-ab6c-3ce06c21bb26_1170947039.jpeg?h=225&w=225,
307753255,Surf Tropical Lily &Ylang Ylang Washing Powder 80 Wash 4Kg,https://www.tesco.com/groceries/en-GB/shop/household/all?department=Laundry&viewAll=department&page=,£9.00,£2.25/kg,,,/groceries/en-GB/products/307753255,https://digitalcontent.api.tesco.com/v2/media/ghs/9ccd53bd-3e2b-4bb0-a28f-ea2b7ad6ad23/4e355104-6316-40f0-bed5-4df88ddb3620_100904918.jpeg?h=225&w=225,
312578518,Bold Washing Gel Lavender & Camomile 35 Washes 1225Ml,https://www.tesco.com/groceries/en-GB/shop/household/all?department=Laundry&viewAll=department&page=,£6.60,£5.39/litre,,New,/groceries/en-GB/products/312578518,https://digitalcontent.api.tesco.com/v2/media/ghs/18a0ac0a-5f8f-4333-be02-5cf83c0f4962/665649b2-83e9-4909-a6c7-eb392df4a04a_1885225467.jpeg?h=225&w=225,
312697918,Ariel All In One Washing Pods Colour 25 Washes 595G,https://www.tesco.com/groceries/en-GB/shop/household/all?department=Laundry&viewAll=department&page=,£6.30,£10.59/kg,,,/groceries/en-GB/products/312697918,https://digitalcontent.api.tesco.com/v2/media/ghs/99f9b7d9-6966-43cb-9a19-5579475e1223/81ad7db7-3253-4f79-ae45-e590d003afab_51192816.jpeg?h=225&w=225,
299258986,Ariel Regular Washing Liquid 1.33L 38 Washes,https://www.tesco.com/groceries/en-GB/shop/household/all?department=Laundry&viewAll=department&page=,£6.50,£4.89/litre,,,/groceries/en-GB/products/299258986,https://digitalcontent.api.tesco.com/v2/media/ghs/41ee748f-2f94-4f9b-b0b8-679e500f8735/7606525e-4ea4-4df6-80d1-0baa47326271_1473203031.jpeg?h=225&w=225,
311268864,Persil Biological Laundry Detergent Liquid 53W 1431Ml,https://www.tesco.com/groceries/en-GB/shop/household/all?department=Laundry&viewAll=department&page=,£7.50,£5.25/litre,,,/groceries/en-GB/products/311268864,https://digitalcontent.api.tesco.com/v2/media/ghs/fd75965c-3003-401b-b3ad-57970cd82058/b9ad2c56-a348-46a5-9576-62be2524e5bd_155075883.jpeg?h=225&w=225,
306495826,Persil Non Biological Liquid Detergent 38 Washes 1026Ml,https://www.tesco.com/groceries/en-GB/shop/household/all?department=Laundry&viewAll=department&page=,£6.00,£5.85/litre,£5.40 Clubcard Price,,/groceries/en-GB/products/306495826,https://digitalcontent.api.tesco.com/v2/media/ghs/91bbaa82-b1f7-4457-8632-8fbe7f5d5d26/d70454dc-5bb0-4e17-8ce4-131647807452_408930434.jpeg?h=225&w=225,
312694766,Daz Washing Powder Whites & Colours 75 Wash 4.875Kg,https://www.tesco.com/groceries/en-GB/shop/household/all?department=Laundry&viewAll=department&page=,£9.00,£1.85/kg,,New,/groceries/en-GB/products/312694766,https://digitalcontent.api.tesco.com/v2/media/ghs/8f1fab55-16b5-4cc2-a495-42b1e673d2dd/a0e3cc27-2802-4984-889d-40622e331c7a_1459335579.jpeg?h=225&w=225,
252398131,Calgon 3 In 1 Limescale Protection Gel 750 Ml,https://www.tesco.com/groceries/en-GB/shop/household/all?department=Laundry&viewAll=department&page=,£5.50,£7.34/litre,,,/groceries/en-GB/products/252398131,https://digitalcontent.api.tesco.com/v2/media/ghs/633dd632-50ba-42a2-83f2-9807e201a19a/d0760bec-1b83-4b72-8a46-d2e1888142d8_134272478.jpeg?h=225&w=225,
312580935,Fairy Non Biological Washing Pods 34 Washes 819.4G,https://www.tesco.com/groceries/en-GB/shop/household/all?department=Laundry&viewAll=department&page=,£8.00,£9.77/kg,£7.20 Clubcard Price,,/groceries/en-GB/products/312580935,https://digitalcontent.api.tesco.com/v2/media/ghs/c568fd3f-8111-4947-b4b5-a2482361a7fa/562f1bb5-0383-4226-bae6-d9def94c0aea_1234006363.jpeg?h=225&w=225,
309209349,Dylon Colour Catcher Laundry Sheets 60 Pack,https://www.tesco.com/groceries/en-GB/shop/household/all?department=Laundry&viewAll=department&page=,£4.50,£7.50/100sht,£4.00 Clubcard Price,,/groceries/en-GB/products/309209349,https://digitalcontent.api.tesco.com/v2/media/ghs/f1c453a8-8c6c-42ee-bc59-22216eef1548/e232c7dd-82ca-44fb-8b91-69d8f55ce082_485535619.jpeg?h=225&w=225,
312084428,Lenor Outdoorable Moonlight Lily Fabric Conditioner 770Ml,https://www.tesco.com/groceries/en-GB/shop/household/all?department=Laundry&viewAll=department&page=,£4.80,£6.24/litre,,,/groceries/en-GB/products/312084428,https://digitalcontent.api.tesco.com/v2/media/ghs/4ea1b257-4762-4bdb-9f65-2a86aeb10807/fbbf1e02-1e8d-40c3-b2c4-5064730d21aa_465506496.jpeg?h=225&w=225,
306493955,Surf 3 In 1 Coconut Bliss 32 Capsules 678G,https://www.tesco.com/groceries/en-GB/shop/household/all?department=Laundry&viewAll=department&page=,£5.00,£7.38/kg,,,/groceries/en-GB/products/306493955,https://digitalcontent.api.tesco.com/v2/media/ghs/7e731a0e-81c0-43f4-b597-a97605d8e6e1/0c836328-e8b6-4f6c-85f1-07d4acf55712_419347933.jpeg?h=225&w=225,
271531331,Dr Beckmann Service-It Deep Clean 250G,https://www.tesco.com/groceries/en-GB/shop/household/all?department=Laundry&viewAll=department&page=,£2.50,£10.00/kg,,,/groceries/en-GB/products/271531331,https://digitalcontent.api.tesco.com/v2/media/ghs/396ef685-5afa-4a3e-921a-2e1e38fa2642/e38e971a-c676-4e0c-9dea-fb69521a956b_201272337.jpeg?h=225&w=225,
313177588,Bold All In One Pods Frosted Eucalyptus 19 Washes 454.1G,https://www.tesco.com/groceries/en-GB/shop/household/all?department=Laundry&viewAll=department&page=,£5.00,£11.02/kg,,New,/groceries/en-GB/products/313177588,https://digitalcontent.api.tesco.com/v2/media/ghs/2b9a4ab5-cc22-4751-8446-6c72a898c94d/dc63faa9-0d70-47b9-8eb2-10163d466a29_1342422566.jpeg?h=225&w=225,
311940886,Fairy Outdoorable Fabric Conditioner 55 Washes 770Ml,https://www.tesco.com/groceries/en-GB/shop/household/all?department=Laundry&viewAll=department&page=,£4.00,£5.20/litre,,,/groceries/en-GB/products/311940886,https://digitalcontent.api.tesco.com/v2/media/ghs/7ea98452-f6a6-4b10-8079-731bd75d7219/540095ca-262c-4022-bf1e-f0813509356e_580338481.jpeg?h=225&w=225,
287612992,Vanish Oxi Action Stain Remover Spray 500 Ml,https://www.tesco.com/groceries/en-GB/shop/household/all?department=Laundry&viewAll=department&page=,£5.70,£11.40/litre,£4.15 Clubcard Price,,/groceries/en-GB/products/287612992,https://digitalcontent.api.tesco.com/v2/media/ghs/98ce2f9b-d4b0-4126-a977-4d22296fb5c2/f7998d12-4553-44ea-882f-ed3f89fd94a1_1640886840.jpeg?h=225&w=225,
277587744,Tesco Oxi Powder Whites 1Kg,https://www.tesco.com/groceries/en-GB/shop/household/all?department=Laundry&viewAll=department&page=,£2.80,£2.80/kg,,,/groceries/en-GB/products/277587744,https://digitalcontent.api.tesco.com/v2/media/ghs/c9b2e126-66f5-40f8-8912-4538941b3a67/0ee92545-757c-411e-8fc4-60296ac368bf_1040295869.jpeg?h=225&w=225,
259053920,Dr Beckmann Original Glowhite Whitener 5X40g,https://www.tesco.com/groceries/en-GB/shop/household/all?department=Laundry&viewAll=department&page=,£2.00,£10.00/kg,,,/groceries/en-GB/products/259053920,https://digitalcontent.api.tesco.com/v2/media/ghs/f4e61299-0e4c-46c4-84ad-94a9293b8dc2/3495d05b-6d18-4fc6-9ffd-98116131d6ef_1280879247.jpeg?h=225&w=225,
307737649,Comfort Ultimate Care Fresh Sky Fabric Conditioner 58W 870Ml,https://www.tesco.com/groceries/en-GB/shop/household/all?department=Laundry&viewAll=department&page=,£3.50,£4.03/litre,£3.00 Clubcard Price,,/groceries/en-GB/products/307737649,https://digitalcontent.api.tesco.com/v2/media/ghs/e454398d-5be9-4062-8eda-ba010d1f5180/2d8efa5a-204d-43e9-a862-8c2d6d0cde39_1231491167.jpeg?h=225&w=225,
312856593,Lenor Fabric Conditioner Exotic Bloom 48 Washes 1.68 Litre,https://www.tesco.com/groceries/en-GB/shop/household/all?department=Laundry&viewAll=department&page=,£3.50,£2.09/litre,,New,/groceries/en-GB/products/312856593,https://digitalcontent.api.tesco.com/v2/media/ghs/4d4cb74d-e789-45f2-a219-3ddf3fac864a/937920d6-258e-45e6-a488-2034e1f96ca6_1500942116.jpeg?h=225&w=225,
312708268,Lenor Fabric Conditioner Ruby Jasmine 48 Washes 1.68 Litre,https://www.tesco.com/groceries/en-GB/shop/household/all?department=Laundry&viewAll=department&page=,£3.50,£2.09/litre,,New,/groceries/en-GB/products/312708268,https://digitalcontent.api.tesco.com/v2/media/ghs/87dc4eda-c3e0-4ee7-9798-7d1c603f1349/85fafee6-d542-45b0-95de-c125c3b94c98_289232345.jpeg?h=225&w=225,
312562099,Lenor Outdoorable Summer Breeze Fabric Conditioner 55W 770Ml,https://www.tesco.com/groceries/en-GB/shop/household/all?department=Laundry&viewAll=department&page=,£3.50,£4.55/litre,£3.00 Clubcard Price,,/groceries/en-GB/products/312562099,https://digitalcontent.api.tesco.com/v2/media/ghs/49fb2ffe-86cd-4857-8a8b-c565a521dfa0/bb485db2-f637-46ad-99f8-8eded8bec06a_1006390860.jpeg?h=225&w=225,
299196148,Comfort Perfume Heavenly Nectar Fabric Conditioner 58W 870Ml,https://www.tesco.com/groceries/en-GB/shop/household/all?department=Laundry&viewAll=department&page=,£3.50,£4.03/litre,£3.00 Clubcard Price,,/groceries/en-GB/products/299196148,https://digitalcontent.api.tesco.com/v2/media/ghs/2c76b3c6-c89c-47ee-b291-8d3f0998a793/9939100d-b3eb-411b-8b6d-7e4400067401_1709390222.jpeg?h=225&w=225,
309184090,Surf Deep Sea/Min Liquid Detergent 24 Washes 648Ml,https://www.tesco.com/groceries/en-GB/shop/household/all?department=Laundry&viewAll=department&page=,£3.00,£4.63/litre,,,/groceries/en-GB/products/309184090,https://digitalcontent.api.tesco.com/v2/media/ghs/367324c1-c9a2-46c7-a281-79de9975d4de/7618dae5-4723-4ded-8e6e-de34f88c97ee_598734453.jpeg?h=225&w=225,
312831567,Lenor Fabric Conditioner Gold Orchid 48 Washes 1.68 Litre,https://www.tesco.com/groceries/en-GB/shop/household/all?department=Laundry&viewAll=department&page=,£3.50,£2.09/litre,,,/groceries/en-GB/products/312831567,https://digitalcontent.api.tesco.com/v2/media/ghs/b57f2873-de5b-4325-a633-75b01f963b43/974aeb07-c3a8-4686-b524-6eb5781d022c_611910343.jpeg?h=225&w=225,
312362036,Lenor In-Wash Scent Booster Pink Blossom 176G,https://www.tesco.com/groceries/en-GB/shop/household/all?department=Laundry&viewAll=department&page=,£3.00,£17.05/kg,,New,/groceries/en-GB/products/312362036,https://digitalcontent.api.tesco.com/v2/media/ghs/fb39917e-46a1-4759-b405-3982a4d76bff/bda107cd-a35a-4bdf-be06-ffce470f1fa0_940409021.jpeg?h=225&w=225,
306495475,Tesco Non Bio. Washing Powder 25 Washes 1.625Kg,https://www.tesco.com/groceries/en-GB/shop/household/all?department=Laundry&viewAll=department&page=,£2.75,£1.72/kg,,,/groceries/en-GB/products/306495475,https://digitalcontent.api.tesco.com/v2/media/ghs/e99d336c-6a88-49dd-a436-41cff4e7933f/986e995a-87f6-4c94-bc0a-bb0b8f3ab46a_707004752.jpeg?h=225&w=225,
309183004,Tesco Biological 24 Detergent Caps 456Ml,https://www.tesco.com/groceries/en-GB/shop/household/all?department=Laundry&viewAll=department&page=,£3.90,£8.56/litre,,,/groceries/en-GB/products/309183004,https://digitalcontent.api.tesco.com/v2/media/ghs/e59c0779-9d54-4da6-bdef-8f8b2c0558d9/fca69eb6-eb86-49d3-a642-11f01311ee19_1210213606.jpeg?h=225&w=225,
309161029,Tesco Lavender Dreams Biological Laundry Detergent Capsules 24W 456Ml,https://www.tesco.com/groceries/en-GB/shop/household/all?department=Laundry&viewAll=department&page=,£3.90,£8.56/litre,,,/groceries/en-GB/products/309161029,https://digitalcontent.api.tesco.com/v2/media/ghs/6192ca46-0546-4a5d-a5f2-128235587a3f/05382ee0-0d5f-49cd-bd64-77389936ff65_1319851119.jpeg?h=225&w=225,
306498719,Tesco Non Bio. Laundry Gel 720Ml,https://www.tesco.com/groceries/en-GB/shop/household/all?department=Laundry&viewAll=department&page=,£2.40,£3.34/litre,,,/groceries/en-GB/products/306498719,https://digitalcontent.api.tesco.com/v2/media/ghs/68ad7250-4931-4ad5-9134-04c232d581f0/561b9a32-7862-4ac9-a562-1bc6a44e0024_1948311192.jpeg?h=225&w=225,
252699380,Ace Gentle Stain Remover 1 Litre,https://www.tesco.com/groceries/en-GB/shop/household/all?department=Laundry&viewAll=department&page=,£2.00,£2.00/litre,,,/groceries/en-GB/products/252699380,https://digitalcontent.api.tesco.com/v2/media/ghs/46b172d7-7c82-4ccc-8e74-b7d648fa84e8/63d4307b-9bb7-4915-b237-67b81ba3c467_263630095.jpeg?h=225&w=225,
291590068,Febreze Fabric Refresher Cotton 375 Ml,https://www.tesco.com/groceries/en-GB/shop/household/all?department=Laundry&viewAll=department&page=,£2.00,£5.34/litre,,,/groceries/en-GB/products/291590068,https://digitalcontent.api.tesco.com/v2/media/ghs/cb57a8d7-93ec-4415-b9e1-8f82291c9d65/2f430de2-5e22-4581-8be8-95bc215f2778_330822427.jpeg?h=225&w=225,
312830030,Lenor Fabric Conditioner Frosted Eucalyptus 33 Washes 1.155L,https://www.tesco.com/groceries/en-GB/shop/household/all?department=Laundry&viewAll=department&page=,£2.50,£2.17/litre,,,/groceries/en-GB/products/312830030,https://digitalcontent.api.tesco.com/v2/media/ghs/b7d5351a-419c-45db-9556-4a995ca44915/7f44403f-d73a-4c3c-b017-dc4b4c8cc175_1601244353.jpeg?h=225&w=225,
307751509,Comfort Sunshiny Days Fabric Conditioner 33 Wash 1.16L,https://www.tesco.com/groceries/en-GB/shop/household/all?department=Laundry&viewAll=department&page=,£2.00,£1.73/litre,,,/groceries/en-GB/products/307751509,https://digitalcontent.api.tesco.com/v2/media/ghs/56bfbe24-d22b-4652-8c5b-32e5db7c8ae6/ac616c99-6a83-4397-9695-b22ea6656a2a_2018973429.jpeg?h=225&w=225,
297472896,Tesco Fabric Conditioner Black Pearl 1.26L 42 Washes,https://www.tesco.com/groceries/en-GB/shop/household/all?department=Laundry&viewAll=department&page=,£1.50,£1.20/litre,,,/groceries/en-GB/products/297472896,https://digitalcontent.api.tesco.com/v2/media/ghs/cffe4174-e76d-48bc-96fd-1b3511b476cf/07dae227-1ee6-4360-933a-d52f7ab50037_548108212.jpeg?h=225&w=225,
297472913,Tesco Fabric Conditioner Pink Diamond 1.26L 42Washes,https://www.tesco.com/groceries/en-GB/shop/household/all?department=Laundry&viewAll=department&page=,£1.50,£1.20/litre,,,/groceries/en-GB/products/297472913,https://digitalcontent.api.tesco.com/v2/media/ghs/a38f517d-19bc-4485-9c89-e2d5d84828df/8999a2f7-18e9-42c9-af58-8efb32e10263_1513249763.jpeg?h=225&w=225,
308094445,Tesco Colour Biological Liquid Detergent Super Concentrated 900Ml,https://www.tesco.com/groceries/en-GB/shop/household/all?department=Laundry&viewAll=department&page=,£1.74,£1.94/litre,,,/groceries/en-GB/products/308094445,https://digitalcontent.api.tesco.com/v2/media/ghs/812e92c3-2ca4-4595-847e-c9a25fbf819c/c3874a84-3a24-4556-af6e-c3e4f67bdab6_323293821.jpeg?h=225&w=225,
299537224,Vanish Gold Oxi Action Stain Remover Powder White 850 G,https://www.tesco.com/groceries/en-GB/shop/household/all?department=Laundry&viewAll=department&page=,£7.80,£9.18/kg,,,/groceries/en-GB/products/299537224,https://digitalcontent.api.tesco.com/v2/media/ghs/43909a11-9e98-4b31-ab95-175a7d729208/fa328f75-7ff3-4040-b6ea-d6424e4dd4de_1485708599.jpeg?h=225&w=225,
308867211,Bold All In One Pods Spring Awakening 45 Wash 1084.5G,https://www.tesco.com/groceries/en-GB/shop/household/all?department=Laundry&viewAll=department&page=,£10.50,£9.69/kg,,,/groceries/en-GB/products/308867211,https://digitalcontent.api.tesco.com/v2/media/ghs/822ea271-9f8f-40cb-a160-47725557293e/ec9502e2-84b0-477b-97fa-441f7509b23b_1857361902.jpeg?h=225&w=225,
312694962,Bold All In One Washing Pods Exotic Bloom 45 Wash 1048.5G,https://www.tesco.com/groceries/en-GB/shop/household/all?department=Laundry&viewAll=department&page=,£10.50,£10.02/kg,,,/groceries/en-GB/products/312694962,https://digitalcontent.api.tesco.com/v2/media/ghs/7f430315-13a9-4db2-8e2e-dd76cd020df3/302b6f36-8a9a-4ef2-aa16-84f269085382_1178122665.jpeg?h=225&w=225,
309742173,Persil Biological Liquid Detergent 72 Washes 1944Ml,https://www.tesco.com/groceries/en-GB/shop/household/all?department=Laundry&viewAll=department&page=,£9.50,£4.89/litre,£8.50 Clubcard Price,,/groceries/en-GB/products/309742173,https://digitalcontent.api.tesco.com/v2/media/ghs/37599f58-fda7-464f-8652-2cf01ddb31eb/f5b8c4e4-6f23-49dc-962f-0de17cef5df8_276181086.jpeg?h=225&w=225,
307754876,Persil Non Biological Washing Powder 60 Wash 3Kg,https://www.tesco.com/groceries/en-GB/shop/household/all?department=Laundry&viewAll=department&page=,£10.50,£3.50/kg,,,/groceries/en-GB/products/307754876,https://digitalcontent.api.tesco.com/v2/media/ghs/5b6c8afc-b87f-4578-a1d8-3cdd6d3d9175/1f83d1fa-dd89-4126-9023-1a846e8e7ca4_2060547265.jpeg?h=225&w=225,
304396590,Persil 3 In 1 Biological Capsules 38 Capsules 1026G,https://www.tesco.com/groceries/en-GB/shop/household/all?department=Laundry&viewAll=department&page=,£8.25,£8.05/kg,,,/groceries/en-GB/products/304396590,https://digitalcontent.api.tesco.com/v2/media/ghs/964e0dc6-838f-443b-b0ba-59bdccce634c/b3e5b340-fa42-4873-82d5-2bc824378def_1988038036.jpeg?h=225&w=225,
304417411,Persil 3 In 1 Colour Capsules 38 Capsules 1026G,https://www.tesco.com/groceries/en-GB/shop/household/all?department=Laundry&viewAll=department&page=,£8.25,£8.05/kg,,,/groceries/en-GB/products/304417411,https://digitalcontent.api.tesco.com/v2/media/ghs/dd7b4470-45af-47eb-9a4b-dbfbd51a1b8a/279cf9e8-a544-4e3e-bb8a-d6bac86be179_2068729257.jpeg?h=225&w=225,
312364247,Fairy Fresh In-Wash Scent Booster 320G,https://www.tesco.com/groceries/en-GB/shop/household/all?department=Laundry&viewAll=department&page=,£6.50,£20.32/kg,,New,/groceries/en-GB/products/312364247,https://digitalcontent.api.tesco.com/v2/media/ghs/e1d9f528-454a-4646-b131-226802ead8c8/f1a40695-e7e0-45eb-b4bb-ff9bb2847fce_903222690.jpeg?h=225&w=225,
312350197,Ariel Original Washing Powder 50 Washes 3.25Kg,https://www.tesco.com/groceries/en-GB/shop/household/all?department=Laundry&viewAll=department&page=,£10.00,£3.08/kg,,,/groceries/en-GB/products/312350197,https://digitalcontent.api.tesco.com/v2/media/ghs/7bb6bb0b-5245-4c4a-85f9-101c0d7053b8/c39f2ae8-d94e-4817-9ecc-4a570eb97c42_1423559909.jpeg?h=225&w=225,
267708993,Tesco Silk & Delicates Handwash 750Ml,https://www.tesco.com/groceries/en-GB/shop/household/all?department=Laundry&viewAll=department&page=,£3.10,£4.14/litre,,,/groceries/en-GB/products/267708993,https://digitalcontent.api.tesco.com/v2/media/ghs/d84dce88-5edf-458d-a9e7-2ab06b91ebbd/b426b7af-7a11-4f27-9ecf-ac0bb2bacc49.jpeg?h=225&w=225,
312717240,Lenor Unstoppables In-Wash Scent Booster Ariel 320G,https://www.tesco.com/groceries/en-GB/shop/household/all?department=Laundry&viewAll=department&page=,£6.50,£20.32/kg,,New,/groceries/en-GB/products/312717240,https://digitalcontent.api.tesco.com/v2/media/ghs/2cf24c4b-f86e-4bb9-8dc5-87a734a9e147/999a60b7-bcdf-49ee-a5fa-292196c7fd98_976692924.jpeg?h=225&w=225,
307351212,Dettol Antibacterial Laundry Cleanser Sensitive 2.5Ltr,https://www.tesco.com/groceries/en-GB/shop/household/all?department=Laundry&viewAll=department&page=,£6.00,£2.40/litre,£5.00 Clubcard Price,,/groceries/en-GB/products/307351212,https://digitalcontent.api.tesco.com/v2/media/ghs/ae5f7157-16a3-4ce1-893b-ee967df8f8bd/635d779d-3927-4de3-a497-b8e8ce651347_1814813047.jpeg?h=225&w=225,
312713578,Bold All In One Washing Pods Pink Blossom 25 Washes 582.5G,https://www.tesco.com/groceries/en-GB/shop/household/all?department=Laundry&viewAll=department&page=,£6.30,£10.82/kg,,,/groceries/en-GB/products/312713578,https://digitalcontent.api.tesco.com/v2/media/ghs/5525c36a-1309-4c7c-ba02-a19206316754/cf5cfd70-c9de-4fd8-8891-0c9e0ab5cba1_678106996.jpeg?h=225&w=225,
311689446,Ariel All In One Washing Pods Original 34 Washes 856.8G,https://www.tesco.com/groceries/en-GB/shop/household/all?department=Laundry&viewAll=department&page=,£8.00,£9.34/kg,£7.20 Clubcard Price,,/groceries/en-GB/products/311689446,https://digitalcontent.api.tesco.com/v2/media/ghs/fd5ba846-5207-4602-a392-8acaf9c04953/a0b87178-2a7a-4527-bac3-e4092da38a5a_916537998.jpeg?h=225&w=225,
312704693,Bold All In One Washing Pods Lavender & Camomile 25 Washes 582.5G,https://www.tesco.com/groceries/en-GB/shop/household/all?department=Laundry&viewAll=department&page=,£6.30,£10.82/kg,,,/groceries/en-GB/products/312704693,https://digitalcontent.api.tesco.com/v2/media/ghs/4f1fe70c-7ce1-47c8-98df-343ba5709c00/3554d40b-ce1d-47a3-92f6-2c03fefa7883_1269577392.jpeg?h=225&w=225,
305944539,Ariel Original Washing Liquid Detergent 70 Washes 2450Ml,https://www.tesco.com/groceries/en-GB/shop/household/all?department=Laundry&viewAll=department&page=,£10.00,£4.09/litre,,,/groceries/en-GB/products/305944539,https://digitalcontent.api.tesco.com/v2/media/ghs/47c800f0-c8c8-4f9f-8610-ffa2372c12af/ab0a3623-58f6-4a0d-9bd8-4294735227b2_1665158712.jpeg?h=225&w=225,
284275683,Dettol Laundry Cleanser Fresh Cotton 2.5L,https://www.tesco.com/groceries/en-GB/shop/household/all?department=Laundry&viewAll=department&page=,£6.00,£2.40/litre,£5.00 Clubcard Price,,/groceries/en-GB/products/284275683,https://digitalcontent.api.tesco.com/v2/media/ghs/67f17d22-6ef3-466e-9d86-31bcb7eeee27/59b3fdb3-ce9e-4570-9a98-48a07c02cc68_1816235624.jpeg?h=225&w=225,
311443933,Persil Non Biological Washing Powder 42W 2.1Kg,https://www.tesco.com/groceries/en-GB/shop/household/all?department=Laundry&viewAll=department&page=,£7.50,£3.58/kg,,,/groceries/en-GB/products/311443933,https://digitalcontent.api.tesco.com/v2/media/ghs/66586728-9eed-402f-972b-2c330db248e8/f9746e21-500c-421c-b4ac-29f9d4bf2b95_1502797940.jpeg?h=225&w=225,
306501475,Persil Colour Protect Biological Liquid 38 Washes 1026Ml,https://www.tesco.com/groceries/en-GB/shop/household/all?department=Laundry&viewAll=department&page=,£6.00,£5.85/litre,£5.40 Clubcard Price,,/groceries/en-GB/products/306501475,https://digitalcontent.api.tesco.com/v2/media/ghs/e3dd60a9-d655-42bf-8820-7d56752adaf1/d1f1e07d-c2c4-4aaa-aaaf-61760a421f93_323496137.jpeg?h=225&w=225,
306504309,Persil Biological Liquid Laundry Detergent 38 Washes 1026Ml,https://www.tesco.com/groceries/en-GB/shop/household/all?department=Laundry&viewAll=department&page=,£6.00,£5.85/litre,£5.40 Clubcard Price,,/groceries/en-GB/products/306504309,https://digitalcontent.api.tesco.com/v2/media/ghs/10f907a2-58e3-4e5e-a712-7ae45e249c11/7f9eb4a6-bc07-47dd-bc95-e70d50f5d962_941414379.jpeg?h=225&w=225,
312349491,Lenor In-Wash Scent Booster Gold Orchid 320G,https://www.tesco.com/groceries/en-GB/shop/household/all?department=Laundry&viewAll=department&page=,£6.50,£20.32/kg,£5.00 Clubcard Price,,/groceries/en-GB/products/312349491,https://digitalcontent.api.tesco.com/v2/media/ghs/5e23c3f1-382b-4e33-b397-b1134a8344b4/10aa0c04-1a27-431c-bcfa-4af073049543_142007344.jpeg?h=225&w=225,
312367555,Lenor Outdoorable Tropical Sunset Fabric Conditioner 770Ml,https://www.tesco.com/groceries/en-GB/shop/household/all?department=Laundry&viewAll=department&page=,£4.80,£6.24/litre,,,/groceries/en-GB/products/312367555,https://digitalcontent.api.tesco.com/v2/media/ghs/c4da9137-908f-45b8-a553-acc12ffdf919/bd4430ff-cf0a-4124-aeb7-9005b5041c37_803512806.jpeg?h=225&w=225,
307742061,Surf Tropical Lily Ylang Ylang Washing Powder 39Wsh 1950G,https://www.tesco.com/groceries/en-GB/shop/household/all?department=Laundry&viewAll=department&page=,£5.20,£2.67/kg,,,/groceries/en-GB/products/307742061,https://digitalcontent.api.tesco.com/v2/media/ghs/8671fbfd-4410-4221-8586-bc3b1b6fd9cb/f8e3e0d9-30a0-45ed-a6f9-f07a92fc4601_541884721.jpeg?h=225&w=225,
312573783,Lenor In-Wash Scent Booster Summer Breeze 320G,https://www.tesco.com/groceries/en-GB/shop/household/all?department=Laundry&viewAll=department&page=,£6.50,£20.32/kg,£5.00 Clubcard Price,,/groceries/en-GB/products/312573783,https://digitalcontent.api.tesco.com/v2/media/ghs/508026fc-68f4-46d1-99ab-9a0864b29f94/675e2fc1-159e-4f10-9c71-230ac71f208c_1759765169.jpeg?h=225&w=225,
277587727,Tesco Oxy Powder Colours 1Kg,https://www.tesco.com/groceries/en-GB/shop/household/all?department=Laundry&viewAll=department&page=,£2.80,£2.80/kg,,,/groceries/en-GB/products/277587727,https://digitalcontent.api.tesco.com/v2/media/ghs/b1587132-a290-47fb-afcc-56043e903e72/9fa92922-175a-4f81-a5e3-12217739c254_448750614.jpeg?h=225&w=225,
312574252,Bold Washing Powder Lavender & Camomile 38 Washes 2.47Kg,https://www.tesco.com/groceries/en-GB/shop/household/all?department=Laundry&viewAll=department&page=,£6.00,£2.43/kg,,,/groceries/en-GB/products/312574252,https://digitalcontent.api.tesco.com/v2/media/ghs/e68736f4-4040-42a0-9937-5debe2d635d4/b8abfe69-9091-4f2b-bc44-9adac47c30f4_1615535154.jpeg?h=225&w=225,
305727912,Comfort Perfume Coco Fantasy Fabric Conditioner 58W 870Ml,https://www.tesco.com/groceries/en-GB/shop/household/all?department=Laundry&viewAll=department&page=,£3.50,£4.03/litre,£3.00 Clubcard Price,,/groceries/en-GB/products/305727912,https://digitalcontent.api.tesco.com/v2/media/ghs/38ca8184-71e8-45d9-ace7-90fbebbefd17/f442a36c-1f58-436a-a09b-c415b1dfe2da_1548808896.jpeg?h=225&w=225,
307759807,Comfort Pure Ultra Concentrated Fabric Conditioner 58 Wash 870Ml,https://www.tesco.com/groceries/en-GB/shop/household/all?department=Laundry&viewAll=department&page=,£3.50,£4.03/litre,£3.00 Clubcard Price,,/groceries/en-GB/products/307759807,https://digitalcontent.api.tesco.com/v2/media/ghs/65e631bf-e45f-46e5-a1ec-2840a76eaf24/50acf2cd-e9b1-4dec-ad0a-9ea2bd9c4c32_991958639.jpeg?h=225&w=225,
303804283,Comfort Pure Fabric Conditioner 166 Wash 5L,https://www.tesco.com/groceries/en-GB/shop/household/all?department=Laundry&viewAll=department&page=,£6.50,£1.30/litre,,,/groceries/en-GB/products/303804283,https://digitalcontent.api.tesco.com/v2/media/ghs/336753a8-e2f5-4f75-a880-72fc023bfce9/91ff853d-96a5-4d2c-94b7-7529494f8fc4_266127062.jpeg?h=225&w=225,
266806890,Dr Beckmann Colour & Dirt Collector 30Pk,https://www.tesco.com/groceries/en-GB/shop/household/all?department=Laundry&viewAll=department&page=,£2.20,£7.34/100sht,,,/groceries/en-GB/products/266806890,https://digitalcontent.api.tesco.com/v2/media/ghs/3f5d72ed-9d83-4ce6-9299-c4dca443a78e/344f62e9-eb30-468d-95f9-6ce181b1ed3f_981600507.jpeg?h=225&w=225,
307745616,Comfort Ult/C Fuchsia Passion Fabric Conditioner 58W 870Ml,https://www.tesco.com/groceries/en-GB/shop/household/all?department=Laundry&viewAll=department&page=,£3.50,£4.03/litre,£3.00 Clubcard Price,,/groceries/en-GB/products/307745616,https://digitalcontent.api.tesco.com/v2/media/ghs/20659d26-56db-4f35-8137-322cab22d9b0/fd4ec7ae-2125-4fab-9cf1-236bf065e1af_484566612.jpeg?h=225&w=225,
312587542,Lenor Outdoorable Pink Blossom Fabric Conditioner 55W 770Ml,https://www.tesco.com/groceries/en-GB/shop/household/all?department=Laundry&viewAll=department&page=,£3.50,£4.55/litre,£3.00 Clubcard Price,,/groceries/en-GB/products/312587542,https://digitalcontent.api.tesco.com/v2/media/ghs/1960b3bf-ae51-45a9-8fa4-d4dd00583bcd/cc719581-965c-4b5f-94c7-f18450165b7f_1264032027.jpeg?h=225&w=225,
312715714,Lenor In-Wash Scent Booster Spring Awakening 320G,https://www.tesco.com/groceries/en-GB/shop/household/all?department=Laundry&viewAll=department&page=,£6.50,£20.32/kg,£5.00 Clubcard Price,,/groceries/en-GB/products/312715714,https://digitalcontent.api.tesco.com/v2/media/ghs/2ed44275-f19b-4e4a-971a-6152616634b0/e5a953b6-0075-4b4b-ac67-d2f03b344cee_1932017838.jpeg?h=225&w=225,
305946899,Tesco Colour Bio. Detergent Powder 2.6Kg,https://www.tesco.com/groceries/en-GB/shop/household/all?department=Laundry&viewAll=department&page=,£4.40,£1.70/kg,,,/groceries/en-GB/products/305946899,https://digitalcontent.api.tesco.com/v2/media/ghs/afaa0cd0-8ae7-40de-8423-ef119732afee/6c325787-09a7-4222-ac43-dcc8b3656c8c_1436398452.jpeg?h=225&w=225,
295098680,Dettol Washing Machine Cleaner Lemon 250Ml,https://www.tesco.com/groceries/en-GB/shop/household/all?department=Laundry&viewAll=department&page=,£3.00,£12.00/litre,,,/groceries/en-GB/products/295098680,https://digitalcontent.api.tesco.com/v2/media/ghs/f1cae710-5269-40d1-b837-55650d79a5ea/8c286f67-54b0-4f88-9d62-5d18066c311a_1567434378.jpeg?h=225&w=225,
294025705,Comfort Creations Strawberry Fabric Conditioner 55 Washes 1.925L,https://www.tesco.com/groceries/en-GB/shop/household/all?department=Laundry&viewAll=department&page=,£3.00,£1.56/litre,,,/groceries/en-GB/products/294025705,https://digitalcontent.api.tesco.com/v2/media/ghs/d24be21e-a73c-4ed3-ac11-367a5c7d27b0/6968e3c9-288c-4a1a-8a45-7ec5316284dd_627991938.jpeg?h=225&w=225,
311448381,Comfort Fabric Conditioner Cherry Blossom & Sweet Pea 55S 1.925L,https://www.tesco.com/groceries/en-GB/shop/household/all?department=Laundry&viewAll=department&page=,£3.00,£1.56/litre,,,/groceries/en-GB/products/311448381,https://digitalcontent.api.tesco.com/v2/media/ghs/63ec0ef8-b48d-48a7-b6b2-45a956c5d3e4/4373a102-c7b9-424d-92bb-4cc55e5f6ede_832315535.jpeg?h=225&w=225,
311959899,Comfort Fabric Conditioner Apple Blossom 55 Washes 1.925L,https://www.tesco.com/groceries/en-GB/shop/household/all?department=Laundry&viewAll=department&page=,£3.00,£1.56/litre,,,/groceries/en-GB/products/311959899,https://digitalcontent.api.tesco.com/v2/media/ghs/ea3a636a-fa99-47cc-85dc-0b423e14d421/4979ad1e-f5be-400b-9b9d-25638d6c5a06_702927985.jpeg?h=225&w=225,
312357008,Lenor In-Wash Scent Booster Exotic Bloom 176G,https://www.tesco.com/groceries/en-GB/shop/household/all?department=Laundry&viewAll=department&page=,£3.00,£17.05/kg,,New,/groceries/en-GB/products/312357008,https://digitalcontent.api.tesco.com/v2/media/ghs/4cd2bd1d-5adb-4503-8f55-a76e2b0e4b4d/d79de887-1429-41cf-bf79-87bf49f75ffa_489174120.jpeg?h=225&w=225,
312570423,Lenor In Wash Scent Booster Eucalyptus 176G,https://www.tesco.com/groceries/en-GB/shop/household/all?department=Laundry&viewAll=department&page=,£3.00,£17.05/kg,,,/groceries/en-GB/products/312570423,https://digitalcontent.api.tesco.com/v2/media/ghs/9a2ea223-5229-46eb-9584-806e0f4735d4/e5f3f992-ed2b-4c3d-9b93-2f305f84a6de_1283437683.jpeg?h=225&w=225,
312558637,Lenor In-Wash Scent Booster Spring Awakening 176G,https://www.tesco.com/groceries/en-GB/shop/household/all?department=Laundry&viewAll=department&page=,£3.00,£17.05/kg,,,/groceries/en-GB/products/312558637,https://digitalcontent.api.tesco.com/v2/media/ghs/7cd03598-2d98-46d3-afa5-3cbe05868525/89d17ceb-d599-4d28-a38f-1aa12d20ccdc_1639442107.jpeg?h=225&w=225,
305951496,Tesco Lavender Dreams Bio. Laundry Gel 720Ml,https://www.tesco.com/groceries/en-GB/shop/household/all?department=Laundry&viewAll=department&page=,£2.40,£3.34/litre,,,/groceries/en-GB/products/305951496,https://digitalcontent.api.tesco.com/v2/media/ghs/c20a8748-ae69-4c08-a6e6-c748f93249b6/a33b322b-3d43-48b7-83b8-bcf7fa79528c_863539364.jpeg?h=225&w=225,
298866999,Febreze Pet Fabric Refresher 375 Ml,https://www.tesco.com/groceries/en-GB/shop/household/all?department=Laundry&viewAll=department&page=,£2.00,£5.34/litre,,,/groceries/en-GB/products/298866999,https://digitalcontent.api.tesco.com/v2/media/ghs/5f4b8317-d1e2-4862-8497-2bb9f724a108/ccb3b556-9aa1-4094-b834-87e0b6de1355_1154672865.jpeg?h=225&w=225,
295496813,Febreze Fabric Refresher Blossom Breeze 375Ml,https://www.tesco.com/groceries/en-GB/shop/household/all?department=Laundry&viewAll=department&page=,£2.00,£5.34/litre,,,/groceries/en-GB/products/295496813,https://digitalcontent.api.tesco.com/v2/media/ghs/a66092e8-7690-4054-8d4b-d7eefc4d6e27/71f3f66a-3196-4fb6-90ed-d4ee7382807a_1887655798.jpeg?h=225&w=225,
306494234,Tesco Orange Blossom & Pomegranate Bio. Laundry Gel 720Ml,https://www.tesco.com/groceries/en-GB/shop/household/all?department=Laundry&viewAll=department&page=,£2.40,£3.34/litre,,,/groceries/en-GB/products/306494234,https://digitalcontent.api.tesco.com/v2/media/ghs/07c454e0-09ff-4841-9f75-98b7d796424e/a665f50b-3edb-4b1a-972f-d15308b725df_1816863423.jpeg?h=225&w=225,
302064813,Tesco Colour 3In1 Biological Laundry Detergent Capsules 16 Washes 392Ml,https://www.tesco.com/groceries/en-GB/shop/household/all?department=Laundry&viewAll=department&page=,£3.00,£7.66/litre,,,/groceries/en-GB/products/302064813,https://digitalcontent.api.tesco.com/v2/media/ghs/c4ab904e-059f-439e-b88b-b9a1346432d0/4a65427b-ac98-45ce-aa64-d6fada0db8ed_1286294338.jpeg?h=225&w=225,
271392258,Tesco Ironing Water Spring Fresh 1Lt,https://www.tesco.com/groceries/en-GB/shop/household/all?department=Laundry&viewAll=department&page=,£1.00,£1.00/litre,,,/groceries/en-GB/products/271392258,https://digitalcontent.api.tesco.com/v2/media/ghs/4745670c-6604-4bc2-b696-c334363ddd5b/9652db7a-2b58-46d1-a61b-abca18c24c20_1822238210.jpeg?h=225&w=225,
308117489,Tesco Biological Liquid Detergent Super Concentrated 900Ml,https://www.tesco.com/groceries/en-GB/shop/household/all?department=Laundry&viewAll=department&page=,£1.74,£1.94/litre,,,/groceries/en-GB/products/308117489,https://digitalcontent.api.tesco.com/v2/media/ghs/55660d52-2b88-48e7-a8c4-468bd76b14df/7156729e-c606-4356-b9b4-55b311b401a7_2040587501.jpeg?h=225&w=225,
310108019,Vanish White Oxi Action Powder 0% 1.4Kg,https://www.tesco.com/groceries/en-GB/shop/household/all?department=Laundry&viewAll=department&page=,£10.00,£7.15/kg,,,/groceries/en-GB/products/310108019,https://digitalcontent.api.tesco.com/v2/media/ghs/37374e04-9ae6-4e94-a745-bc08ef4a6f3d/7a7408c0-8871-4de8-839d-62929c159204_1842389249.jpeg?h=225&w=225,
297737676,Surcare Non Biological Laundry Liquid 980Ml,https://www.tesco.com/groceries/en-GB/shop/household/all?department=Laundry&viewAll=department&page=,£6.00,£6.13/litre,,,/groceries/en-GB/products/297737676,https://digitalcontent.api.tesco.com/v2/media/ghs/a3b8dffd-c081-4cda-ab4b-2957bcdaaadc/snapshotimagehandler_1043959485.jpeg?h=225&w=225,
271573592,Ecover Concentrated Non Bio. Liquid 1.5Ltr 42 Wash,https://www.tesco.com/groceries/en-GB/shop/household/all?department=Laundry&viewAll=department&page=,£9.50,£6.34/litre,,,/groceries/en-GB/products/271573592,https://digitalcontent.api.tesco.com/v2/media/ghs/416d0be7-9e31-4a26-afc1-37e99ab14111/0176121e-3c31-4f97-b00b-9bb3fc1cae57_1735441589.jpeg?h=225&w=225,
299537368,Vanish Gold Oxi Stain Remover White Powder 1.35Kg,https://www.tesco.com/groceries/en-GB/shop/household/all?department=Laundry&viewAll=department&page=,£7.50,£5.56/kg,£6.75 Clubcard Price,,/groceries/en-GB/products/299537368,https://digitalcontent.api.tesco.com/v2/media/ghs/8a86e355-9b4c-4143-8a65-31f1dc147042/9b291187-27e2-4dd8-ba96-f720eefbaa27_95749355.jpeg?h=225&w=225,
281815948,Vanish Gold Pre- Treat Stain Remover Power Gel 200 Ml,https://www.tesco.com/groceries/en-GB/shop/household/all?department=Laundry&viewAll=department&page=,£5.15,£25.75/litre,,,/groceries/en-GB/products/281815948,https://digitalcontent.api.tesco.com/v2/media/ghs/2cfba1fa-72ee-4241-8b02-a88c5812c650/778ebb56-7260-4239-aa4f-ca4b401a9b1a_540711799.jpeg?h=225&w=225,
297781639,Ecover Softener Apple Blossom & Almond 50W 1.5L,https://www.tesco.com/groceries/en-GB/shop/household/all?department=Laundry&viewAll=department&page=,£5.00,£3.34/litre,,,/groceries/en-GB/products/297781639,https://digitalcontent.api.tesco.com/v2/media/ghs/19ebf8fa-4ac6-4a3d-b253-e24e952b9381/d955e44e-22fa-4e35-9d2c-4597c8117ba5_1596742409.jpeg?h=225&w=225,
264396662,Woolite Hand & Machine Wash 750Ml,https://www.tesco.com/groceries/en-GB/shop/household/all?department=Laundry&viewAll=department&page=,£4.65,£6.20/litre,,,/groceries/en-GB/products/264396662,https://digitalcontent.api.tesco.com/v2/media/ghs/c774286a-358d-432e-9a97-3dd735ba534c/a99ea201-2d5e-4cda-9e14-23c64b278d13_1794860793.jpeg?h=225&w=225,
299196321,Bold 2 In1 Lavender & Chamomile Washing Liquid 57 Wash,https://www.tesco.com/groceries/en-GB/shop/household/all?department=Laundry&viewAll=department&page=,£8.00,£4.01/litre,,,/groceries/en-GB/products/299196321,https://digitalcontent.api.tesco.com/v2/media/ghs/013fba03-27a3-4abd-961a-234491788d42/92a057bd-1f6d-4a14-9d86-16e83d7436da_610583327.jpeg?h=225&w=225,
311266054,Persil Biological Laundry Detergent Powder 42 Washes 2.1Kg,https://www.tesco.com/groceries/en-GB/shop/household/all?department=Laundry&viewAll=department&page=,£7.50,£3.58/kg,,,/groceries/en-GB/products/311266054,https://digitalcontent.api.tesco.com/v2/media/ghs/9b93c9ec-a44e-4501-b402-b9621818a02c/423ff180-f36a-4451-b2af-20aa8d96dd84_689530078.jpeg?h=225&w=225,
307735006,Surf Tropical Lily Washing Powder 130 Wash 6.5Kg,https://www.tesco.com/groceries/en-GB/shop/household/all?department=Laundry&viewAll=department&page=,£14.00,£2.16/kg,,,/groceries/en-GB/products/307735006,https://digitalcontent.api.tesco.com/v2/media/ghs/afdb78a4-1849-4c97-afd1-c452c2acdfea/4879c939-7a25-4b06-9e0e-d1ed3baa0df0_1541711624.jpeg?h=225&w=225,
309781788,Bold 2 In 1 Washing Liquid Summer Breeze 57 Washes 1995Ml,https://www.tesco.com/groceries/en-GB/shop/household/all?department=Laundry&viewAll=department&page=,£8.00,£4.01/litre,,,/groceries/en-GB/products/309781788,https://digitalcontent.api.tesco.com/v2/media/ghs/8d549c61-7131-4377-b139-0557f47e34fa/071096a8-94fa-41a9-b72d-2429b8e75f08_2044405376.jpeg?h=225&w=225,
312557857,Ariel All In One Colour Washing Pods 34 Washes 809.2G,https://www.tesco.com/groceries/en-GB/shop/household/all?department=Laundry&viewAll=department&page=,£8.00,£9.89/kg,£7.20 Clubcard Price,,/groceries/en-GB/products/312557857,https://digitalcontent.api.tesco.com/v2/media/ghs/05e656cc-d69c-45f1-8326-b3901ca7d6f0/f39ed11b-03b3-4045-9b64-31bc3bb4b6fa_1102183768.jpeg?h=225&w=225,
310103566,Dettol Antibacterial Laundry Cleanser Soothing Lavender 2.5L,https://www.tesco.com/groceries/en-GB/shop/household/all?department=Laundry&viewAll=department&page=,£6.00,£2.40/litre,£5.00 Clubcard Price,,/groceries/en-GB/products/310103566,https://digitalcontent.api.tesco.com/v2/media/ghs/1b171329-9c08-488e-94bc-288cc01248fa/9517cf4e-df29-43ea-a79e-428f647230af_1743977577.jpeg?h=225&w=225,
312565292,Ariel Colour Washing Gel 35 Washes 1225Ml,https://www.tesco.com/groceries/en-GB/shop/household/all?department=Laundry&viewAll=department&page=,£7.00,£5.72/litre,£6.30 Clubcard Price,,/groceries/en-GB/products/312565292,https://digitalcontent.api.tesco.com/v2/media/ghs/a4c9c4e6-78d8-42d9-b4db-4e8c8d021f78/effca389-1b27-413d-a176-e537282c8132_889680709.jpeg?h=225&w=225,
305946877,Tesco Non Bio. Washing Powder 80 Washes 5.2Kg,https://www.tesco.com/groceries/en-GB/shop/household/all?department=Laundry&viewAll=department&page=,£7.80,£1.50/kg,,,/groceries/en-GB/products/305946877,https://digitalcontent.api.tesco.com/v2/media/ghs/26751fb2-ef2d-4900-bc1e-7f476ed52d3a/d370f21d-c6bc-4141-bd42-6806e9dd9d98_835023086.jpeg?h=225&w=225,
312719059,Ariel Original Washing Gel 35 Washes 1225Ml,https://www.tesco.com/groceries/en-GB/shop/household/all?department=Laundry&viewAll=department&page=,£7.00,£5.72/litre,£6.30 Clubcard Price,,/groceries/en-GB/products/312719059,https://digitalcontent.api.tesco.com/v2/media/ghs/21a10829-376d-4cd1-8ad2-e84745aac26b/58e36e0e-4853-43ed-94e3-b9d86c40807d_1549795290.jpeg?h=225&w=225,
312366700,Bold All In One Washing Pods Spring Awakening 34 Washes 792.2G,https://www.tesco.com/groceries/en-GB/shop/household/all?department=Laundry&viewAll=department&page=,£8.00,£10.10/kg,£7.20 Clubcard Price,,/groceries/en-GB/products/312366700,https://digitalcontent.api.tesco.com/v2/media/ghs/0cfc1d1d-c051-4898-9204-de61bb446fe0/44156e22-c983-47b9-89cd-7632b6c84c84_37526677.jpeg?h=225&w=225,
273643086,Napisan 800G,https://www.tesco.com/groceries/en-GB/shop/household/all?department=Laundry&viewAll=department&page=,£4.20,£5.25/kg,,,/groceries/en-GB/products/273643086,https://digitalcontent.api.tesco.com/v2/media/ghs/0f866dc5-d3e5-456e-9447-bb352bf94d55/a2b6a23c-5982-43d5-bf0a-6f2e89fbab5e_1209849717.jpeg?h=225&w=225,
262163895,Vanish Oxi Action Multi Clr Protect 1Kg,https://www.tesco.com/groceries/en-GB/shop/household/all?department=Laundry&viewAll=department&page=,£5.49,£5.49/kg,,,/groceries/en-GB/products/262163895,https://digitalcontent.api.tesco.com/v2/media/ghs/61212e10-8a07-4fd8-9898-42c09dd4e0fd/c04a4b42-369b-4b61-b263-8d50bccc0d91_390103577.jpeg?h=225&w=225,
260534097,Vanish Oxi Action Crystal Whte 1Kg,https://www.tesco.com/groceries/en-GB/shop/household/all?department=Laundry&viewAll=department&page=,£5.49,£5.49/kg,,,/groceries/en-GB/products/260534097,https://digitalcontent.api.tesco.com/v2/media/ghs/b9a42b8b-b267-4f89-aed6-00f64e996a30/62ba0276-e291-4c4d-8c58-f277399aa13c_1535571338.jpeg?h=225&w=225,
312087917,Bold All In One Washing Pods Lavender & Camomile 34 Washes 792.2G,https://www.tesco.com/groceries/en-GB/shop/household/all?department=Laundry&viewAll=department&page=,£8.00,£10.10/kg,£7.20 Clubcard Price,,/groceries/en-GB/products/312087917,https://digitalcontent.api.tesco.com/v2/media/ghs/8629837f-9e38-48bc-8f0b-6c930c982702/48e72f7d-9b1d-4da6-ae46-5877d777a4f0_1438032347.jpeg?h=225&w=225,
308468862,Comfort Ultimate Care Fabric Conditioner 78W Heavenly 1178Ml,https://www.tesco.com/groceries/en-GB/shop/household/all?department=Laundry&viewAll=department&page=,£3.85,£3.27/litre,,,/groceries/en-GB/products/308468862,https://digitalcontent.api.tesco.com/v2/media/ghs/b4b43fbe-dce2-431e-970c-b43048e53f28/77db86d3-57b1-461b-bd13-851f03630098_604110682.jpeg?h=225&w=225,
309490889,Persil Non Biological Liquid Detergent 105 Wash 2835Ml,https://www.tesco.com/groceries/en-GB/shop/household/all?department=Laundry&viewAll=department&page=,£11.50,£4.06/litre,,,/groceries/en-GB/products/309490889,https://digitalcontent.api.tesco.com/v2/media/ghs/1032b490-c62f-4b1e-a748-d3338d843684/40bedd89-7404-4f67-90e9-681e87a56c6e_1359723750.jpeg?h=225&w=225,
302302567,Fairy Non Biological Laundry Liquid 4.55L 130 Washes,https://www.tesco.com/groceries/en-GB/shop/household/all?department=Laundry&viewAll=department&page=,£17.00,£3.74/litre,,,/groceries/en-GB/products/302302567,https://digitalcontent.api.tesco.com/v2/media/ghs/217f77ce-2c11-4eb7-8b9a-f3d3e320cf64/4be10108-3dc2-444b-b7a1-19f65ddde02c_427534736.jpeg?h=225&w=225,
310669760,Comfort Ultimate Care Fresh Sky Fabric Conditioner 1.178L,https://www.tesco.com/groceries/en-GB/shop/household/all?department=Laundry&viewAll=department&page=,£3.85,£3.27/litre,,,/groceries/en-GB/products/310669760,https://digitalcontent.api.tesco.com/v2/media/ghs/c22b6f06-8bd6-444d-94a2-18fee3531337/a372200e-bdeb-492e-81cf-11d0561e5140_1831290952.jpeg?h=225&w=225,
312364564,Comfort Ultimate Care Tropical Lily Fabric Conditioner 870Ml,https://www.tesco.com/groceries/en-GB/shop/household/all?department=Laundry&viewAll=department&page=,£3.50,£4.03/litre,£3.00 Clubcard Price,,/groceries/en-GB/products/312364564,https://digitalcontent.api.tesco.com/v2/media/ghs/34dae6b7-c19d-4433-8c4e-3422e2616321/1864355f-4c28-4e1b-887b-3c61a4426f4d_1812739515.jpeg?h=225&w=225,
312714738,Daz All In One Washing Pods Whites & Colours 26 Washes 501.8G,https://www.tesco.com/groceries/en-GB/shop/household/all?department=Laundry&viewAll=department&page=,£5.50,£10.97/kg,,,/groceries/en-GB/products/312714738,https://digitalcontent.api.tesco.com/v2/media/ghs/05de4e79-a8be-405a-9c65-57b3e18efee3/a15f0348-af6a-4a61-ba8a-6bd97ffe4206_873425341.jpeg?h=225&w=225,
312557820,Fairy Non Biological Washing Powder 27 Wash 1.755Kg,https://www.tesco.com/groceries/en-GB/shop/household/all?department=Laundry&viewAll=department&page=,£6.00,£3.42/kg,,,/groceries/en-GB/products/312557820,https://digitalcontent.api.tesco.com/v2/media/ghs/540359ad-fb04-44ef-9570-e077c8ed478d/4b106b00-da65-4ec9-944e-cec7c748d802_1241883608.jpeg?h=225&w=225,
312853901,Lenor Fabric Conditioner Ocean Escape 48 Washes 1.68 Litre,https://www.tesco.com/groceries/en-GB/shop/household/all?department=Laundry&viewAll=department&page=,£3.50,£2.09/litre,,,/groceries/en-GB/products/312853901,https://digitalcontent.api.tesco.com/v2/media/ghs/d970feec-0997-48d2-be26-6bbe95b6a386/722d20a3-37e7-48db-9c92-2228be6efcfe_1250309245.jpeg?h=225&w=225,
308450139,Comfort Ultimate Care Luxurious Fabric Conditioner 58W 870Ml,https://www.tesco.com/groceries/en-GB/shop/household/all?department=Laundry&viewAll=department&page=,£3.50,£4.03/litre,£3.00 Clubcard Price,,/groceries/en-GB/products/308450139,https://digitalcontent.api.tesco.com/v2/media/ghs/5a73f3a6-9a15-461f-a29e-1e96776102fc/79729dea-b4d1-4c59-b685-a360f1611f4e_1707703563.jpeg?h=225&w=225,
312720391,Surf 5 Herbal Extracts 3In1 Capsules 32W 678G,https://www.tesco.com/groceries/en-GB/shop/household/all?department=Laundry&viewAll=department&page=,£5.00,£7.38/kg,,,/groceries/en-GB/products/312720391,https://digitalcontent.api.tesco.com/v2/media/ghs/14fe2a9f-ae4e-4483-b0d1-117a3eaf1f55/1e8c5976-ac74-4b1a-9d41-f71522a1a1b5_695356462.jpeg?h=225&w=225,
312832537,Surf Tropical Lily Laundry Washing Powder 23W 1.15Kg,https://www.tesco.com/groceries/en-GB/shop/household/all?department=Laundry&viewAll=department&page=,£3.50,£3.05/kg,,,/groceries/en-GB/products/312832537,https://digitalcontent.api.tesco.com/v2/media/ghs/398e2540-3acc-467b-80e8-10b9a10e4a47/9ccb4bde-b677-4ca6-9d5f-4f7aa3480754_945811351.jpeg?h=225&w=225,
312209133,Ariel All In One Original Washing Pods 15 Washes 378G,https://www.tesco.com/groceries/en-GB/shop/household/all?department=Laundry&viewAll=department&page=,£3.99,£10.56/kg,Aldi Price Match,,/groceries/en-GB/products/312209133,https://digitalcontent.api.tesco.com/v2/media/ghs/de41aff4-c070-4980-aaf2-9253acc0dc34/a5bd5b17-11b2-4b4a-9b5d-e4f444e77fb8_1075820160.jpeg?h=225&w=225,
288807962,Dettol Antibacterial Washing Machine Cleaner 250Ml,https://www.tesco.com/groceries/en-GB/shop/household/all?department=Laundry&viewAll=department&page=,£3.00,£12.00/litre,,,/groceries/en-GB/products/288807962,https://digitalcontent.api.tesco.com/v2/media/ghs/be6166c4-07f3-40f2-bc95-72d38fd908a4/a574e796-d428-457b-a996-f8b9a7be2cb8_973563855.jpeg?h=225&w=225,
294025728,Comfort Creations Waterlily Fabric Conditioner 55 Washes 1.925L,https://www.tesco.com/groceries/en-GB/shop/household/all?department=Laundry&viewAll=department&page=,£3.00,£1.56/litre,,,/groceries/en-GB/products/294025728,https://digitalcontent.api.tesco.com/v2/media/ghs/18bb3f41-f836-47bc-84e5-14ca786bf4d0/1d91acf4-73dc-42c1-ac1c-36ea4f54ad31_292024463.jpeg?h=225&w=225,
311432261,Surf Watermelon Breeze Liquid Detergent 24 Washes 648Ml,https://www.tesco.com/groceries/en-GB/shop/household/all?department=Laundry&viewAll=department&page=,£3.00,£4.63/litre,,,/groceries/en-GB/products/311432261,https://digitalcontent.api.tesco.com/v2/media/ghs/05ac8dcf-505c-437d-9608-4eb0a36a214f/d37e2bea-b4ac-4446-860e-4927d960ced0_695811536.jpeg?h=225&w=225,
302064773,Tesco Biological 3In1 Laundry Detergent Capsules 16 Washes 392Ml,https://www.tesco.com/groceries/en-GB/shop/household/all?department=Laundry&viewAll=department&page=,£3.00,£7.66/litre,,,/groceries/en-GB/products/302064773,https://digitalcontent.api.tesco.com/v2/media/ghs/84b1aba1-b4ca-442c-9e90-5a03b0c657c5/6c30db80-59af-413d-a979-b61135bb6776_1774726359.jpeg?h=225&w=225,
297737653,Surcare Fabric Conditioner 750Ml,https://www.tesco.com/groceries/en-GB/shop/household/all?department=Laundry&viewAll=department&page=,£1.50,£2.00/litre,,,/groceries/en-GB/products/297737653,https://digitalcontent.api.tesco.com/v2/media/ghs/f400ca57-88a3-4a10-9371-621c8cafe6e6/snapshotimagehandler_2115302700.jpeg?h=225&w=225,
310656838,Vanish Oxiaction 0% Chlorine Booster Powder Pink 1.4Kg,https://www.tesco.com/groceries/en-GB/shop/household/all?department=Laundry&viewAll=department&page=,£10.00,£7.15/kg,,,/groceries/en-GB/products/310656838,https://digitalcontent.api.tesco.com/v2/media/ghs/0f6d06b8-b089-4f7e-9d9a-e873ee028476/76ce0a85-0557-477a-aeb8-9b447ff13439_1883131627.jpeg?h=225&w=225,
298231397,Ecover Biological Concentrated Laundry Liquid 42 Wash 1.5L,https://www.tesco.com/groceries/en-GB/shop/household/all?department=Laundry&viewAll=department&page=,£9.50,£6.34/litre,,,/groceries/en-GB/products/298231397,https://digitalcontent.api.tesco.com/v2/media/ghs/5b51d197-6a25-426e-81d1-50ab5b2e98b6/5d92eb0b-9f69-4070-82dd-896e0dba4c6e_1350709668.jpeg?h=225&w=225,
311792703,Ecoegg Laundry Egg Fresh Linen 70 Washes,https://www.tesco.com/groceries/en-GB/shop/household/all?department=Laundry&viewAll=department&page=,£8.00,£0.12/each,,,/groceries/en-GB/products/311792703,https://digitalcontent.api.tesco.com/v2/media/ghs/e19fdac4-18e9-473d-9b32-dcd262dc5d3b/snapshotimagehandler_1180227946.jpeg?h=225&w=225,
308839527,Ariel All In One Original 120 Washing Pods 3024G,https://www.tesco.com/groceries/en-GB/shop/household/all?department=Laundry&viewAll=department&page=,£24.00,£7.94/kg,,,/groceries/en-GB/products/308839527,https://digitalcontent.api.tesco.com/v2/media/ghs/6fee2bb4-40b0-47d9-9420-bed7c45722cf/6f0f1b59-9206-4036-bba9-5f8f020f71ba_496635683.jpeg?h=225&w=225,
310168736,Vanish Oxi 0% Chlorine Bleach Free 900G,https://www.tesco.com/groceries/en-GB/shop/household/all?department=Laundry&viewAll=department&page=,£8.00,£8.89/kg,£6.00 Clubcard Price,,/groceries/en-GB/products/310168736,https://digitalcontent.api.tesco.com/v2/media/ghs/9cf349b1-7d22-495f-8b29-e1cc896d30d5/47754d0b-109f-4757-8731-1f9ff76310b7_1425610946.jpeg?h=225&w=225,
310681404,Vanish White Oxi Action Chlorine/ Bleach Free 900G,https://www.tesco.com/groceries/en-GB/shop/household/all?department=Laundry&viewAll=department&page=,£8.00,£8.89/kg,£6.00 Clubcard Price,,/groceries/en-GB/products/310681404,https://digitalcontent.api.tesco.com/v2/media/ghs/c083c2fd-a29e-4ecd-9b0e-60193ac4c385/af3478a6-2b0f-4431-b6f3-926dbac439cd_2063934971.jpeg?h=225&w=225,
311800730,Ecoegg Laundry Egg Spring Blossom 70 Washes,https://www.tesco.com/groceries/en-GB/shop/household/all?department=Laundry&viewAll=department&page=,£8.00,£0.12/each,,,/groceries/en-GB/products/311800730,https://digitalcontent.api.tesco.com/v2/media/ghs/258b5f62-38ca-452a-a1ff-0b520a27b66c/snapshotimagehandler_785739224.jpeg?h=225&w=225,
312361354,Fairy Platinum Non Biological Washing Pods 28 Washes 730.8G,https://www.tesco.com/groceries/en-GB/shop/household/all?department=Laundry&viewAll=department&page=,£8.00,£10.95/kg,,,/groceries/en-GB/products/312361354,https://digitalcontent.api.tesco.com/v2/media/ghs/7278fab7-e925-43ee-b737-acdc9903f152/cba9214a-2446-409a-89a3-c0ccb55d5144_2089892741.jpeg?h=225&w=225,
311956476,Ariel All In One Platinum Washing Pods 28 Washes 761.6G,https://www.tesco.com/groceries/en-GB/shop/household/all?department=Laundry&viewAll=department&page=,£8.00,£10.51/kg,,,/groceries/en-GB/products/311956476,https://digitalcontent.api.tesco.com/v2/media/ghs/9c424b2d-2b43-48b7-98f6-8e5f19777d58/e7efc65c-8dcf-4cef-a290-d36806bd1fb9_944152682.jpeg?h=225&w=225,
311937902,Ecoegg Laundry Egg Refill Pellets Fresh Linen 50S,https://www.tesco.com/groceries/en-GB/shop/household/all?department=Laundry&viewAll=department&page=,£4.00,£0.08/each,,,/groceries/en-GB/products/311937902,https://digitalcontent.api.tesco.com/v2/media/ghs/758637b4-7808-4a32-921c-a1ce0b3fa202/snapshotimagehandler_647652126.jpeg?h=225&w=225,
311798835,Comfort Ultimate Carelavish Blossom Fabric Conditioner 1178Ml,https://www.tesco.com/groceries/en-GB/shop/household/all?department=Laundry&viewAll=department&page=,£3.85,£3.21/litre,,,/groceries/en-GB/products/311798835,https://digitalcontent.api.tesco.com/v2/media/ghs/32e7b638-a64d-4106-8470-f5ae64d524de/4eeb5aa0-d7eb-4577-bcae-0ff5fdcb29bf_1891046779.jpeg?h=225&w=225,
312717332,Bold All In One Washing Pod Lavender & Camomile 15 Washes 349.5G,https://www.tesco.com/groceries/en-GB/shop/household/all?department=Laundry&viewAll=department&page=,£4.80,£13.74/kg,,,/groceries/en-GB/products/312717332,https://digitalcontent.api.tesco.com/v2/media/ghs/78b5b99d-a4c0-45e1-97dc-12ea8bb1e37b/f35a32fd-4196-4a2e-8f1b-518f47e70981_1148902666.jpeg?h=225&w=225,
308486483,Nimble Cuddle Lover Baby Fabric Softener 1L,https://www.tesco.com/groceries/en-GB/shop/household/all?department=Laundry&viewAll=department&page=,£5.00,£5.00/litre,£3.75 Clubcard Price,,/groceries/en-GB/products/308486483,https://digitalcontent.api.tesco.com/v2/media/ghs/3ad8a278-2c34-4a23-8d86-d6b3952e912e/843d3bf5-0b24-43f6-9065-e8d78bb6cd67_766212732.jpeg?h=225&w=225,
311955356,Ecoegg Laundry Egg Refill Pellets Spring Blossom 50S,https://www.tesco.com/groceries/en-GB/shop/household/all?department=Laundry&viewAll=department&page=,£4.00,£0.08/each,,,/groceries/en-GB/products/311955356,https://digitalcontent.api.tesco.com/v2/media/ghs/b27604d2-3815-49ca-a27d-ec314552301b/snapshotimagehandler_55672348.jpeg?h=225&w=225,
311209083,Dr Beckmann Magic Leaves Biological Laundry Detergent Sheet 25S,https://www.tesco.com/groceries/en-GB/shop/household/all?department=Laundry&viewAll=department&page=,£4.00,£0.16/each,,,/groceries/en-GB/products/311209083,https://digitalcontent.api.tesco.com/v2/media/ghs/4368a4bb-5db1-469c-bf42-1077620cdf8b/c66581d8-b3ce-42aa-90df-8e80ad907617_1079036992.jpeg?h=225&w=225,
311439478,Dr Beckmann Non Biological Laundry Detergent Sheets X25,https://www.tesco.com/groceries/en-GB/shop/household/all?department=Laundry&viewAll=department&page=,£4.00,£0.16/each,,,/groceries/en-GB/products/311439478,https://digitalcontent.api.tesco.com/v2/media/ghs/62ca2b05-b2f0-4012-90a8-b7bea858d9cc/e527f1e9-7402-419f-b3ba-3b7b1ed5d1ee_1657482305.jpeg?h=225&w=225,
308826560,Comfort Pure Fabric Conditioner 56 Washes 1.96 Litre,https://www.tesco.com/groceries/en-GB/shop/household/all?department=Laundry&viewAll=department&page=,£3.00,£1.54/litre,,,/groceries/en-GB/products/308826560,https://digitalcontent.api.tesco.com/v2/media/ghs/9d6141a2-ae66-434b-82e7-5291d000545e/a2378b87-97f4-4c53-9586-dbc27c36d003_2012294620.jpeg?h=225&w=225,
291590114,Febreze Fabric Refresher Thai 375Ml,https://www.tesco.com/groceries/en-GB/shop/household/all?department=Laundry&viewAll=department&page=,£2.00,£5.34/litre,,,/groceries/en-GB/products/291590114,https://digitalcontent.api.tesco.com/v2/media/ghs/8278f80e-8611-4d24-b575-cf7d4d1d63be/93aaf3b8-7b9c-4dca-8110-e1d9c2246596_107883442.jpeg?h=225&w=225,
302664247,Plenty Household Towel 800 Sheet,https://www.tesco.com/groceries/en-GB/shop/household/all?department=Kitchen%20Roll&viewAll=department&page=,£12.00,£1.50/100sht,,,/groceries/en-GB/products/302664247,https://digitalcontent.api.tesco.com/v2/media/ghs/a0ad9c9f-90d7-471b-a3a3-984e7da387b8/1c589ed3-0638-4315-9de7-cce6571f87e5_979737709.jpeg?h=225&w=225,
296653148,Plenty Decorative One Kitchen Towel 300 Sheets,https://www.tesco.com/groceries/en-GB/shop/household/all?department=Kitchen%20Roll&viewAll=department&page=,£6.95,£2.32/100sht,,,/groceries/en-GB/products/296653148,https://digitalcontent.api.tesco.com/v2/media/ghs/25a3a84c-cd81-49e1-8ff6-01e97b0160f8/9c040e6c-d66c-4095-b8fb-0a5102c37236_2096637077.jpeg?h=225&w=225,
262374000,Regina Kitchen Towels Blitz 2 Rolls,https://www.tesco.com/groceries/en-GB/shop/household/all?department=Kitchen%20Roll&viewAll=department&page=,£4.70,£3.36/100sht,,,/groceries/en-GB/products/262374000,https://digitalcontent.api.tesco.com/v2/media/ghs/cb488755-74da-44aa-9923-8788aad0ffa7/8746b490-11ca-477b-92a6-fa919adf4d9f_1829859792.jpeg?h=225&w=225,
303904896,Plenty The Big One 2 Roll,https://www.tesco.com/groceries/en-GB/shop/household/all?department=Kitchen%20Roll&viewAll=department&page=,£5.25,£3.75/100sht,,New,/groceries/en-GB/products/303904896,https://digitalcontent.api.tesco.com/v2/media/ghs/7ea5053e-926d-4f21-bb65-a799e29cecf1/b356615a-8569-45bc-80e2-38fde9f662c7_619190144.jpeg?h=225&w=225,
296653200,Tesco Ultra Kitchen Towel 200 Sheets,https://www.tesco.com/groceries/en-GB/shop/household/all?department=Kitchen%20Roll&viewAll=department&page=,£2.50,£1.25/100sht,,New,/groceries/en-GB/products/296653200,https://digitalcontent.api.tesco.com/v2/media/ghs/5777d79c-2a27-4263-a599-d0ea5015ed4f/f2bf365b-adcf-473d-b2d7-c237e7830a5e_1823014203.jpeg?h=225&w=225,
305965105,Tesco Kitchen Towel 4 Roll,https://www.tesco.com/groceries/en-GB/shop/household/all?department=Kitchen%20Roll&viewAll=department&page=,£4.00,£1.00/100sht,,,/groceries/en-GB/products/305965105,https://digitalcontent.api.tesco.com/v2/media/ghs/96fe6df8-8628-495e-b3cc-b59b16158714/8a466dac-5b86-4301-b8c7-dbde4aff7f97_1487810366.jpeg?h=225&w=225,
296653125,Plenty White Kitchen Roll 200 Sheets,https://www.tesco.com/groceries/en-GB/shop/household/all?department=Kitchen%20Roll&viewAll=department&page=,£5.25,£2.63/100sht,£3.75 Clubcard Price,,/groceries/en-GB/products/296653125,https://digitalcontent.api.tesco.com/v2/media/ghs/8e7c549c-1635-4a29-a49f-2609b936d5e7/ad2c6ca8-ddfe-4e7e-9eaa-9894321ae980_145029176.jpeg?h=225&w=225,
264038125,Regina Blitz Kitchen Towel 1 Roll,https://www.tesco.com/groceries/en-GB/shop/household/all?department=Kitchen%20Roll&viewAll=department&page=,£3.00,£3.00/100sht,,,/groceries/en-GB/products/264038125,https://digitalcontent.api.tesco.com/v2/media/ghs/15249b91-35f9-49d2-8b03-fd78b03b1c76/82b1c4da-70de-48a4-af7a-c7a95ffd288f_318852362.jpeg?h=225&w=225,
305976553,Tesco Kitchen Towel 2 Rolls,https://www.tesco.com/groceries/en-GB/shop/household/all?department=Kitchen%20Roll&viewAll=department&page=,£2.45,£1.23/100sht,,,/groceries/en-GB/products/305976553,https://digitalcontent.api.tesco.com/v2/media/ghs/7e2cbddd-75d3-48f1-883a-3dd5dc66f1c7/463c8423-a961-4d0c-aac5-2e93d5e4a41d_508058420.jpeg?h=225&w=225,
305959695,Tesco Decorated Kitchen Towel 2X100 Sheets,https://www.tesco.com/groceries/en-GB/shop/household/all?department=Kitchen%20Roll&viewAll=department&page=,£2.45,£1.23/100sht,,,/groceries/en-GB/products/305959695,https://digitalcontent.api.tesco.com/v2/media/ghs/c87e3b46-0638-4642-b124-9a5360734788/8132dbf4-f433-4bce-ba58-fc975c3fddbf_145238165.jpeg?h=225&w=225,
296653102,Plenty White Kitchen Roll 100 Sheets,https://www.tesco.com/groceries/en-GB/shop/household/all?department=Kitchen%20Roll&viewAll=department&page=,£2.70,£2.70/100sht,,,/groceries/en-GB/products/296653102,https://digitalcontent.api.tesco.com/v2/media/ghs/3263e8f3-60a4-4949-bc28-fbb2c9f5851f/60044d07-5f6b-4398-91cc-f8c870f55975_163057844.jpeg?h=225&w=225,
302442815,Plenty Handy Towels 75 Sheets,https://www.tesco.com/groceries/en-GB/shop/household/all?department=Kitchen%20Roll&viewAll=department&page=,£2.15,£2.87/100sht,,,/groceries/en-GB/products/302442815,https://digitalcontent.api.tesco.com/v2/media/ghs/bad8601b-8a16-4b17-af7f-be7a8931902a/81a49ebc-e842-4a12-80ab-c12358a8a129_1726596702.jpeg?h=225&w=225,
306495786,Tesco Kitchen Towel 1 Roll 100 Sheets,https://www.tesco.com/groceries/en-GB/shop/household/all?department=Kitchen%20Roll&viewAll=department&page=,,,,,/groceries/en-GB/products/306495786,https://digitalcontent.api.tesco.com/v2/media/ghs/9e9fc1ed-daf6-4fa5-89e3-f79b90c5b5c2/0da4d0be-ae70-45d6-9488-28f47e04e06c_1077940585.jpeg?h=225&w=225,This product's currently out of stock
311207459,Regina Xxl Absorb 2 Roll Kitchen Towel,https://www.tesco.com/groceries/en-GB/shop/household/all?department=Kitchen%20Roll&viewAll=department&page=,£4.25,£2.84/100sht,£3.00 Clubcard Price,,/groceries/en-GB/products/311207459,https://digitalcontent.api.tesco.com/v2/media/ghs/f88ed912-68c4-4bb4-913b-df2d9475f842/730e460a-3949-4fac-83e6-aee9afa9b18a_363791731.jpeg?h=225&w=225,
308450018,Springforce Jumbo Kitchen Towel 240 Sheets,https://www.tesco.com/groceries/en-GB/shop/household/all?department=Kitchen%20Roll&viewAll=department&page=,£1.09,£0.46/100sht,Aldi Price Match,,/groceries/en-GB/products/308450018,https://digitalcontent.api.tesco.com/v2/media/ghs/a4ddd86b-7337-4def-b790-afd3041b45d9/25c3a934-1ded-45e3-b7bd-d6a7dbc43fae_1540257877.jpeg?h=225&w=225,
311212337,Regina Xxl Absorb Kitchen Towel 1 Roll,https://www.tesco.com/groceries/en-GB/shop/household/all?department=Kitchen%20Roll&viewAll=department&page=,£3.25,£3.25/100sht,,New,/groceries/en-GB/products/311212337,,
311678586,Cushelle Original Tubeless Toilet Tissue 12 Rolls,https://www.tesco.com/groceries/en-GB/shop/household/all?department=Toilet%20Roll&viewAll=department&page=,£15.40,£0.36/100sht,,,/groceries/en-GB/products/311678586,https://digitalcontent.api.tesco.com/v2/media/ghs/9e1e80d9-c646-426e-80c0-416e0a35eb53/55ea6daf-3fc9-47cb-837b-32463b5ce1e2_1433293800.jpeg?h=225&w=225,
302919425,Cushelle Quilted 3 Ply 16 Roll Family Pack,https://www.tesco.com/groceries/en-GB/shop/household/all?department=Toilet%20Roll&viewAll=department&page=,£11.45,£0.46/100sht,,,/groceries/en-GB/products/302919425,https://digitalcontent.api.tesco.com/v2/media/ghs/016ab2d3-2a18-4771-ad61-6b5419ac4673/c04645fb-9b94-4f87-ac22-e0adf6865664_1693326886.jpeg?h=225&w=225,
311780061,Andrex Supreme Quilts Toilet Tissue 16 Rolls,https://www.tesco.com/groceries/en-GB/shop/household/all?department=Toilet%20Roll&viewAll=department&page=,£11.85,£0.48/100sht,,,/groceries/en-GB/products/311780061,https://digitalcontent.api.tesco.com/v2/media/ghs/ca529b56-78e1-48a9-a90f-032da0c132ee/44e51ae9-04ed-4cc4-988c-ecd30ef93019_1662359698.jpeg?h=225&w=225,
311949306,Andrex Classic Clean Toilet Tissue 12 Mega Rolls,https://www.tesco.com/groceries/en-GB/shop/household/all?department=Toilet%20Roll&viewAll=department&page=,£12.35,£0.34/100sht,,,/groceries/en-GB/products/311949306,https://digitalcontent.api.tesco.com/v2/media/ghs/9d00fd71-f620-4872-bb19-5ca3f6d2547a/a40c0244-e81c-49fe-a6dc-b66f4bf25e22_940302040.jpeg?h=225&w=225,
302321901,Andrex Toilet Tissue Gentle Clean 24 Roll,https://www.tesco.com/groceries/en-GB/shop/household/all?department=Toilet%20Roll&viewAll=department&page=,£11.25,£0.28/100sht,,,/groceries/en-GB/products/302321901,https://digitalcontent.api.tesco.com/v2/media/ghs/29af2b38-db64-4df2-970b-538d11d86c43/410507a8-86b7-4685-a154-f5c2511d7721_1065783451.jpeg?h=225&w=225,
311961072,Cushelle Quilted Tubeless Toilet Paper 6 Rolls,https://www.tesco.com/groceries/en-GB/shop/household/all?department=Toilet%20Roll&viewAll=department&page=,£7.55,£0.50/100sht,,,/groceries/en-GB/products/311961072,https://digitalcontent.api.tesco.com/v2/media/ghs/ca9f5828-b359-4fb0-a152-cb50236b3f21/6f581e87-94c1-4517-8ec7-03af4522af85_1202561329.jpeg?h=225&w=225,
305837579,Velvet Classic Quilted Toilet Tissue 24 Roll White,https://www.tesco.com/groceries/en-GB/shop/household/all?department=Toilet%20Roll&viewAll=department&page=,£9.50,£0.26/100sht,,,/groceries/en-GB/products/305837579,https://digitalcontent.api.tesco.com/v2/media/ghs/3aed1330-bb68-427b-b4c6-894f8b7c4624/76345b7a-48e0-472e-a4e0-990e2829529e_897621586.jpeg?h=225&w=225,
311806614,Andrex Classic Clean Toilet Tissue 9 Mega Rolls,https://www.tesco.com/groceries/en-GB/shop/household/all?department=Toilet%20Roll&viewAll=department&page=,£8.75,£0.32/100sht,,,/groceries/en-GB/products/311806614,https://digitalcontent.api.tesco.com/v2/media/ghs/f0f8ba4e-b421-4748-ae1b-4b11b0b92cf8/ee11b681-c88e-4949-a8f5-b56263f0eba4_1750112299.jpeg?h=225&w=225,
310115609,Tesco Luxury Soft Toilet Tissue 12 Double Rolls,https://www.tesco.com/groceries/en-GB/shop/household/all?department=Toilet%20Roll&viewAll=department&page=,£9.00,£0.17/100sht,,,/groceries/en-GB/products/310115609,https://digitalcontent.api.tesco.com/v2/media/ghs/b5fd7954-91a8-41e6-9ea0-a73ae3378ac3/bbb3a120-accc-4a61-b7c4-303bed8d8a79.jpeg?h=225&w=225,
309471660,Andrex Classic Clean Toilet Rolls X9,https://www.tesco.com/groceries/en-GB/shop/household/all?department=Toilet%20Roll&viewAll=department&page=,£5.60,£0.33/100sht,,,/groceries/en-GB/products/309471660,https://digitalcontent.api.tesco.com/v2/media/ghs/7a6355c9-3fad-4a2f-9f47-4890adaf586b/a82caeba-289e-412b-ad5b-0082e994360a_775816134.jpeg?h=225&w=225,
311676801,Cushelle Quilted Toilet Tissue Rhubarb & Raspberry X9,https://www.tesco.com/groceries/en-GB/shop/household/all?department=Toilet%20Roll&viewAll=department&page=,£7.15,£0.51/100sht,£5.50 Clubcard Price,,/groceries/en-GB/products/311676801,https://digitalcontent.api.tesco.com/v2/media/ghs/81a8c533-e11d-43fc-9f63-489c5ecd52f1/28c816be-b931-410d-8c53-d2dff87bb5e0_146162592.jpeg?h=225&w=225,
311677161,Cushelle Original Tubeless Toilet Paper 6 Rolls,https://www.tesco.com/groceries/en-GB/shop/household/all?department=Toilet%20Roll&viewAll=department&page=,£8.25,£0.38/100sht,,,/groceries/en-GB/products/311677161,https://digitalcontent.api.tesco.com/v2/media/ghs/614143a4-6d82-4364-8da5-4ecc88ffc055/9d59a186-ba17-4f43-a735-e1c4aa84eca5_26835972.jpeg?h=225&w=225,
311206881,Andrex Ultra Care Toilet Tissues 9 Roll,https://www.tesco.com/groceries/en-GB/shop/household/all?department=Toilet%20Roll&viewAll=department&page=,£6.75,£0.47/100sht,,,/groceries/en-GB/products/311206881,https://digitalcontent.api.tesco.com/v2/media/ghs/d43dfeca-e9de-46fc-aaaf-6da49b899de6/13f6fafe-039b-40a9-9ae6-0eed7d362825_1081262366.jpeg?h=225&w=225,
312111109,Andrex Supreme Quilts Toilet Tissues 9 Rolls,https://www.tesco.com/groceries/en-GB/shop/household/all?department=Toilet%20Roll&viewAll=department&page=,£6.75,£0.48/100sht,£5.95 Clubcard Price,,/groceries/en-GB/products/312111109,https://digitalcontent.api.tesco.com/v2/media/ghs/235b770d-3f39-4fbc-a404-c79c4d752fd3/16a7140d-9a70-44db-add3-33476eebd8c7_1138660255.jpeg?h=225&w=225,
266392906,Cushelle Toilet Tissue White 9 Roll,https://www.tesco.com/groceries/en-GB/shop/household/all?department=Toilet%20Roll&viewAll=department&page=,£5.60,£0.35/100sht,,,/groceries/en-GB/products/266392906,https://digitalcontent.api.tesco.com/v2/media/ghs/60a0f722-65b4-4591-9d08-3df823a3847b/d435b4e8-a057-4a14-836b-f1de34540ea9_98005582.jpeg?h=225&w=225,
309787350,Little Duck Supreme Quilted Toilet Tissue 24 Rolls,https://www.tesco.com/groceries/en-GB/shop/household/all?department=Toilet%20Roll&viewAll=department&page=,£6.79,£0.18/100sht,Aldi Price Match,,/groceries/en-GB/products/309787350,https://digitalcontent.api.tesco.com/v2/media/ghs/2ea88e4c-f70e-4edd-87fb-394a3dd41e4b/77f515af-0687-4c3e-96bc-0547cb9e8273_1562415342.jpeg?h=225&w=225,
309789371,Andrex Ultra Care Flushable Washlet 4X36 Wipes,https://www.tesco.com/groceries/en-GB/shop/household/all?department=Toilet%20Roll&viewAll=department&page=,£6.00,£4.17/100sht,£5.00 Clubcard Price,,/groceries/en-GB/products/309789371,https://digitalcontent.api.tesco.com/v2/media/ghs/41b5d22a-b257-40e6-9022-fdc1ff82c0f6/1a1967ae-b0f6-45f7-905f-2cdb8fe0745d_1623776851.jpeg?h=225&w=225,
312100445,Andrex Classic Clean Washlets Wipes 4 Pack,https://www.tesco.com/groceries/en-GB/shop/household/all?department=Toilet%20Roll&viewAll=department&page=,£5.00,£3.48/100sht,,,/groceries/en-GB/products/312100445,https://digitalcontent.api.tesco.com/v2/media/ghs/180a3e52-6aee-4952-aced-7505abc2daaf/d8996fc8-7e94-4ccd-98eb-7966f2fb85e4_1594136555.jpeg?h=225&w=225,
312092758,Tesco Luxury Soft Quilted Toilet Tissue 6 Long Rolls,https://www.tesco.com/groceries/en-GB/shop/household/all?department=Toilet%20Roll&viewAll=department&page=,£3.75,£0.26/100sht,,,/groceries/en-GB/products/312092758,https://digitalcontent.api.tesco.com/v2/media/ghs/19b90e44-3195-486d-b165-65546076d7ae/3f11fe61-982d-4ee3-a0f4-4dcf2c4070cb.jpeg?h=225&w=225,
312214351,Tesco Luxury Soft White Toilet Tissue 6 Long Rolls,https://www.tesco.com/groceries/en-GB/shop/household/all?department=Toilet%20Roll&viewAll=department&page=,£3.75,£0.19/100sht,,,/groceries/en-GB/products/312214351,https://digitalcontent.api.tesco.com/v2/media/ghs/f5e7409f-63b4-4bbb-8686-b552725a344a/f8127fbf-00c6-4260-9f77-fe4186250a04.jpeg?h=225&w=225,
312091310,Andrex Supreme Quilts Toilet Tissues 4 Rolls,https://www.tesco.com/groceries/en-GB/shop/household/all?department=Toilet%20Roll&viewAll=department&page=,£3.35,£0.54/100sht,,,/groceries/en-GB/products/312091310,https://digitalcontent.api.tesco.com/v2/media/ghs/87f034c2-fae8-4e86-aed7-c4138bc264ed/b915b672-6e4a-4cd9-822f-cabe9229a094_1956690347.jpeg?h=225&w=225,
297444849,Tesco Luxury Soft Quilted Toilet Tissue 4 Rolls,https://www.tesco.com/groceries/en-GB/shop/household/all?department=Toilet%20Roll&viewAll=department&page=,£1.79,£0.28/100sht,Aldi Price Match,,/groceries/en-GB/products/297444849,https://digitalcontent.api.tesco.com/v2/media/ghs/c302f9d8-9239-436c-9a58-ee96056e011e/6e5eab84-aa9c-4247-9286-2ded9f8a8cb9.jpeg?h=225&w=225,
309762431,Andrex Classic Clean Toilet Tissue 4 Rolls,https://www.tesco.com/groceries/en-GB/shop/household/all?department=Toilet%20Roll&viewAll=department&page=,£3.15,£0.42/100sht,£2.80 Clubcard Price,,/groceries/en-GB/products/309762431,https://digitalcontent.api.tesco.com/v2/media/ghs/b4b97566-51c3-46c8-92af-283fd2054df3/6678d277-aa87-498f-b0f1-ba82d83d6ed3_517079285.jpeg?h=225&w=225,
312107150,Tesco Luxury Soft Coconut Oil Toilet Tissue 6 Long Rolls,https://www.tesco.com/groceries/en-GB/shop/household/all?department=Toilet%20Roll&viewAll=department&page=,£3.75,£0.26/100sht,,New,/groceries/en-GB/products/312107150,https://digitalcontent.api.tesco.com/v2/media/ghs/d465eab3-7bfd-457b-a44f-37156e242d94/e4a59a3e-1e84-43a8-b76c-61e7f9b30ef2.jpeg?h=225&w=225,
312087696,Tesco Luxury Soft Shea Butter Toilet Tissue 6 Long Rolls,https://www.tesco.com/groceries/en-GB/shop/household/all?department=Toilet%20Roll&viewAll=department&page=,£3.75,£0.26/100sht,,New,/groceries/en-GB/products/312087696,https://digitalcontent.api.tesco.com/v2/media/ghs/b045152f-0996-4880-bb06-cceccaf4027c/c5f75f6d-f4e9-47a3-a142-aee6ccf3492d.jpeg?h=225&w=225,
311694946,Andrex Washlets Gentle Clean Fragrance Free 3X40 Sheets,https://www.tesco.com/groceries/en-GB/shop/household/all?department=Toilet%20Roll&viewAll=department&page=,£3.00,£2.50/100sht,,,/groceries/en-GB/products/311694946,https://digitalcontent.api.tesco.com/v2/media/ghs/ab79eb62-b5c0-44ce-b582-d13ba39f3237/7373be24-1dbd-404a-8a5f-203b3e855b2d_1056325061.jpeg?h=225&w=225,
309753465,Spring Force Toilet Tissue 6 White Double Rolls,https://www.tesco.com/groceries/en-GB/shop/household/all?department=Toilet%20Roll&viewAll=department&page=,£2.80,£0.11/100sht,,,/groceries/en-GB/products/309753465,https://digitalcontent.api.tesco.com/v2/media/ghs/2915ce65-25b9-44eb-9475-443fc4617107/05763154-6856-49d6-bb2d-e40f32483111_815555519.jpeg?h=225&w=225,
297445007,Tesco Coconut Oil 4 Roll,https://www.tesco.com/groceries/en-GB/shop/household/all?department=Toilet%20Roll&viewAll=department&page=,£1.79,£0.28/100sht,,,/groceries/en-GB/products/297445007,https://digitalcontent.api.tesco.com/v2/media/ghs/edc40e4e-510e-45b9-ab4b-5c068d37ed67/967e9219-2dbe-4b2e-afb8-f8ecacaaacd3.jpeg?h=225&w=225,
304393126,Andrex Ultra Care Flushable Washlet 36 Wipes,https://www.tesco.com/groceries/en-GB/shop/household/all?department=Toilet%20Roll&viewAll=department&page=,£1.75,£4.87/100sht,,,/groceries/en-GB/products/304393126,https://digitalcontent.api.tesco.com/v2/media/ghs/df5cc4e8-8ae1-4077-86b2-fc94403ece7b/4f313638-5a95-4644-8b04-69255ce3ef37_1813558990.jpeg?h=225&w=225,
311935363,Cushelle Fresh Fragrance Free Moist Toilet Paper X42,https://www.tesco.com/groceries/en-GB/shop/household/all?department=Toilet%20Roll&viewAll=department&page=,£1.50,£3.58/100sht,,,/groceries/en-GB/products/311935363,https://digitalcontent.api.tesco.com/v2/media/ghs/9c8d986a-e09b-4fd3-80a8-4731106d1a20/623ef54c-bec7-4b7f-8450-5964c515b38a_322955336.jpeg?h=225&w=225,
281055580,Tesco Luxury Soft Toilet Tissue White 4 Roll,https://www.tesco.com/groceries/en-GB/shop/household/all?department=Toilet%20Roll&viewAll=department&page=,£1.59,£0.18/100sht,Aldi Price Match,,/groceries/en-GB/products/281055580,https://digitalcontent.api.tesco.com/v2/media/ghs/e6edf963-7fb3-4621-afdd-5fef9b5e1987/4108a080-a542-484d-ab50-2729159cd2fb.jpeg?h=225&w=225,
311946799,Andrex Classic Clean Flushable Washlet 36 Wipes,https://www.tesco.com/groceries/en-GB/shop/household/all?department=Toilet%20Roll&viewAll=department&page=,£1.50,£4.17/100sht,£1.00 Clubcard Price,,/groceries/en-GB/products/311946799,https://digitalcontent.api.tesco.com/v2/media/ghs/68eee502-4014-4579-92df-43371e555964/4c6856c4-fae7-46f0-b665-cb828f35ddc4_1864482349.jpeg?h=225&w=225,
311673643,Cushelle Fresh Chamomile Moist Toilet Paper X42,https://www.tesco.com/groceries/en-GB/shop/household/all?department=Toilet%20Roll&viewAll=department&page=,£1.75,£4.17/100sht,,,/groceries/en-GB/products/311673643,https://digitalcontent.api.tesco.com/v2/media/ghs/92edde4f-ab80-484d-af5a-06272eeed4fa/b58b921b-f559-4554-a057-2c9317b1c237_2011148637.jpeg?h=225&w=225,
309759015,Andrex Pure Care Washlets Toilet Tissue 36 Sheets,https://www.tesco.com/groceries/en-GB/shop/household/all?department=Toilet%20Roll&viewAll=department&page=,£1.75,£4.87/100sht,£1.00 Clubcard Price,,/groceries/en-GB/products/309759015,https://digitalcontent.api.tesco.com/v2/media/ghs/973235f9-440a-46b2-ac00-27b8f337b7aa/2ae334e4-1a2e-4baa-be88-ddf11dcb14e8_1070036876.jpeg?h=225&w=225,
305732767,Tesco Luxury Soft Coconut Oil 40 Flushable Wipes,https://www.tesco.com/groceries/en-GB/shop/household/all?department=Toilet%20Roll&viewAll=department&page=,£0.65,£1.63/100sht,,,/groceries/en-GB/products/305732767,https://digitalcontent.api.tesco.com/v2/media/ghs/4edf7717-40c5-4c7b-8144-0c4275d56003/a427ae77-7cef-4b8d-9489-5f96729428a2_1897935188.jpeg?h=225&w=225,
305730061,Tesco Luxury Soft Spring Fresh 40 Flushable Wipes,https://www.tesco.com/groceries/en-GB/shop/household/all?department=Toilet%20Roll&viewAll=department&page=,£0.65,£1.63/100sht,,,/groceries/en-GB/products/305730061,https://digitalcontent.api.tesco.com/v2/media/ghs/e7aaa9ec-97eb-49ef-9d13-6298e66ad741/bba86dfc-f23b-45f2-b7ce-d1652175f028_696154144.jpeg?h=225&w=225,
311442272,Nice 'N Clean Moist Toilet Tissue 40 Wipes,https://www.tesco.com/groceries/en-GB/shop/household/all?department=Toilet%20Roll&viewAll=department&page=,£2.00,£5.00/100sht,£1.25 Clubcard Price,,/groceries/en-GB/products/311442272,https://digitalcontent.api.tesco.com/v2/media/ghs/e5b346f2-35df-4089-8eae-67ab6d08750b/68f506f4-d532-46c0-bf99-0cc7a326c89d_793948565.jpeg?h=225&w=225,
305728871,Tesco Luxury Soft Sensitive 40 Flushable Wipes,https://www.tesco.com/groceries/en-GB/shop/household/all?department=Toilet%20Roll&viewAll=department&page=,£0.65,£1.63/100sht,,,/groceries/en-GB/products/305728871,https://digitalcontent.api.tesco.com/v2/media/ghs/ee9770cc-313c-4275-b1c3-dec4f7afbe13/2e184aac-6663-4b07-8211-fc76139d4def_996866615.jpeg?h=225&w=225,
305944361,Aria Essentials Toilet Tissue 6 Roll 400 Sheets,https://www.tesco.com/groceries/en-GB/shop/household/all?department=Toilet%20Roll&viewAll=department&page=,£1.93,£0.08/100sht,Aldi Price Match,,/groceries/en-GB/products/305944361,https://digitalcontent.api.tesco.com/v2/media/ghs/6f5f1fbf-1573-4aa8-992f-a06a4cea422b/2674dc33-7b05-4e6e-ab4e-ccacdaf008cd_1774816209.jpeg?h=225&w=225,
305942432,Kleenex Allergy Comfort Tissues 56 Sheets X 2,https://www.tesco.com/groceries/en-GB/shop/household/all?department=Facial%20Tissue%20%26%20Hand%20Wipes&viewAll=department&page=,£4.00,£3.58/100sht,,,/groceries/en-GB/products/305942432,https://digitalcontent.api.tesco.com/v2/media/ghs/db77493f-1f1d-4a66-bdbc-b8cb798bdd09/eb3fc68b-56dd-4fec-b513-0bbcb23379c8_279997412.jpeg?h=225&w=225,
302011709,Kleenex Extra Large Twin 90 Tissues,https://www.tesco.com/groceries/en-GB/shop/household/all?department=Facial%20Tissue%20%26%20Hand%20Wipes&viewAll=department&page=,£4.00,£2.23/100sht,,,/groceries/en-GB/products/302011709,https://digitalcontent.api.tesco.com/v2/media/ghs/4f64d021-3bed-4407-a6f7-f61f876bf3c6/446e476a-95d4-4d46-a29b-fa7c1b3e4f36_1729644683.jpeg?h=225&w=225,
296482344,Kleenex Mansize Compact Twin Pack 44Sheet,https://www.tesco.com/groceries/en-GB/shop/household/all?department=Facial%20Tissue%20%26%20Hand%20Wipes&viewAll=department&page=,£2.50,£2.85/100sht,,,/groceries/en-GB/products/296482344,https://digitalcontent.api.tesco.com/v2/media/ghs/bbefba8c-37e2-4c68-866c-bf19d0d2fde7/3bea1329-6bf3-48ba-948a-84322f9cb0a9_1471552780.jpeg?h=225&w=225,
301979395,Kleenex Ultra Soft Twin Pack Tissues 64S,https://www.tesco.com/groceries/en-GB/shop/household/all?department=Facial%20Tissue%20%26%20Hand%20Wipes&viewAll=department&page=,£3.50,£2.74/100sht,,,/groceries/en-GB/products/301979395,https://digitalcontent.api.tesco.com/v2/media/ghs/4b2ce5b9-e4d6-4a75-a4a1-e3a747c619a7/4dc2bff4-44b0-46b2-8ca6-cc3166301f53_182575512.jpeg?h=225&w=225,
271367168,Tesco Luxury Soft Balm Regular Tissues 80S,https://www.tesco.com/groceries/en-GB/shop/household/all?department=Facial%20Tissue%20%26%20Hand%20Wipes&viewAll=department&page=,£1.55,£1.94/100sht,,,/groceries/en-GB/products/271367168,https://digitalcontent.api.tesco.com/v2/media/ghs/20bfa7a4-de0d-4f1c-9f74-85d09777cb72/b300ffb9-ff14-48ea-9ac9-93429c563a6d_1433773158.jpeg?h=225&w=225,
301979435,Kleenex Balsam Twin Pack Tissues 64S,https://www.tesco.com/groceries/en-GB/shop/household/all?department=Facial%20Tissue%20%26%20Hand%20Wipes&viewAll=department&page=,£3.50,£2.74/100sht,,,/groceries/en-GB/products/301979435,https://digitalcontent.api.tesco.com/v2/media/ghs/9ed7edd0-8b0e-4637-9ad2-f610cd7e9960/4269c993-4d40-4db9-9b15-fc1bb119d9e0_970112601.jpeg?h=225&w=225,
302554487,Kleenex 40 Water Fresh Antibacterial Wet Wipes,https://www.tesco.com/groceries/en-GB/shop/household/all?department=Facial%20Tissue%20%26%20Hand%20Wipes&viewAll=department&page=,£2.00,£5.00/100sht,,,/groceries/en-GB/products/302554487,https://digitalcontent.api.tesco.com/v2/media/ghs/ff588599-0568-409f-a713-1148a2484515/32f89fda-26c8-4668-ba39-e9c8cfb62151_1112337576.jpeg?h=225&w=225,
310189817,Kleenex Balsam Extra Large Facial Tissues 40 Sheets,https://www.tesco.com/groceries/en-GB/shop/household/all?department=Facial%20Tissue%20%26%20Hand%20Wipes&viewAll=department&page=,£2.25,£5.63/100sht,,,/groceries/en-GB/products/310189817,https://digitalcontent.api.tesco.com/v2/media/ghs/c0a26a4e-3d93-475f-b0a3-8912064805e9/ad28aeec-1384-49f3-9bdd-640100ea838c_1786119236.jpeg?h=225&w=225,
312236555,Kleenex Ultra Soft Extra Large Facial Tissues 40 Sheets,https://www.tesco.com/groceries/en-GB/shop/household/all?department=Facial%20Tissue%20%26%20Hand%20Wipes&viewAll=department&page=,£2.25,£5.63/100sht,,,/groceries/en-GB/products/312236555,https://digitalcontent.api.tesco.com/v2/media/ghs/212ff94d-f86d-4ad8-8de6-b645fe46d60e/5c203467-b805-42d7-b6cc-10ae32389024_2050127510.jpeg?h=225&w=225,
308103972,"Kleenex Hygienic Hand Towels 3Ply 3Ply, 96 Sheets",https://www.tesco.com/groceries/en-GB/shop/household/all?department=Facial%20Tissue%20%26%20Hand%20Wipes&viewAll=department&page=,£3.00,£3.13/100sht,,,/groceries/en-GB/products/308103972,https://digitalcontent.api.tesco.com/v2/media/ghs/3bd84f24-ff6f-4e26-abfd-75c84ab4ff57/f4232e4e-df8b-482c-b49a-530ac6788a4c_2134928374.jpeg?h=225&w=225,
271374384,Tesco Luxury Soft Soft Regular 72'S,https://www.tesco.com/groceries/en-GB/shop/household/all?department=Facial%20Tissue%20%26%20Hand%20Wipes&viewAll=department&page=,£1.15,£1.60/100sht,,,/groceries/en-GB/products/271374384,https://digitalcontent.api.tesco.com/v2/media/ghs/7aaab2d0-17b7-4d5a-8f60-692c0f983cf8/9611d1fa-1c56-4cb7-83cf-36f534527dfa_845501201.jpeg?h=225&w=225,
309472843,Kleenex Ultra Soft Tissues 48 Sheets,https://www.tesco.com/groceries/en-GB/shop/household/all?department=Facial%20Tissue%20%26%20Hand%20Wipes&viewAll=department&page=,£2.25,£4.69/100sht,,,/groceries/en-GB/products/309472843,https://digitalcontent.api.tesco.com/v2/media/ghs/4c4e78d8-7200-435b-9648-3bc3909fe1c2/5823c656-b832-46fc-a2e8-fd8f6d77fff4_932273227.jpeg?h=225&w=225,
307154519,Cushelle Protect Antibacterial Tissues 10 Pack,https://www.tesco.com/groceries/en-GB/shop/household/all?department=Facial%20Tissue%20%26%20Hand%20Wipes&viewAll=department&page=,£2.15,£2.39/100sht,,,/groceries/en-GB/products/307154519,https://digitalcontent.api.tesco.com/v2/media/ghs/685c3384-892e-47cd-84db-9fd959ec982b/6298760b-65ce-4eaa-bbf0-bfc3c1dba378_1189179533.jpeg?h=225&w=225,
285767284,Kleenex Balsam Pocket Tissues 8 Pack 9S,https://www.tesco.com/groceries/en-GB/shop/household/all?department=Facial%20Tissue%20%26%20Hand%20Wipes&viewAll=department&page=,£2.00,£2.78/100sht,,,/groceries/en-GB/products/285767284,https://digitalcontent.api.tesco.com/v2/media/ghs/6963834e-bfcb-4081-8af7-8b0aee96377b/2ace3782-2cef-4070-bca4-ae4f59840362_1346413962.jpeg?h=225&w=225,
285811261,Tesco Tissue Cube 56X3ply,https://www.tesco.com/groceries/en-GB/shop/household/all?department=Facial%20Tissue%20%26%20Hand%20Wipes&viewAll=department&page=,£1.00,£1.79/100sht,,,/groceries/en-GB/products/285811261,https://digitalcontent.api.tesco.com/v2/media/ghs/cf6d1b89-12fa-44f9-b074-7bac3a0bc13c/11f71a4b-09a5-4cf8-ac55-044499850803_1840246042.jpeg?h=225&w=225,
309764924,Kleenex The Original Brand Tissues 2 Pack,https://www.tesco.com/groceries/en-GB/shop/household/all?department=Facial%20Tissue%20%26%20Hand%20Wipes&viewAll=department&page=,£2.25,£1.76/100sht,,,/groceries/en-GB/products/309764924,https://digitalcontent.api.tesco.com/v2/media/ghs/ad3b6677-1a1a-44e6-bd6d-ca3f41aaceca/57558b17-3a9e-4729-83a2-d0bb421686ba_808191188.jpeg?h=225&w=225,
305970254,Kleenex Allergy Comfort Water Fresh Wipes X40,https://www.tesco.com/groceries/en-GB/shop/household/all?department=Facial%20Tissue%20%26%20Hand%20Wipes&viewAll=department&page=,£2.00,£5.00/100sht,,,/groceries/en-GB/products/305970254,https://digitalcontent.api.tesco.com/v2/media/ghs/e3001f27-ecbf-418b-a401-8ab87df8884b/befdf2e2-0584-4650-a0df-037abfc8eeab_270111962.jpeg?h=225&w=225,
272022914,Tesco Luxury Soft Gentle Extra Large Tissues 100,https://www.tesco.com/groceries/en-GB/shop/household/all?department=Facial%20Tissue%20%26%20Hand%20Wipes&viewAll=department&page=,£1.55,£1.55/100sht,,,/groceries/en-GB/products/272022914,https://digitalcontent.api.tesco.com/v2/media/ghs/877aec14-5e48-47cd-8325-390b151a279f/316d60bd-1f3a-46e1-8260-467a6cfbf8de_2039361364.jpeg?h=225&w=225,
302489040,Tesco Eco Luxury Tissues 72 Sheets,https://www.tesco.com/groceries/en-GB/shop/household/all?department=Facial%20Tissue%20%26%20Hand%20Wipes&viewAll=department&page=,,,,,/groceries/en-GB/products/302489040,https://digitalcontent.api.tesco.com/v2/media/ghs/d4986cb6-fe93-4702-852c-034785435f89/013c8bf7-7cc4-496b-81c6-62b8a77a273c_1354742919.jpeg?h=225&w=225,This product's currently out of stock
305963827,Kleenex Water Fresh Wipes Antibacterial 12 Sheets,https://www.tesco.com/groceries/en-GB/shop/household/all?department=Facial%20Tissue%20%26%20Hand%20Wipes&viewAll=department&page=,£1.00,£8.34/100sht,,,/groceries/en-GB/products/305963827,https://digitalcontent.api.tesco.com/v2/media/ghs/8b86bbcb-0494-4d2b-b66f-df8ab11ec06a/2b2a34be-520e-4942-a739-c1c5b066c90a_2077755161.jpeg?h=225&w=225,
302554464,Kleenex 12 Water Fresh Antibacterial Wet Wipes,https://www.tesco.com/groceries/en-GB/shop/household/all?department=Facial%20Tissue%20%26%20Hand%20Wipes&viewAll=department&page=,,,,,/groceries/en-GB/products/302554464,https://digitalcontent.api.tesco.com/v2/media/ghs/57dea18d-01d5-49d8-a736-e6db7b431c04/e16f2c36-b902-49b0-8fdb-0f4ca1803a4c_1773269040.jpeg?h=225&w=225,This product's currently out of stock
309762517,Kleenex Take A Moment Tissues 48 Sheets,https://www.tesco.com/groceries/en-GB/shop/household/all?department=Facial%20Tissue%20%26%20Hand%20Wipes&viewAll=department&page=,£1.00,£2.09/100sht,,,/groceries/en-GB/products/309762517,https://digitalcontent.api.tesco.com/v2/media/ghs/abd6d0d1-69d6-4f1d-a0f0-5bcd633d2926/eebc4e89-29a9-454c-99aa-d720c07270ed_1108817403.jpeg?h=225&w=225,
305038938,Kleenex Tissues Collection 6 Pocket Packs,https://www.tesco.com/groceries/en-GB/shop/household/all?department=Facial%20Tissue%20%26%20Hand%20Wipes&viewAll=department&page=,£1.00,£1.86/100sht,,,/groceries/en-GB/products/305038938,,
294958649,Tesco Soft Pocket Tissues 8 Pack,https://www.tesco.com/groceries/en-GB/shop/household/all?department=Facial%20Tissue%20%26%20Hand%20Wipes&viewAll=department&page=,£1.00,£1.39/100sht,,,/groceries/en-GB/products/294958649,,
294958661,Tesco Balm Pocket Tissues 8 Pack,https://www.tesco.com/groceries/en-GB/shop/household/all?department=Facial%20Tissue%20%26%20Hand%20Wipes&viewAll=department&page=,£1.05,£1.46/100sht,,,/groceries/en-GB/products/294958661,https://digitalcontent.api.tesco.com/v2/media/ghs/d94f572b-daa4-4e1e-9f9b-864cd0dea086/eacf585d-1e5a-4015-9ec8-ef66ca185469_1110818015.jpeg?h=225&w=225,
302293639,Kleenex Original Pocket Pack Tissues 6 Pack,https://www.tesco.com/groceries/en-GB/shop/household/all?department=Facial%20Tissue%20%26%20Hand%20Wipes&viewAll=department&page=,£1.00,£1.86/100sht,,,/groceries/en-GB/products/302293639,https://digitalcontent.api.tesco.com/v2/media/ghs/0d38f246-c93d-4954-8f21-7a52d0eed761/4c16ac51-e4fd-4628-a536-3c6efc466c4e_1963567783.jpeg?h=225&w=225,
299160398,Mr Muscle Max Gel Unblocker 1000Ml,https://www.tesco.com/groceries/en-GB/shop/household/all?department=Cleaning&viewAll=department&page=,£4.00,£4.00/litre,2 for £6 Clubcard Price - Mr Muscle Max Gel Unblocker 1000 Ml,,/groceries/en-GB/products/299160398,https://digitalcontent.api.tesco.com/v2/media/ghs/cea7450b-a51c-4ddc-abf2-b5484c8b94b3/b77b7bc9-63d3-42c1-a912-f1171d205cb1_2136243828.jpeg?h=225&w=225,
250360288,Marigold Extra Life Gloves Kitchen Medium,https://www.tesco.com/groceries/en-GB/shop/household/all?department=Cleaning&viewAll=department&page=,£2.60,£2.60/Pair,,,/groceries/en-GB/products/250360288,https://digitalcontent.api.tesco.com/v2/media/ghs/e12116e8-ab14-43c9-b554-eec111efddca/cb8918a9-b761-4cb8-a49b-0c9449481b0b_962835357.jpeg?h=225&w=225,
274484214,Tesco Citrus Antibacterial Wipes 120S,https://www.tesco.com/groceries/en-GB/shop/household/all?department=Cleaning&viewAll=department&page=,£2.25,£1.88/100sht,,,/groceries/en-GB/products/274484214,https://digitalcontent.api.tesco.com/v2/media/ghs/86bc29ea-9dde-4f4f-953b-33f2da5fe184/4959c9f1-2d0d-4efb-89c7-20e0ed08c18a_1090639748.jpeg?h=225&w=225,
259550493,Harpic Power Plus Max Toilet Cleaner Citrus 750Ml,https://www.tesco.com/groceries/en-GB/shop/household/all?department=Cleaning&viewAll=department&page=,£1.65,£2.20/litre,,,/groceries/en-GB/products/259550493,https://digitalcontent.api.tesco.com/v2/media/ghs/eb2f5436-a7f6-4b31-a3af-58bb2860994f/ac06219a-4990-40fd-8d27-e6ee8e02250c_1021876942.jpeg?h=225&w=225,
252675391,Viakal Bathroom Limescale Remover Spray 500Ml,https://www.tesco.com/groceries/en-GB/shop/household/all?department=Cleaning&viewAll=department&page=,£2.50,£5.00/litre,,,/groceries/en-GB/products/252675391,https://digitalcontent.api.tesco.com/v2/media/ghs/ee434dee-8aad-4c5d-9f85-9f29ef5b2122/b181aadc-48be-48dd-a9d8-56449adc55c8_274132109.jpeg?h=225&w=225,
311680997,Tesco Antibacterial Biodegradable Floor Wipes Lemon 25'S,https://www.tesco.com/groceries/en-GB/shop/household/all?department=Cleaning&viewAll=department&page=,£1.50,£6.00/100sht,,,/groceries/en-GB/products/311680997,https://digitalcontent.api.tesco.com/v2/media/ghs/654e7fb3-ef89-4a4c-a7ee-9c008f8e6dda/e7206011-f2b5-4878-adf6-10a028d75577_578254031.jpeg?h=225&w=225,
311693509,Tesco Antibacterial Biodegradable Floor Wipes Apple 25'S,https://www.tesco.com/groceries/en-GB/shop/household/all?department=Cleaning&viewAll=department&page=,£1.50,£6.00/100sht,,,/groceries/en-GB/products/311693509,https://digitalcontent.api.tesco.com/v2/media/ghs/7cb0e43a-e4cd-499e-89ae-41d095677106/9ac45044-2371-4cf6-b9c7-f9b695d34d6b_1224822153.jpeg?h=225&w=225,
267318786,Spontex Washups Value 4 Pack,https://www.tesco.com/groceries/en-GB/shop/household/all?department=Cleaning&viewAll=department&page=,£1.45,£0.36/each,,,/groceries/en-GB/products/267318786,https://digitalcontent.api.tesco.com/v2/media/ghs/7589d83c-a8ba-433d-b43e-6d612924eab5/e6ee6321-b03a-4b30-8f1e-5cc36913b053_1354310833.jpeg?h=225&w=225,
258203797,Harpic Limescale Remover Original Toilet Cleaner 750 Ml,https://www.tesco.com/groceries/en-GB/shop/household/all?department=Cleaning&viewAll=department&page=,£1.50,£2.00/litre,,,/groceries/en-GB/products/258203797,https://digitalcontent.api.tesco.com/v2/media/ghs/3e2a029d-4fce-41b5-b789-1b0b9121a6c9/1c155e50-53ed-406a-a3f5-3b86f8a01e1a_1890975061.jpeg?h=225&w=225,
304404357,Dettol Surface Cleanser Wipes 72S,https://www.tesco.com/groceries/en-GB/shop/household/all?department=Cleaning&viewAll=department&page=,£2.00,£2.78/100sht,,,/groceries/en-GB/products/304404357,https://digitalcontent.api.tesco.com/v2/media/ghs/0a590d92-3944-4e12-af45-cdf4ff5dbf63/079e8ad7-3f1e-4693-b935-f6d688581782_813666829.jpeg?h=225&w=225,
307353596,Bloo Power Active Lemon Toilet Rim Block 2X50g,https://www.tesco.com/groceries/en-GB/shop/household/all?department=Cleaning&viewAll=department&page=,£2.50,£25.00/kg,,,/groceries/en-GB/products/307353596,https://digitalcontent.api.tesco.com/v2/media/ghs/887d9b26-e5ea-40e4-a0af-a7271ea72e69/c403e8a1-6adc-477d-9393-5f11bcab7051_368850027.jpeg?h=225&w=225,
299160559,Bloo Power Activ Flowers Rim Block 2X50g,https://www.tesco.com/groceries/en-GB/shop/household/all?department=Cleaning&viewAll=department&page=,£2.50,£25.00/kg,,,/groceries/en-GB/products/299160559,https://digitalcontent.api.tesco.com/v2/media/ghs/b29e6ada-c4dd-469f-bbf7-98e55fd0489f/4a966e1a-1db4-4261-a438-842cbe48d5df_176779244.jpeg?h=225&w=225,
291512894,Domestos Power 5 Rim Block Ocean 55G,https://www.tesco.com/groceries/en-GB/shop/household/all?department=Cleaning&viewAll=department&page=,£1.20,£21.82/kg,,,/groceries/en-GB/products/291512894,https://digitalcontent.api.tesco.com/v2/media/ghs/e0bfee4c-7af3-466a-8c95-021bbd001e25/7e1b9069-afc2-4224-abd8-b57104a6abc0_549431107.jpeg?h=225&w=225,
291512744,Domestos Power 5 Rim Block Lime 55G,https://www.tesco.com/groceries/en-GB/shop/household/all?department=Cleaning&viewAll=department&page=,£1.20,£21.82/kg,,,/groceries/en-GB/products/291512744,https://digitalcontent.api.tesco.com/v2/media/ghs/1381b926-fb1c-42a7-b9a6-08133c3fb47c/de9ce004-e9be-4b09-a39e-6f3111a3fa22_884921323.jpeg?h=225&w=225,
257942614,Bloo Acticlean Original Twinpack,https://www.tesco.com/groceries/en-GB/shop/household/all?department=Cleaning&viewAll=department&page=,£1.50,£19.74/kg,,,/groceries/en-GB/products/257942614,https://digitalcontent.api.tesco.com/v2/media/ghs/b50be5d3-6f91-4de8-9c6b-6946c863d994/176a209e-4f37-47bb-b1ae-2bd014581a24_1809610899.jpeg?h=225&w=225,
255331102,Tesco Non-Scratch Sponge Pan Cleaners 6 Pack,https://www.tesco.com/groceries/en-GB/shop/household/all?department=Cleaning&viewAll=department&page=,£1.05,£0.18/each,,,/groceries/en-GB/products/255331102,https://digitalcontent.api.tesco.com/v2/media/ghs/099579c2-7b36-42d0-98e7-ce0021fbe18a/37e82112-6002-40ab-aba2-72ccb75fe5c9.jpeg?h=225&w=225,
255279694,Tesco Thick Disinfectant Pine 1 Litre,https://www.tesco.com/groceries/en-GB/shop/household/all?department=Cleaning&viewAll=department&page=,£1.30,£1.30/litre,,,/groceries/en-GB/products/255279694,https://digitalcontent.api.tesco.com/v2/media/ghs/ac2d3920-150a-469c-9016-81b6134c7f9a/7fad550c-fc02-4e71-b097-ec108f710f82_147941398.jpeg?h=225&w=225,
312580083,Flash Cleaning Spray With Bleach Eucalyptus Scent 800Ml,https://www.tesco.com/groceries/en-GB/shop/household/all?department=Cleaning&viewAll=department&page=,£2.00,£2.50/litre,,,/groceries/en-GB/products/312580083,https://digitalcontent.api.tesco.com/v2/media/ghs/d7b7a47d-030f-4c50-bce7-0cb797cbfa09/08b25b9d-3453-412f-b31d-fe9e62d31c77_1827711770.jpeg?h=225&w=225,
264843462,Dettol Surface Cleanser Antibacterial Spray 750 Ml,https://www.tesco.com/groceries/en-GB/shop/household/all?department=Cleaning&viewAll=department&page=,£1.50,£2.00/litre,,,/groceries/en-GB/products/264843462,https://digitalcontent.api.tesco.com/v2/media/ghs/d1deb31b-be8f-45a2-a010-4b9f17301f21/1d1248fc-b16a-451c-8ec6-80ca22184479_1132955218.jpeg?h=225&w=225,
305843682,Cif Floor Ocean 950Ml,https://www.tesco.com/groceries/en-GB/shop/household/all?department=Cleaning&viewAll=department&page=,£1.50,£1.58/litre,,,/groceries/en-GB/products/305843682,https://digitalcontent.api.tesco.com/v2/media/ghs/dc194972-a222-4245-a659-b34e23dcb87d/7a31ff1e-1eb1-476b-9613-bc29b454c9b8_875113172.jpeg?h=225&w=225,
260305530,Tesco Citrus Antibacterial Wipes 40 Wipes,https://www.tesco.com/groceries/en-GB/shop/household/all?department=Cleaning&viewAll=department&page=,£0.80,£2.00/100sht,,,/groceries/en-GB/products/260305530,https://digitalcontent.api.tesco.com/v2/media/ghs/4358a386-a9e2-4073-8187-416eca5e5656/c5aa32ef-673b-41c7-a75b-5a1269bd2fe3_589587094.jpeg?h=225&w=225,
270887585,Tesco Toilet Wipes 40 Pack Blue Fresh,https://www.tesco.com/groceries/en-GB/shop/household/all?department=Cleaning&viewAll=department&page=,£1.00,£2.50/100sht,,,/groceries/en-GB/products/270887585,https://digitalcontent.api.tesco.com/v2/media/ghs/e99faa38-5844-46ca-b8b0-b6406d301638/0f4bde6d-d2ff-4dc7-a3dc-74b50ce4902f_1649978769.jpeg?h=225&w=225,
285021487,Tesco Cotton Fresh All Purpose Cleaner Cleaner 1 Litre,https://www.tesco.com/groceries/en-GB/shop/household/all?department=Cleaning&viewAll=department&page=,£1.25,£1.25/litre,,,/groceries/en-GB/products/285021487,https://digitalcontent.api.tesco.com/v2/media/ghs/d781d8b7-0a90-4338-87f6-f359a100e1cd/0285c0d1-e5f3-4921-be54-4028af2c0e34_198767518.jpeg?h=225&w=225,
312343514,Flash All Purpose Liquid Crisp Lemons Floor Cleaner 1.2L,https://www.tesco.com/groceries/en-GB/shop/household/all?department=Cleaning&viewAll=department&page=,£2.00,£1.67/litre,,,/groceries/en-GB/products/312343514,https://digitalcontent.api.tesco.com/v2/media/ghs/5791313c-bd33-40df-b97b-e19e676d9d3e/3f874305-fe1d-4121-89da-77f0cf9ef07c_1881967691.jpeg?h=225&w=225,
255284946,Tesco All Purpose Cloths 10 Pack,https://www.tesco.com/groceries/en-GB/shop/household/all?department=Cleaning&viewAll=department&page=,£1.25,£0.12/each,,,/groceries/en-GB/products/255284946,https://digitalcontent.api.tesco.com/v2/media/ghs/8426eeac-e9fa-4d53-a6ba-1b16ca745e61/c33d44bc-9229-43e1-a3fd-1c34ceb77639_802911742.jpeg?h=225&w=225,
268043953,Tesco Original Multi Surface Wipes 40'S,https://www.tesco.com/groceries/en-GB/shop/household/all?department=Cleaning&viewAll=department&page=,£0.80,£2.00/100sht,,,/groceries/en-GB/products/268043953,https://digitalcontent.api.tesco.com/v2/media/ghs/32f9b51d-1d89-4006-9143-91e546ac3925/7245c2b0-1369-4284-9071-e8eede5d262d_984623061.jpeg?h=225&w=225,
270887734,Tesco Antibacterial Multi Surface Wipes Apple 40 Pack,https://www.tesco.com/groceries/en-GB/shop/household/all?department=Cleaning&viewAll=department&page=,£0.80,£2.00/100sht,,,/groceries/en-GB/products/270887734,https://digitalcontent.api.tesco.com/v2/media/ghs/e05b726b-55f4-488a-8052-ed371d8d23ab/60635685-a94e-44ab-995a-c7c1241d8b34_648874198.jpeg?h=225&w=225,
278608720,Domestos Ultra White & Sparkle Bleach 750Ml,https://www.tesco.com/groceries/en-GB/shop/household/all?department=Cleaning&viewAll=department&page=,£1.15,£1.54/litre,,,/groceries/en-GB/products/278608720,https://digitalcontent.api.tesco.com/v2/media/ghs/da6eecb0-1fe4-4dd9-b6d7-53ba531a7cba/3fd41dfb-f067-4281-acf5-4d19b5ab7e3b_820017814.jpeg?h=225&w=225,
274621652,Pledge 5In1 Wood Classic 250Ml,https://www.tesco.com/groceries/en-GB/shop/household/all?department=Cleaning&viewAll=department&page=,£1.25,£5.00/litre,,,/groceries/en-GB/products/274621652,https://digitalcontent.api.tesco.com/v2/media/ghs/2c13b522-1d94-42f3-8b2e-cbaff57c1535/df8d6b33-53a6-42a6-bc09-c8bd3336d383_137523749.jpeg?h=225&w=225,
257259605,Domestos Original Bleach 750Ml,https://www.tesco.com/groceries/en-GB/shop/household/all?department=Cleaning&viewAll=department&page=,£1.15,£1.54/litre,,,/groceries/en-GB/products/257259605,https://digitalcontent.api.tesco.com/v2/media/ghs/03f35633-3f7b-4860-9303-f47faec20dd7/d51eb05e-d39b-4335-a2c9-c4c1c3cf1625_1246694423.jpeg?h=225&w=225,
255280904,Cif Cream Lemon Fresh 500Ml,https://www.tesco.com/groceries/en-GB/shop/household/all?department=Cleaning&viewAll=department&page=,£1.25,£2.50/litre,,,/groceries/en-GB/products/255280904,https://digitalcontent.api.tesco.com/v2/media/ghs/dd1b46c0-a25b-46c8-a21c-910c9a7ae9f6/0d5e4108-e40b-44d3-816b-27cfb66f09e8_701640527.jpeg?h=225&w=225,
274621600,Pledge Multi Surface Cleaner Jasmine 250Ml,https://www.tesco.com/groceries/en-GB/shop/household/all?department=Cleaning&viewAll=department&page=,£1.25,£5.00/litre,,,/groceries/en-GB/products/274621600,https://digitalcontent.api.tesco.com/v2/media/ghs/571a1fe3-191c-4ee2-94aa-ee1e681c848a/d830b570-c028-47b4-b2a6-32b9b99f0cc1_1274389802.jpeg?h=225&w=225,
253374987,Domestos Citrus Bleach 750Ml,https://www.tesco.com/groceries/en-GB/shop/household/all?department=Cleaning&viewAll=department&page=,£1.15,£1.54/litre,,,/groceries/en-GB/products/253374987,https://digitalcontent.api.tesco.com/v2/media/ghs/575e98ce-909d-47a8-8ba1-dd0a4aa19d6b/d131068a-eb57-4193-9fd8-4fb1a1f25498_63333954.jpeg?h=225&w=225,
257415415,Domestos Pink Bleach 750Ml,https://www.tesco.com/groceries/en-GB/shop/household/all?department=Cleaning&viewAll=department&page=,£1.15,£1.54/litre,,,/groceries/en-GB/products/257415415,https://digitalcontent.api.tesco.com/v2/media/ghs/672974d0-f013-45ac-955f-1933552ab286/26df653c-6857-4d83-9042-5eca14c0ba25_1675138732.jpeg?h=225&w=225,
296923152,Duck Deep Action Gel Pine 750Ml,https://www.tesco.com/groceries/en-GB/shop/household/all?department=Cleaning&viewAll=department&page=,£1.00,£1.34/litre,,,/groceries/en-GB/products/296923152,https://digitalcontent.api.tesco.com/v2/media/ghs/90daaebd-d27a-4f0a-84fd-44d0fb518237/b7f5bb1f-9f94-4603-bf1e-4caf1f5739c6_385153562.jpeg?h=225&w=225,
296923175,Duck Deep Action Gel Marine 750Ml,https://www.tesco.com/groceries/en-GB/shop/household/all?department=Cleaning&viewAll=department&page=,£1.00,£1.34/litre,,,/groceries/en-GB/products/296923175,https://digitalcontent.api.tesco.com/v2/media/ghs/9a915f55-0c0c-4836-b885-afe53d4a592f/47c24163-7a55-4634-a050-58ae074af3ed_1589001745.jpeg?h=225&w=225,
311691402,Tesco Active Toilet Cistern Block 3X45g,https://www.tesco.com/groceries/en-GB/shop/household/all?department=Cleaning&viewAll=department&page=,£1.00,£0.74/100g,,New,/groceries/en-GB/products/311691402,https://digitalcontent.api.tesco.com/v2/media/ghs/701308e1-887c-4622-81a9-47c0cfc04beb/2e8e3d1b-501a-4d76-960d-e28750acb677_1179355729.jpeg?h=225&w=225,
310685417,Duck Toilet Cleaner Floral Moon 750Ml,https://www.tesco.com/groceries/en-GB/shop/household/all?department=Cleaning&viewAll=department&page=,£1.00,£1.34/litre,,,/groceries/en-GB/products/310685417,https://digitalcontent.api.tesco.com/v2/media/ghs/ffeabfc4-605b-4f37-8565-12b5fb757633/fdd57a57-b577-4899-a168-dbf8fe2e3e42_1015238611.jpeg?h=225&w=225,
304398530,Tesco Antibacterial Bathroom Surface Cleaner Spray 750Ml,https://www.tesco.com/groceries/en-GB/shop/household/all?department=Cleaning&viewAll=department&page=,£0.95,£1.27/litre,,,/groceries/en-GB/products/304398530,https://digitalcontent.api.tesco.com/v2/media/ghs/c2b42c68-fcfe-4770-bf27-c88142bc324d/d4818194-1b6a-4aef-a9e5-7269262a7412_1183124123.jpeg?h=225&w=225,
304784891,Tesco Antibacterial Kitchen Cleaner With Bleach 750Ml,https://www.tesco.com/groceries/en-GB/shop/household/all?department=Cleaning&viewAll=department&page=,£0.95,£1.27/litre,,,/groceries/en-GB/products/304784891,https://digitalcontent.api.tesco.com/v2/media/ghs/2936b7df-780b-40ec-87c7-bed6cbada340/be443a37-bf89-432e-9411-e989b5f21ca0_556992034.jpeg?h=225&w=225,
304787922,Tesco Antibacterial Cleaning Spray Apple 750Ml,https://www.tesco.com/groceries/en-GB/shop/household/all?department=Cleaning&viewAll=department&page=,£0.95,£1.27/litre,,,/groceries/en-GB/products/304787922,https://digitalcontent.api.tesco.com/v2/media/ghs/e31b4a8b-c992-4419-87ac-be039c82437e/566a0d4d-f552-487b-ab5e-23abfc05f78c_1040240086.jpeg?h=225&w=225,
312362226,Clean & Fresh Citrus Burst Thick Bleach 750Ml,https://www.tesco.com/groceries/en-GB/shop/household/all?department=Cleaning&viewAll=department&page=,£0.55,£0.73/litre,,,/groceries/en-GB/products/312362226,https://digitalcontent.api.tesco.com/v2/media/ghs/2e50e53c-254c-4f37-9801-f84365d8ed58/snapshotimagehandler_2132491285.jpeg?h=225&w=225,
257841394,Tesco Thick Bleach Citrus 750Ml,https://www.tesco.com/groceries/en-GB/shop/household/all?department=Cleaning&viewAll=department&page=,£0.60,£0.80/litre,Aldi Price Match,,/groceries/en-GB/products/257841394,https://digitalcontent.api.tesco.com/v2/media/ghs/bb194f7b-0104-4290-bebe-d2f82df0be3a/3428a166-fb95-44ff-a4e3-34bec9936cfc_636771986.jpeg?h=225&w=225,
257335642,Tesco Thick Bleach Fresh 750Ml,https://www.tesco.com/groceries/en-GB/shop/household/all?department=Cleaning&viewAll=department&page=,£0.60,£0.80/litre,Aldi Price Match,,/groceries/en-GB/products/257335642,https://digitalcontent.api.tesco.com/v2/media/ghs/a7e005df-fa8d-4c68-a8eb-6b42141d5f5b/d573328b-62ce-4c8e-8a2c-f5ed1cd055de_934689371.jpeg?h=225&w=225,
301737250,Springforce Sponge Scourers 8 Pack,https://www.tesco.com/groceries/en-GB/shop/household/all?department=Cleaning&viewAll=department&page=,£0.43,£0.05/each,,,/groceries/en-GB/products/301737250,https://digitalcontent.api.tesco.com/v2/media/ghs/f73271cb-2530-4155-96d4-fd55e9039dfd/e02fa7d8-22c7-482f-9c2b-13bad89945ac_167815566.jpeg?h=225&w=225,
250084367,Tesco Thick Bleach Citrus 2 Litre Bigger Pack Better Value,https://www.tesco.com/groceries/en-GB/shop/household/all?department=Cleaning&viewAll=department&page=,£0.99,£0.50/litre,Aldi Price Match,,/groceries/en-GB/products/250084367,https://digitalcontent.api.tesco.com/v2/media/ghs/6a8c236a-d5b2-4b43-aa48-ff5a74f36409/9d30698f-c756-47c8-ab40-1c3921926a2b_863082475.jpeg?h=225&w=225,
253399779,Tesco Active Toilet Gel Citrus 750Ml,https://www.tesco.com/groceries/en-GB/shop/household/all?department=Cleaning&viewAll=department&page=,£0.45,£0.60/litre,Aldi Price Match,,/groceries/en-GB/products/253399779,https://digitalcontent.api.tesco.com/v2/media/ghs/db536601-f628-41cb-b74e-35ed249c916c/dfee21d1-db56-4a17-bfb8-780189f3c920_713137676.jpeg?h=225&w=225,
253399612,Tesco Active Gel Fresh 750Ml,https://www.tesco.com/groceries/en-GB/shop/household/all?department=Cleaning&viewAll=department&page=,£0.45,£0.60/litre,Aldi Price Match,,/groceries/en-GB/products/253399612,https://digitalcontent.api.tesco.com/v2/media/ghs/25101e5e-cff5-4062-8cf1-1980626a2346/00164e5c-aeea-4756-98b2-4b694c98862c_2019936397.jpeg?h=225&w=225,
308868066,Flash Speed Mop Refill Pads 12 Pads,https://www.tesco.com/groceries/en-GB/shop/household/all?department=Cleaning&viewAll=department&page=,£3.95,£0.33/each,,,/groceries/en-GB/products/308868066,https://digitalcontent.api.tesco.com/v2/media/ghs/46c5d1cc-e48f-48a0-b335-fc0c38dd6a89/ca3aca33-783e-481a-83fc-e97631d1d557_1310015054.jpeg?h=225&w=225,
250360501,Marigold Extra Life Gloves Kitchen Large,https://www.tesco.com/groceries/en-GB/shop/household/all?department=Cleaning&viewAll=department&page=,£2.60,£2.60/Pair,,,/groceries/en-GB/products/250360501,https://digitalcontent.api.tesco.com/v2/media/ghs/6369e0e6-e2df-4ef7-965c-f14cdd527a00/7799f9e0-58dc-4e91-a0d4-ab7f8527860b_1500464316.jpeg?h=225&w=225,
287756553,Dettol Antibacterial Cleansing Surface Wipes 126S,https://www.tesco.com/groceries/en-GB/shop/household/all?department=Cleaning&viewAll=department&page=,£3.45,£2.74/100sht,,,/groceries/en-GB/products/287756553,https://digitalcontent.api.tesco.com/v2/media/ghs/d1155e02-bdc6-4638-8f1e-e8d0e0f664eb/29ea91f1-2de6-433c-a4ed-8434b2d323e2_868852220.jpeg?h=225&w=225,
251590774,Mr Muscle Sink & Plug Drain Gel 500Ml,https://www.tesco.com/groceries/en-GB/shop/household/all?department=Cleaning&viewAll=department&page=,£3.25,£6.50/litre,,,/groceries/en-GB/products/251590774,https://digitalcontent.api.tesco.com/v2/media/ghs/60a8e3df-1c29-4203-a63d-353a9115e760/588a8559-11cd-43d9-8072-d7efd98f62e8_691438227.jpeg?h=225&w=225,
278418870,Tesco Sink & Drain Unblocker 500Ml,https://www.tesco.com/groceries/en-GB/shop/household/all?department=Cleaning&viewAll=department&page=,£2.25,£4.50/litre,,,/groceries/en-GB/products/278418870,https://digitalcontent.api.tesco.com/v2/media/ghs/2e2a20cb-8c65-42c8-9bea-425a1472431c/bc2ffda2-642a-4cb4-b1ee-515a92130c52_1885418749.jpeg?h=225&w=225,
299258940,Dettol Big & Strong Kitchen Wipes 25S,https://www.tesco.com/groceries/en-GB/shop/household/all?department=Cleaning&viewAll=department&page=,£2.50,£10.00/100sht,£2.00 Clubcard Price,,/groceries/en-GB/products/299258940,https://digitalcontent.api.tesco.com/v2/media/ghs/37d347c7-3ff9-48ef-bb7b-b7f4725890e9/cd476cd9-a37c-4d2b-8406-e18b8ea2a025_1571637813.jpeg?h=225&w=225,
264514881,Dettol Antibacterial Mould & Mildew Remover Spray 750Ml,https://www.tesco.com/groceries/en-GB/shop/household/all?department=Cleaning&viewAll=department&page=,£3.50,£4.67/litre,,,/groceries/en-GB/products/264514881,https://digitalcontent.api.tesco.com/v2/media/ghs/c4bb4ae6-905e-42d8-b5d3-2f82e5b5023d/339f0cc6-c626-4c12-944b-0d61de0d46cb_1766882676.jpeg?h=225&w=225,
299258928,Dettol Big & Strong Bathroom Wipes 25S,https://www.tesco.com/groceries/en-GB/shop/household/all?department=Cleaning&viewAll=department&page=,£2.50,£10.00/100sht,£2.00 Clubcard Price,,/groceries/en-GB/products/299258928,https://digitalcontent.api.tesco.com/v2/media/ghs/3730e34e-0d4a-4859-9223-0db88ecd70ab/56a00b5d-28d4-4f81-bcd3-624537ce8485_1635462639.jpeg?h=225&w=225,
281815758,Cillit Bang Power Cleaner Black Mould Remover Spray 750 Ml,https://www.tesco.com/groceries/en-GB/shop/household/all?department=Cleaning&viewAll=department&page=,£3.65,£4.87/litre,,,/groceries/en-GB/products/281815758,https://digitalcontent.api.tesco.com/v2/media/ghs/310fd6d4-8b59-492c-b938-d8527953616a/eebb114d-3a11-47dd-a580-88de498c0a83_1304959844.jpeg?h=225&w=225,
311667737,Tesco Antibacterial Multi Surface 120 Wipes Apple,https://www.tesco.com/groceries/en-GB/shop/household/all?department=Cleaning&viewAll=department&page=,£2.25,£1.88/100sht,,,/groceries/en-GB/products/311667737,https://digitalcontent.api.tesco.com/v2/media/ghs/8a312378-c606-4a42-ab79-8c2c876518dc/3bca287d-89da-4640-938a-9cb765c14e61_1911309947.jpeg?h=225&w=225,
255284917,Tesco All Purpose Cloths 25 Pack,https://www.tesco.com/groceries/en-GB/shop/household/all?department=Cleaning&viewAll=department&page=,£2.50,£0.10/each,,,/groceries/en-GB/products/255284917,https://digitalcontent.api.tesco.com/v2/media/ghs/5d51a3e0-eba8-43a5-a7c5-66ea10864c60/f1745113-6c7e-42f7-a001-cdd6fcf62377_358421174.jpeg?h=225&w=225,
261811770,Tesco Round Dish Brush Platinum,https://www.tesco.com/groceries/en-GB/shop/household/all?department=Cleaning&viewAll=department&page=,£1.50,£1.50/each,,,/groceries/en-GB/products/261811770,https://digitalcontent.api.tesco.com/v2/media/ghs/cd59d389-0187-4918-8b42-0d9a8d492a68/a7ab39c3-3821-43ac-8023-30ad56cef717_150216185.jpeg?h=225&w=225,
263403403,Spontex Tough Scourers 4 Pack,https://www.tesco.com/groceries/en-GB/shop/household/all?department=Cleaning&viewAll=department&page=,£1.95,£0.49/each,,,/groceries/en-GB/products/263403403,https://digitalcontent.api.tesco.com/v2/media/ghs/6b1bbc11-e6d5-4ce8-9fd1-757c07b92c93/915fd97e-7b38-4224-b277-5df6927ea00b_1628926481.jpeg?h=225&w=225,
251904036,Spontex Easy Sponge Scourers 2 Pack,https://www.tesco.com/groceries/en-GB/shop/household/all?department=Cleaning&viewAll=department&page=,£1.60,£0.80/each,,,/groceries/en-GB/products/251904036,https://digitalcontent.api.tesco.com/v2/media/ghs/bd6203d1-4c02-43d4-b22a-977ec42bd0fa/b00231a6-553a-4c11-bf98-f715127e0d58_960539910.jpeg?h=225&w=225,
294937346,Tesco 4 Large Cleaning Cloths,https://www.tesco.com/groceries/en-GB/shop/household/all?department=Cleaning&viewAll=department&page=,£1.55,£0.39/each,,,/groceries/en-GB/products/294937346,https://digitalcontent.api.tesco.com/v2/media/ghs/ebd5da71-5b40-4350-bccc-73e86694d2ab/edf26236-b40a-43c6-bc3a-85a94e5f88fc_622422602.jpeg?h=225&w=225,
255309153,Tesco Dish Cloth 4 Pack,https://www.tesco.com/groceries/en-GB/shop/household/all?department=Cleaning&viewAll=department&page=,£1.60,£0.40/each,,,/groceries/en-GB/products/255309153,https://digitalcontent.api.tesco.com/v2/media/ghs/44d7a73f-df86-4dff-90ce-dbc420978f04/47769ef1-1e15-41eb-ad35-e99bb0d609f4_1200719732.jpeg?h=225&w=225,
255280109,Dettol Antiseptic Disinfectant Liquid 750 Ml,https://www.tesco.com/groceries/en-GB/shop/household/all?department=Cleaning&viewAll=department&page=,£3.50,£4.67/litre,,,/groceries/en-GB/products/255280109,https://digitalcontent.api.tesco.com/v2/media/ghs/3fba4d01-0482-4f0e-a5bf-7561beb7b544/26a66c83-58a6-4f32-93dd-41b1d6d2bff4_448264379.jpeg?h=225&w=225,
250364658,Tesco Dishwashing Rubber Gloves Medium,https://www.tesco.com/groceries/en-GB/shop/household/all?department=Cleaning&viewAll=department&page=,£1.20,£1.20/Pair,,,/groceries/en-GB/products/250364658,https://digitalcontent.api.tesco.com/v2/media/ghs/c0c145c5-500c-43f3-b244-13e930c5e9dc/5fbb4a4f-4159-488e-ad8a-f14508c33f3a_1919693209.jpeg?h=225&w=225,
291547075,Viakal Limescale Spray With Febreeze 500Ml,https://www.tesco.com/groceries/en-GB/shop/household/all?department=Cleaning&viewAll=department&page=,£2.50,£5.00/litre,,,/groceries/en-GB/products/291547075,https://digitalcontent.api.tesco.com/v2/media/ghs/d214da44-3a13-4b55-9ab3-6ad393c33a8e/ff56d60a-2be3-4657-bab1-d6ddc376262a_996775380.jpeg?h=225&w=225,
260332445,Tesco Sponge Cloths 4 Pack,https://www.tesco.com/groceries/en-GB/shop/household/all?department=Cleaning&viewAll=department&page=,£1.40,£0.35/each,,,/groceries/en-GB/products/260332445,https://digitalcontent.api.tesco.com/v2/media/ghs/210c965b-c757-4c08-bf75-4e80cd3eef23/d9d309e5-c970-4866-a159-bc61beef5e7e_610836100.jpeg?h=225&w=225,
289448120,Dr Beckmann Carpet Cleaner Brush 650Ml,https://www.tesco.com/groceries/en-GB/shop/household/all?department=Cleaning&viewAll=department&page=,£3.49,£5.37/litre,Aldi Price Match,,/groceries/en-GB/products/289448120,https://digitalcontent.api.tesco.com/v2/media/ghs/3c6c735d-736a-466e-baa5-bbe9959abf52/3dc16d0e-7929-411e-9e7a-45ef589d77c0_1843159998.jpeg?h=225&w=225,
267318816,Spontex Washups Non Scratch Value 4 Pack,https://www.tesco.com/groceries/en-GB/shop/household/all?department=Cleaning&viewAll=department&page=,£1.45,£0.36/each,,,/groceries/en-GB/products/267318816,https://digitalcontent.api.tesco.com/v2/media/ghs/88b9cbf3-c543-4498-a4d7-cce7e55bb631/5118ffd4-93b7-4213-a7b6-ccb2db0ada1f_1949589554.jpeg?h=225&w=225,
302831758,Mr Muscle Platinum Shower Shine 750Ml,https://www.tesco.com/groceries/en-GB/shop/household/all?department=Cleaning&viewAll=department&page=,£2.00,£2.67/litre,,,/groceries/en-GB/products/302831758,https://digitalcontent.api.tesco.com/v2/media/ghs/923647b8-fc7d-4348-bcb5-19494ecb19ec/39a2b2ba-6f7d-4470-b5f9-3487ec1ed914_1849325324.jpeg?h=225&w=225,
302808286,Dettol Power & Pure Kitchen Spray 1L,https://www.tesco.com/groceries/en-GB/shop/household/all?department=Cleaning&viewAll=department&page=,£2.00,£2.00/litre,,,/groceries/en-GB/products/302808286,https://digitalcontent.api.tesco.com/v2/media/ghs/748fe64a-cf77-4cd7-b0de-f0794fb92666/c177d711-71f5-4cb2-bdb4-fddf3947bd76_1249978570.jpeg?h=225&w=225,
257552753,Tesco Super Absorbent Cloths 3 Pack,https://www.tesco.com/groceries/en-GB/shop/household/all?department=Cleaning&viewAll=department&page=,£1.10,£0.37/each,,,/groceries/en-GB/products/257552753,https://digitalcontent.api.tesco.com/v2/media/ghs/9e873a4b-4a06-46fc-bb8b-87a6d4fc8584/bb3fb21d-d24e-4045-8d26-4e6cc8c3de1a_1757825270.jpeg?h=225&w=225,
302808263,Dettol Power & Pure Bathroom Spray 1L,https://www.tesco.com/groceries/en-GB/shop/household/all?department=Cleaning&viewAll=department&page=,£2.00,£2.00/litre,,,/groceries/en-GB/products/302808263,https://digitalcontent.api.tesco.com/v2/media/ghs/2775dee1-d8a7-4432-b3bb-947f55c7a9fa/6253761e-a41f-4fc3-bfa6-3e8229670f30_1350148697.jpeg?h=225&w=225,
312849331,Brillo Powerpad 2 Pack,https://www.tesco.com/groceries/en-GB/shop/household/all?department=Cleaning&viewAll=department&page=,£1.20,£0.60/each,,New,/groceries/en-GB/products/312849331,https://digitalcontent.api.tesco.com/v2/media/ghs/0673e655-411b-4e20-be0d-de3f2f4884c3/7994125d-7c57-4fdd-8e86-724ce20dbf5c_1188590970.jpeg?h=225&w=225,
309201658,Flash All Purpose Liquid Floor Cleaner Traditional Bicarbonate Of Soda1l,https://www.tesco.com/groceries/en-GB/shop/household/all?department=Cleaning&viewAll=department&page=,£2.00,£2.00/litre,,,/groceries/en-GB/products/309201658,https://digitalcontent.api.tesco.com/v2/media/ghs/087b10c6-ba25-4348-92ae-39ab2f319536/d1f947d3-96e6-494d-a6eb-3b4209cdfc53_1227030102.jpeg?h=225&w=225,
255004179,Tesco Sponge Pan Cleaners 6 Pack,https://www.tesco.com/groceries/en-GB/shop/household/all?department=Cleaning&viewAll=department&page=,£1.05,£0.18/each,,,/groceries/en-GB/products/255004179,https://digitalcontent.api.tesco.com/v2/media/ghs/ae8d15fa-8986-4984-ba50-e3597c161ecc/2e669a7c-e575-4880-a00c-75821c9edd75.jpeg?h=225&w=225,
302429227,Tesco Antibacterial Lemon Floor 15 Wipes,https://www.tesco.com/groceries/en-GB/shop/household/all?department=Cleaning&viewAll=department&page=,£1.00,£6.67/100sht,,,/groceries/en-GB/products/302429227,https://digitalcontent.api.tesco.com/v2/media/ghs/c6cb12a8-0496-43bb-9cd2-64ed933d3fd8/b22e5381-c839-48ba-8c32-77463d94e1a2_1353716411.jpeg?h=225&w=225,
257943112,Bloo Acticlean Cistern Block Citrus Twinpack,https://www.tesco.com/groceries/en-GB/shop/household/all?department=Cleaning&viewAll=department&page=,£1.50,£19.74/kg,,,/groceries/en-GB/products/257943112,https://digitalcontent.api.tesco.com/v2/media/ghs/a59f8b91-a82a-410d-a9e0-460dd8ba99e0/c5ce6920-d679-44b1-8819-ae50184a59e9_1633996522.jpeg?h=225&w=225,
310158397,Flash Spray Wipe Hinched Antibacterial Wild Berries 800Ml,https://www.tesco.com/groceries/en-GB/shop/household/all?department=Cleaning&viewAll=department&page=,£1.99,£2.49/litre,,,/groceries/en-GB/products/310158397,https://digitalcontent.api.tesco.com/v2/media/ghs/b423dd23-6d62-4123-a426-5bc847cd2e7e/ea26f432-cced-4b52-83c9-da8620a10dcb_808001595.jpeg?h=225&w=225,
272046074,Dettol Surface Cleanser 750Ml Lime & Mint,https://www.tesco.com/groceries/en-GB/shop/household/all?department=Cleaning&viewAll=department&page=,£1.50,£2.00/litre,,,/groceries/en-GB/products/272046074,https://digitalcontent.api.tesco.com/v2/media/ghs/4221935b-360d-4c83-bbe3-a035b8c23993/54487969-30e2-4210-81da-b8d4c1e3ce34_1814940109.jpeg?h=225&w=225,
253259214,Tesco All Purpose Cleaner Citrus 1 Litre,https://www.tesco.com/groceries/en-GB/shop/household/all?department=Cleaning&viewAll=department&page=,£1.25,£1.25/litre,,,/groceries/en-GB/products/253259214,https://digitalcontent.api.tesco.com/v2/media/ghs/e661c1ba-6984-4ca8-8e51-a88f0ba58fc5/6265715b-0e33-459b-beb9-f9f17f0543a9_690824213.jpeg?h=225&w=225,
312581491,Flash Bathroom Cleaning Spray 800Ml,https://www.tesco.com/groceries/en-GB/shop/household/all?department=Cleaning&viewAll=department&page=,£2.00,£2.50/litre,,,/groceries/en-GB/products/312581491,https://digitalcontent.api.tesco.com/v2/media/ghs/3c623885-62e0-4606-a40e-b8f3666e4df7/579ecb9d-292f-4409-95ba-ecc5507ece14_842172522.jpeg?h=225&w=225,
312719664,Keep It Handy Stainless Steel Scourers 6 Pack,https://www.tesco.com/groceries/en-GB/shop/household/all?department=Cleaning&viewAll=department&page=,£1.00,£0.17/each,,New,/groceries/en-GB/products/312719664,https://digitalcontent.api.tesco.com/v2/media/ghs-mktg/b0b04216-fa73-466d-a9d7-c9fcfa1ce9b3/no-image.jpeg,
259674801,Dishmatic Style Fillable Washing Up Handle,https://www.tesco.com/groceries/en-GB/shop/household/all?department=Cleaning&viewAll=department&page=,£1.00,£1.00/each,,New,/groceries/en-GB/products/259674801,https://digitalcontent.api.tesco.com/v2/media/ghs/4f9a8aef-c8c2-4e8d-b2b4-2f2095533434/a17e2d5c-0b70-4054-a271-19df15a51921_1074412498.jpeg?h=225&w=225,
255279567,Domestos Original Bleach 2L,https://www.tesco.com/groceries/en-GB/shop/household/all?department=Cleaning&viewAll=department&page=,£2.00,£1.00/litre,,,/groceries/en-GB/products/255279567,https://digitalcontent.api.tesco.com/v2/media/ghs/4445e86a-2a42-4b14-b32c-48a00f0462c7/31bb4063-934d-41d0-a144-09cf6ce5ca46_1454259070.jpeg?h=225&w=225,
259404650,Brillo Soap Pads Pack Of 10,https://www.tesco.com/groceries/en-GB/shop/household/all?department=Cleaning&viewAll=department&page=,£1.19,£0.12/each,,,/groceries/en-GB/products/259404650,https://digitalcontent.api.tesco.com/v2/media/ghs/282f3991-f5f7-4c46-926b-a82e26d3aa4d/c4a83143-08e5-4ae7-8e5f-ef3625d56aab_314886223.jpeg?h=225&w=225,
311798046,Zoflora Midnight Blooms Concentrated Disinfectant 120Ml,https://www.tesco.com/groceries/en-GB/shop/household/all?department=Cleaning&viewAll=department&page=,£1.30,£10.84/litre,,,/groceries/en-GB/products/311798046,https://digitalcontent.api.tesco.com/v2/media/ghs/438dcb5d-494b-4a2a-ac5e-f81222a2e9e0/9a6a0ef6-914b-4585-8c24-f1157bec967d_192279350.jpeg?h=225&w=225,
311432367,Zoflora Lemon Zing Disinfectant 120Ml,https://www.tesco.com/groceries/en-GB/shop/household/all?department=Cleaning&viewAll=department&page=,£1.30,£10.84/litre,,,/groceries/en-GB/products/311432367,https://digitalcontent.api.tesco.com/v2/media/ghs/02217611-eb7b-4226-8083-71c7b756a05a/f170e92c-7e15-4226-a4b7-77b79fc9129c_54087341.jpeg?h=225&w=225,
255281212,Tesco Cream Cleaner Citrus 500Ml,https://www.tesco.com/groceries/en-GB/shop/household/all?department=Cleaning&viewAll=department&page=,£0.90,£1.80/litre,,,/groceries/en-GB/products/255281212,https://digitalcontent.api.tesco.com/v2/media/ghs/a288629e-7fa1-4c6a-ae0b-63fb8a64b1b7/efaca4f1-2ff3-46b2-9868-f726d57b3913_924310678.jpeg?h=225&w=225,
310657083,Duck Fresh Action Gel Cosmic Peach 750Ml,https://www.tesco.com/groceries/en-GB/shop/household/all?department=Cleaning&viewAll=department&page=,£1.00,£1.34/litre,,,/groceries/en-GB/products/310657083,https://digitalcontent.api.tesco.com/v2/media/ghs/df4c3e21-835c-49c4-ba4b-3fabfa6c97b2/dc834127-c252-4af9-b37c-1507fbe8ddf9_1585099603.jpeg?h=225&w=225,
311436746,Zoflora Linen Fresh Concentrated Disinfectant 120Ml,https://www.tesco.com/groceries/en-GB/shop/household/all?department=Cleaning&viewAll=department&page=,£1.30,£10.84/litre,,,/groceries/en-GB/products/311436746,https://digitalcontent.api.tesco.com/v2/media/ghs/e168af10-80c7-48ee-a7b4-a4f0cce8eb6c/94cf80fb-7f95-4f87-9121-8e1aa0eb6a04_1004437001.jpeg?h=225&w=225,
250479407,Oust All Purpose Descaler 3 Pack,https://www.tesco.com/groceries/en-GB/shop/household/all?department=Cleaning&viewAll=department&page=,£1.10,£14.67/litre,,,/groceries/en-GB/products/250479407,https://digitalcontent.api.tesco.com/v2/media/ghs/fcb98783-1e80-4f46-b54b-504f99231ea3/49f5a3b9-ce73-4e36-9031-8cf8b59acee6_560277952.jpeg?h=225&w=225,
304791830,Tesco Window & Glass Cleaning Spray 750Ml,https://www.tesco.com/groceries/en-GB/shop/household/all?department=Cleaning&viewAll=department&page=,£0.95,£1.27/litre,,,/groceries/en-GB/products/304791830,https://digitalcontent.api.tesco.com/v2/media/ghs/f038f120-3ad5-4cbe-a547-d70e357b91bd/b5585c9b-9697-4abc-ade2-eb330de2b9c8_1089956694.jpeg?h=225&w=225,
312341467,Clean & Fresh Original Thick Bleach 750Ml,https://www.tesco.com/groceries/en-GB/shop/household/all?department=Cleaning&viewAll=department&page=,£0.55,£0.73/litre,,,/groceries/en-GB/products/312341467,https://digitalcontent.api.tesco.com/v2/media/ghs/cefb7d9c-1dfa-4f9a-93b0-5c0f9cbb1c90/snapshotimagehandler_292984032.jpeg?h=225&w=225,
301884380,Springforce All Purpose Cloths 10 Pack,https://www.tesco.com/groceries/en-GB/shop/household/all?department=Cleaning&viewAll=department&page=,£0.41,£0.04/each,Aldi Price Match,,/groceries/en-GB/products/301884380,https://digitalcontent.api.tesco.com/v2/media/ghs/20352709-407c-4fb7-a96a-71054d8d581a/9ec69a8e-b0e9-4e7d-bb02-4d51c1fe1104_278557718.jpeg?h=225&w=225,
255970670,Buster Bathroom Plug Unblocker 300Ml,https://www.tesco.com/groceries/en-GB/shop/household/all?department=Cleaning&viewAll=department&page=,£3.75,£12.50/litre,,,/groceries/en-GB/products/255970670,https://digitalcontent.api.tesco.com/v2/media/ghs/fbb001e6-b441-4601-a31e-9a67620e2a71/c558cbd2-2775-4c53-b8ec-efb4c61c175b_1851397266.jpeg?h=225&w=225,
250359037,Marigold Extra Life Gloves Kitchen Small,https://www.tesco.com/groceries/en-GB/shop/household/all?department=Cleaning&viewAll=department&page=,£2.60,£2.60/Pair,,,/groceries/en-GB/products/250359037,https://digitalcontent.api.tesco.com/v2/media/ghs/e2970a3e-7b35-453d-a058-04399cd30aff/5b13490a-7f8b-4973-998a-a1ca6d9d0eb3_1115382879.jpeg?h=225&w=225,
285355512,Dishmatic General Purpose Refills 6 Pack,https://www.tesco.com/groceries/en-GB/shop/household/all?department=Cleaning&viewAll=department&page=,£3.00,£0.50/each,,,/groceries/en-GB/products/285355512,https://digitalcontent.api.tesco.com/v2/media/ghs/c9772c68-7822-415e-a95f-49f821ede081/d754fdcd-bb81-4898-a7e2-51ae69afd207.jpeg?h=225&w=225,
295342420,Method Antibacterial All Purpose Cleaner Spray Wild Rhubarb 828Ml,https://www.tesco.com/groceries/en-GB/shop/household/all?department=Cleaning&viewAll=department&page=,£4.00,£4.84/litre,,,/groceries/en-GB/products/295342420,https://digitalcontent.api.tesco.com/v2/media/ghs/85118f4f-4565-4cd1-a742-609f60a32b55/a2c2419e-3b0d-4912-bb46-db5e703db7d2_1195574933.jpeg?h=225&w=225,
252440070,Spontex 40 All Purpose Cloths On A Roll,https://www.tesco.com/groceries/en-GB/shop/household/all?department=Cleaning&viewAll=department&page=,£3.50,£0.09/each,,,/groceries/en-GB/products/252440070,https://digitalcontent.api.tesco.com/v2/media/ghs/30d1ae05-f2d8-46ec-92bb-088813d3f5fc/28f07275-36a1-4513-9d69-1c43ba5ba73d_1544089698.jpeg?h=225&w=225,
310129553,Dettol Antibacterial Biodegradable Floor Lemon & Lime 25S,https://www.tesco.com/groceries/en-GB/shop/household/all?department=Cleaning&viewAll=department&page=,£2.50,£10.00/100sht,,,/groceries/en-GB/products/310129553,https://digitalcontent.api.tesco.com/v2/media/ghs/630fa17f-d365-4dfe-9433-e300bc5e5900/7f8e4cc2-ea27-4a58-ac44-44a7126fbc23_615357162.jpeg?h=225&w=225,
259624251,Spontex Long Lasting Kitchen Cloth 2 Pack,https://www.tesco.com/groceries/en-GB/shop/household/all?department=Cleaning&viewAll=department&page=,£3.15,£1.58/each,,,/groceries/en-GB/products/259624251,https://digitalcontent.api.tesco.com/v2/media/ghs/410ad7eb-bb4c-411f-a144-6105b2a7a21a/872296c6-64ba-4237-987c-a23062e186bc_83820891.jpeg?h=225&w=225,
276341974,Tesco Extra Wear Gloves Medium,https://www.tesco.com/groceries/en-GB/shop/household/all?department=Cleaning&viewAll=department&page=,£2.00,£2.00/Pair,,,/groceries/en-GB/products/276341974,https://digitalcontent.api.tesco.com/v2/media/ghs/00711e7a-47bd-4ac7-8591-97909c476aa7/82531f5c-fc9a-454c-8a37-1c5d92eee811_2013153905.jpeg?h=225&w=225,
302801316,Method Wild Rhubarb All Floor Cleaner 739Ml,https://www.tesco.com/groceries/en-GB/shop/household/all?department=Cleaning&viewAll=department&page=,£4.50,£6.09/litre,£3.50 Clubcard Price,,/groceries/en-GB/products/302801316,https://digitalcontent.api.tesco.com/v2/media/ghs/b7c08b76-bf34-4140-8994-d628db7665e1/4135f57a-1184-45a7-bd21-98ca535854d0_388786275.jpeg?h=225&w=225,
274348440,Method Kitchen Cleaning Spray Clementine 828Ml,https://www.tesco.com/groceries/en-GB/shop/household/all?department=Cleaning&viewAll=department&page=,£4.00,£4.84/litre,£3.00 Clubcard Price,,/groceries/en-GB/products/274348440,https://digitalcontent.api.tesco.com/v2/media/ghs/f68541e5-746e-4b01-a621-f700d936372c/092a4b55-1a82-4d21-9e53-fafea6c4ec81_1051570055.jpeg?h=225&w=225,
313186491,Flash Spray Wipe Hinched Frosted Eucalyptus 800Ml,https://www.tesco.com/groceries/en-GB/shop/household/all?department=Cleaning&viewAll=department&page=,£2.50,£3.13/litre,,New,/groceries/en-GB/products/313186491,https://digitalcontent.api.tesco.com/v2/media/ghs/aa49dfff-0efc-4762-b412-89d5895b77a5/686c2b65-7a47-4775-8f7b-b537332abcf1_1512980496.jpeg?h=225&w=225,
309173068,Zoflora Fresh Home Odour Remover & Disinfectant 500Ml,https://www.tesco.com/groceries/en-GB/shop/household/all?department=Cleaning&viewAll=department&page=,£4.00,£8.00/litre,,,/groceries/en-GB/products/309173068,https://digitalcontent.api.tesco.com/v2/media/ghs/b0609533-51d2-483d-9577-e3ad57821443/7529e564-a8ca-41e4-a3ff-e3491a7ebb14_466675631.jpeg?h=225&w=225,
306949020,Zoflora Bouquet Concentrated Disinfectant 500Ml,https://www.tesco.com/groceries/en-GB/shop/household/all?department=Cleaning&viewAll=department&page=,£4.00,£8.00/litre,,,/groceries/en-GB/products/306949020,https://digitalcontent.api.tesco.com/v2/media/ghs/d74bebc5-c4f6-4624-83ec-d8d114e0374e/3028453d-7d9f-495a-9da5-35ceb2c1637a_556576353.jpeg?h=225&w=225,
304386135,Dettol Multi Purpose Citrus Wipes 105S,https://www.tesco.com/groceries/en-GB/shop/household/all?department=Cleaning&viewAll=department&page=,£3.00,£2.86/100sht,,,/groceries/en-GB/products/304386135,https://digitalcontent.api.tesco.com/v2/media/ghs/b4300c26-156c-460e-805a-0572f646b995/7ae2cf36-16b3-42f1-983b-49ae6321042a_1033717788.jpeg?h=225&w=225,
312829240,Scrub Daddy Scrub Mommy Dual Sided Scrubber,https://www.tesco.com/groceries/en-GB/shop/household/all?department=Cleaning&viewAll=department&page=,£2.50,£2.50/each,,New,/groceries/en-GB/products/312829240,https://digitalcontent.api.tesco.com/v2/media/ghs-mktg/b0b04216-fa73-466d-a9d7-c9fcfa1ce9b3/no-image.jpeg,
267362830,Tesco Pan Scourers 5 Pack,https://www.tesco.com/groceries/en-GB/shop/household/all?department=Cleaning&viewAll=department&page=,£1.60,£0.32/each,,,/groceries/en-GB/products/267362830,https://digitalcontent.api.tesco.com/v2/media/ghs/f6184bc8-3400-468d-a6cf-a8cdf9066eab/snapshotimagehandler_2113966849.jpeg?h=225&w=225,
299160231,Duck Fresh Disc Holder Lime,https://www.tesco.com/groceries/en-GB/shop/household/all?department=Cleaning&viewAll=department&page=,£3.00,£83.34/litre,,,/groceries/en-GB/products/299160231,https://digitalcontent.api.tesco.com/v2/media/ghs/8e844453-d28c-47f3-bb4d-2fbd3e191b71/34935de2-22ba-4154-8bc7-36cfd02f8f6f_1581812128.jpeg?h=225&w=225,
299160254,Duck Fresh Disc Holder Marine,https://www.tesco.com/groceries/en-GB/shop/household/all?department=Cleaning&viewAll=department&page=,£3.00,£83.34/litre,,,/groceries/en-GB/products/299160254,https://digitalcontent.api.tesco.com/v2/media/ghs/22dcf25e-a93b-4e2a-908d-6e926d07303e/9dd2a69d-f986-4adc-b1ec-902146c74826_1144686790.jpeg?h=225&w=225,
304416677,Spontex Scrub & Wipe Multi Purpose Pad,https://www.tesco.com/groceries/en-GB/shop/household/all?department=Cleaning&viewAll=department&page=,£2.60,£2.60/each,,New,/groceries/en-GB/products/304416677,https://digitalcontent.api.tesco.com/v2/media/ghs/76c5ca7b-966b-4d28-91f6-265d060f171c/dae4a269-8c74-4697-9e13-8853e00f0ce3_2134075528.jpeg?h=225&w=225,
250044755,Mr.Muscle Oven Cleaner 300Ml,https://www.tesco.com/groceries/en-GB/shop/household/all?department=Cleaning&viewAll=department&page=,£2.99,£9.97/litre,,,/groceries/en-GB/products/250044755,https://digitalcontent.api.tesco.com/v2/media/ghs/b9c7e4ca-1cb0-4ae9-8072-55a486c553c7/7910c69b-0ad4-4da5-9e19-4e0078629622_881967679.jpeg?h=225&w=225,
309167646,Dettol Antibacterial All In One Disinfectant Spray Crisp 500Ml,https://www.tesco.com/groceries/en-GB/shop/household/all?department=Cleaning&viewAll=department&page=,£3.00,£6.00/litre,,,/groceries/en-GB/products/309167646,https://digitalcontent.api.tesco.com/v2/media/ghs/7f24c87d-4315-4453-8cd3-5ddd3d17ee90/ab865207-86e6-41ce-9a10-c05c2b24ec20_1897616889.jpeg?h=225&w=225,
253545336,Ecover Toilet Cleaner 750Ml,https://www.tesco.com/groceries/en-GB/shop/household/all?department=Cleaning&viewAll=department&page=,£2.00,£2.67/litre,,,/groceries/en-GB/products/253545336,https://digitalcontent.api.tesco.com/v2/media/ghs/c0cf321b-64af-4b25-a297-6cc44a195828/a3fcc616-eb83-4b95-afee-00cc6c82186a_470814244.jpeg?h=225&w=225,
261187154,Harpic Power Plus Toilet Cleaner 750Ml,https://www.tesco.com/groceries/en-GB/shop/household/all?department=Cleaning&viewAll=department&page=,£1.65,£2.20/litre,,,/groceries/en-GB/products/261187154,https://digitalcontent.api.tesco.com/v2/media/ghs/c5bbd340-7cec-4482-9510-425c0fb64269/c472025d-4e4f-409e-8aea-5807d5681b57_1003249684.jpeg?h=225&w=225,
262749519,Harpic Power+ Active Tablets 8 Pack 200G,https://www.tesco.com/groceries/en-GB/shop/household/all?department=Cleaning&viewAll=department&page=,£3.00,£15.00/kg,,,/groceries/en-GB/products/262749519,https://digitalcontent.api.tesco.com/v2/media/ghs/abdd3cd5-42ab-4b20-9fa5-0770560411cc/ae740c81-858a-4e7d-b797-f2471f23b5ae_1586272839.jpeg?h=225&w=225,
250366823,Tesco Dishwashing Rubber Gloves Large,https://www.tesco.com/groceries/en-GB/shop/household/all?department=Cleaning&viewAll=department&page=,£1.20,£1.20/Pair,,,/groceries/en-GB/products/250366823,https://digitalcontent.api.tesco.com/v2/media/ghs/0d5d90c3-6c29-436c-87d2-785b9198d6f9/52118d7f-4a37-46ab-b30f-8151a051df1b_742999295.jpeg?h=225&w=225,
311438462,Domestos Power 5 Rimblocks Pink Magnolia 2 X 55G,https://www.tesco.com/groceries/en-GB/shop/household/all?department=Cleaning&viewAll=department&page=,£1.89,£17.19/kg,,,/groceries/en-GB/products/311438462,https://digitalcontent.api.tesco.com/v2/media/ghs/be229f23-3a51-41d1-a24f-30ee3a919927/ba025d78-212e-4692-a931-af655de8642b_1357096395.jpeg?h=225&w=225,
258237209,Tesco Twin Pack Sponge Bathroom Cleaner,https://www.tesco.com/groceries/en-GB/shop/household/all?department=Cleaning&viewAll=department&page=,£1.15,£0.58/each,,,/groceries/en-GB/products/258237209,https://digitalcontent.api.tesco.com/v2/media/ghs/a2b2df21-3c76-43e5-91a4-457f7f817c89/b2f59585-a7dd-43ed-9177-329c42273ef8_1065886631.jpeg?h=225&w=225,
304378928,Dettol Multi Purpose Citrus Wipes 70S,https://www.tesco.com/groceries/en-GB/shop/household/all?department=Cleaning&viewAll=department&page=,£2.50,£3.58/100sht,£2.00 Clubcard Price,,/groceries/en-GB/products/304378928,https://digitalcontent.api.tesco.com/v2/media/ghs/94b01fe8-b382-4ec6-a362-fdcf3abf62f3/4f24385b-863d-4c58-b5e1-79fd628e782a_701279763.jpeg?h=225&w=225,
250289776,Spontex Brilliant Scourer,https://www.tesco.com/groceries/en-GB/shop/household/all?department=Cleaning&viewAll=department&page=,£1.25,£1.25/each,,,/groceries/en-GB/products/250289776,https://digitalcontent.api.tesco.com/v2/media/ghs/f346c449-839e-4e2f-bc2d-a6f390c67833/3c11e751-0b98-4c12-9f8b-419afb5062f0_136412555.jpeg?h=225&w=225,
294643280,Tesco Microfibre Cloth 4 Pack,https://www.tesco.com/groceries/en-GB/shop/household/all?department=Cleaning&viewAll=department&page=,£1.70,£0.42/each,,,/groceries/en-GB/products/294643280,https://digitalcontent.api.tesco.com/v2/media/ghs/0ff8a2ae-cdcf-4b91-a4a1-b2980e0c42c7/b987419a-a9e6-448e-8d18-7c7723071592_2096036063.jpeg?h=225&w=225,
302831770,Mr Muscle Platinum Window & Glass 750Ml,https://www.tesco.com/groceries/en-GB/shop/household/all?department=Cleaning&viewAll=department&page=,£2.00,£2.67/litre,,,/groceries/en-GB/products/302831770,https://digitalcontent.api.tesco.com/v2/media/ghs/a23e7682-1359-4ad8-ad75-69ccfb76aca1/aec75098-1791-41c7-a7fa-bd0e046c3204_1554220252.jpeg?h=225&w=225,
311676323,Domestos Power 5 Rim Block Lavender 2 X 55G,https://www.tesco.com/groceries/en-GB/shop/household/all?department=Cleaning&viewAll=department&page=,£1.89,£17.19/kg,,,/groceries/en-GB/products/311676323,https://digitalcontent.api.tesco.com/v2/media/ghs/10e8bc57-3a9b-4757-83dc-36d2c03316ad/bf40df24-3f91-4841-910c-05d5ffd23220_2118699055.jpeg?h=225&w=225,
302831292,Mr Muscle Platinum Bathroom Mandarin Orange 750Ml,https://www.tesco.com/groceries/en-GB/shop/household/all?department=Cleaning&viewAll=department&page=,£2.00,£2.67/litre,,,/groceries/en-GB/products/302831292,https://digitalcontent.api.tesco.com/v2/media/ghs/6f7fa741-cea1-4ebd-bf4f-c573b43b06a5/a36e873a-fc24-48e9-8022-8323b093bf84_989927083.jpeg?h=225&w=225,
311258968,Dettol Antibacterial Pomegranate & Lime Large Wipes 70'S,https://www.tesco.com/groceries/en-GB/shop/household/all?department=Cleaning&viewAll=department&page=,£2.50,£3.58/100sht,£2.00 Clubcard Price,,/groceries/en-GB/products/311258968,https://digitalcontent.api.tesco.com/v2/media/ghs/75d13ef5-900e-40a4-b415-a3f9e0057972/8d72a762-47bf-4e2a-afb3-14408145ecd4_676218774.jpeg?h=225&w=225,
294937369,Tesco Yellow Dusters 3Pack,https://www.tesco.com/groceries/en-GB/shop/household/all?department=Cleaning&viewAll=department&page=,£1.40,£0.47/each,,,/groceries/en-GB/products/294937369,https://digitalcontent.api.tesco.com/v2/media/ghs/b2a6697a-aa53-4ac8-bd2b-2f4ef1a95f9c/7bb97b66-8f6b-424f-a783-92c87b794d49_849707408.jpeg?h=225&w=225,
312352463,Flash All Purpose Liquid Lavender Floor Cleaner 1.2L,https://www.tesco.com/groceries/en-GB/shop/household/all?department=Cleaning&viewAll=department&page=,£2.00,£1.67/litre,,,/groceries/en-GB/products/312352463,https://digitalcontent.api.tesco.com/v2/media/ghs/85ecc1fe-bc6b-477a-a5f9-5c260ea32d08/11ec8261-27f0-4e49-9c39-cd2d70fa35be_650803800.jpeg?h=225&w=225,
312086835,Cilit Bang Naturally Powerful Limescale 100% Remover 750Ml,https://www.tesco.com/groceries/en-GB/shop/household/all?department=Cleaning&viewAll=department&page=,£2.00,£2.67/litre,,,/groceries/en-GB/products/312086835,https://digitalcontent.api.tesco.com/v2/media/ghs/fb19f247-6d8c-4196-a5ad-74e243896daf/8a73c42e-78af-4553-aa2c-acd9ac16f119_1794789869.jpeg?h=225&w=225,
308487303,Flash Home Spray Antibacterial Apple Blossom 800Ml,https://www.tesco.com/groceries/en-GB/shop/household/all?department=Cleaning&viewAll=department&page=,£2.50,£3.13/litre,,,/groceries/en-GB/products/308487303,https://digitalcontent.api.tesco.com/v2/media/ghs/0f207af3-6e91-4adf-9674-1751ab2f09c6/226ef587-a6fc-4ec8-9f89-a1fa1acea2f1_1472082293.jpeg?h=225&w=225,
278067644,Tesco Limescale Remove Trigger 500Ml,https://www.tesco.com/groceries/en-GB/shop/household/all?department=Cleaning&viewAll=department&page=,£1.50,£3.00/litre,,,/groceries/en-GB/products/278067644,https://digitalcontent.api.tesco.com/v2/media/ghs/c5b123b6-6ca4-4167-bf6b-d8e811c37eeb/72f9474e-45a9-4876-b9d9-9241723f7b9e_605775415.jpeg?h=225&w=225,
302831793,Mr Muscle Platinum Kitchen Citrus 750Ml,https://www.tesco.com/groceries/en-GB/shop/household/all?department=Cleaning&viewAll=department&page=,£2.00,£2.67/litre,,,/groceries/en-GB/products/302831793,https://digitalcontent.api.tesco.com/v2/media/ghs/1a18d644-2040-4e87-8e54-55c984ee0c3e/2dce3220-fe85-4e76-9fb6-0fd9994f6d4b_511220153.jpeg?h=225&w=225,
311431573,Dettol Antibacterial Surface Cleanser Spray 1000Ml,https://www.tesco.com/groceries/en-GB/shop/household/all?department=Cleaning&viewAll=department&page=,£2.00,£2.00/litre,,,/groceries/en-GB/products/311431573,https://digitalcontent.api.tesco.com/v2/media/ghs/04776fba-69be-4cbd-ba43-d7618270c331/e965e540-3283-4ac9-a633-3abcd4bffc48_1685971644.jpeg?h=225&w=225,
302820564,Bloo Fragrance Switch Lily & Apple Rim Block 50G,https://www.tesco.com/groceries/en-GB/shop/household/all?department=Cleaning&viewAll=department&page=,£2.10,£42.00/kg,£1.50 Clubcard Price,,/groceries/en-GB/products/302820564,https://digitalcontent.api.tesco.com/v2/media/ghs/fe9d23ed-79b8-4c87-899f-b09fe8cb17d0/ae273c60-7b1f-437c-8f3e-002644ce82cb_482599621.jpeg?h=225&w=225,
305048120,Cif Eco Refill Power & Shine Bathroom 70Ml,https://www.tesco.com/groceries/en-GB/shop/household/all?department=Cleaning&viewAll=department&page=,£1.45,£20.72/litre,,,/groceries/en-GB/products/305048120,https://digitalcontent.api.tesco.com/v2/media/ghs/d8e2f336-0f97-442c-b499-886b118de752/83797670-fe8c-4512-9b4c-48c4184d645b_179730521.jpeg?h=225&w=225,
312581370,Flash Kitchen Cleaning Spray Citrus 800Ml,https://www.tesco.com/groceries/en-GB/shop/household/all?department=Cleaning&viewAll=department&page=,£2.00,£2.50/litre,,,/groceries/en-GB/products/312581370,https://digitalcontent.api.tesco.com/v2/media/ghs/85b72803-ced3-4fa4-943a-8fd70935d85c/23ede3e9-8531-48da-ad87-9fa467d7c849_419955178.jpeg?h=225&w=225,
250108502,Harpic Active Gel Fresh Power Pine 750Ml,https://www.tesco.com/groceries/en-GB/shop/household/all?department=Cleaning&viewAll=department&page=,£1.30,£1.74/litre,,,/groceries/en-GB/products/250108502,https://digitalcontent.api.tesco.com/v2/media/ghs/b961119a-2b21-4c01-9032-69648a0763c3/2523bcec-a93c-453d-948f-299479a4e510_619141245.jpeg?h=225&w=225,
309745348,Tesco Antibacterial Multi Purpose Cleaner Refill 9Ml,https://www.tesco.com/groceries/en-GB/shop/household/all?department=Cleaning&viewAll=department&page=,£0.75,£83.34/litre,,,/groceries/en-GB/products/309745348,https://digitalcontent.api.tesco.com/v2/media/ghs/0993ad81-8cd2-4a79-ab48-54f0604687fb/31ea2ce6-ff99-4f2f-9fb5-c732f838d1dd_699602988.jpeg?h=225&w=225,
310142012,Flash Speed Mop Starter Kit,https://www.tesco.com/groceries/en-GB/shop/household/all?department=Cleaning&viewAll=department&page=,£10.00,£10.00/each,,,/groceries/en-GB/products/310142012,https://digitalcontent.api.tesco.com/v2/media/ghs/3efa614a-38c6-4bc9-9564-c3e263341ff8/d8cdfdbb-a3a2-4d17-bf07-cd43e550b748_1924940788.jpeg?h=225&w=225,
255439943,Spontex Disposable Gloves 40 Pack,https://www.tesco.com/groceries/en-GB/shop/household/all?department=Cleaning&viewAll=department&page=,£5.50,£0.14/each,,,/groceries/en-GB/products/255439943,https://digitalcontent.api.tesco.com/v2/media/ghs/769d22ab-c98f-4385-86cb-9e0f3a61030b/cb1dcfd5-b0cf-4911-b974-aa09c1d250e9_250836391.jpeg?h=225&w=225,
310129904,Flash Dust Magnet Duster Refill 5 Pack,https://www.tesco.com/groceries/en-GB/shop/household/all?department=Cleaning&viewAll=department&page=,£5.00,£1.00/each,,,/groceries/en-GB/products/310129904,https://digitalcontent.api.tesco.com/v2/media/ghs/77b3b149-cb82-4a97-afe8-76cef4cbeda6/3e74cf3c-5f2e-408c-b339-56cb9798c0be_406338222.jpeg?h=225&w=225,
310140826,Flash Dust Magnet Duster Starter Kit & Refill X4,https://www.tesco.com/groceries/en-GB/shop/household/all?department=Cleaning&viewAll=department&page=,£5.00,£5.00/each,,,/groceries/en-GB/products/310140826,https://digitalcontent.api.tesco.com/v2/media/ghs/690e558d-63a8-46b0-ac3c-2c23f258300f/1272c82f-c6c9-461e-8186-8e297beeaeb2_1129280872.jpeg?h=225&w=225,
278631564,Spontex Microfibre Cloth 4 Pack,https://www.tesco.com/groceries/en-GB/shop/household/all?department=Cleaning&viewAll=department&page=,£3.30,£0.82/each,,,/groceries/en-GB/products/278631564,https://digitalcontent.api.tesco.com/v2/media/ghs/4c24d3ec-11aa-47c8-be42-856c7eb8a600/a8a9b755-78c9-4c64-bfa1-d7860b5e5206_1203401222.jpeg?h=225&w=225,
259964781,Method Bathroom Cleaner Eucalyptus & Mint 828Ml,https://www.tesco.com/groceries/en-GB/shop/household/all?department=Cleaning&viewAll=department&page=,£4.00,£4.84/litre,,,/groceries/en-GB/products/259964781,https://digitalcontent.api.tesco.com/v2/media/ghs/67dab489-d7d8-42b7-9a00-5a1c123b54a7/0e24baf6-63fe-4e2d-98e3-a3e01f4a3301_187708092.jpeg?h=225&w=225,
264889822,Method Spray Shower Cleaner Ylang 828Ml,https://www.tesco.com/groceries/en-GB/shop/household/all?department=Cleaning&viewAll=department&page=,£4.00,£4.84/litre,,,/groceries/en-GB/products/264889822,https://digitalcontent.api.tesco.com/v2/media/ghs/c7959398-ba71-4131-9a7f-7008c0922c78/dadf98fb-ee88-4851-852c-ca9ae2ed77f0_1809086693.jpeg?h=225&w=225,
276341714,Tesco Extra Wear Gloves Large,https://www.tesco.com/groceries/en-GB/shop/household/all?department=Cleaning&viewAll=department&page=,£2.00,£2.00/Pair,,,/groceries/en-GB/products/276341714,https://digitalcontent.api.tesco.com/v2/media/ghs/930e98ee-a6bf-4dcd-98c9-7633b2471d05/709cf82a-1351-4cbf-9112-964a0c8025f6_363874796.jpeg?h=225&w=225,
277290657,Marigold Sensitive Gloves Medium 1 Pair,https://www.tesco.com/groceries/en-GB/shop/household/all?department=Cleaning&viewAll=department&page=,£3.30,£3.30/Pair,£2.20 Clubcard Price,,/groceries/en-GB/products/277290657,https://digitalcontent.api.tesco.com/v2/media/ghs/7339319b-8982-4c20-ab8b-5eeda345a5a6/80734857-fd0f-47a4-99b0-4d3b2162a0df_246823389.jpeg?h=225&w=225,
259550372,Vanish Carpet Care Vacuum Up Foam 600Ml,https://www.tesco.com/groceries/en-GB/shop/household/all?department=Cleaning&viewAll=department&page=,£6.00,£10.00/litre,,,/groceries/en-GB/products/259550372,https://digitalcontent.api.tesco.com/v2/media/ghs/19335e02-9dfc-4859-8199-424318479229/d660f536-6e88-4c28-9fa3-f2ceeadaa458_1161745226.jpeg?h=225&w=225,
313186560,Scrub Daddy Dish Daddy Refills 2 Pack,https://www.tesco.com/groceries/en-GB/shop/household/all?department=Cleaning&viewAll=department&page=,£3.00,£1.50/each,,New,/groceries/en-GB/products/313186560,https://digitalcontent.api.tesco.com/v2/media/ghs/5d309f59-0247-4685-a3c7-a0a957cd947b/00c2c870-ad03-4410-a225-3c73dc77a22a_1777177388.jpeg?h=225&w=225,
310117291,Dishmatic Non Scratch Scourer Refill 4 Pack,https://www.tesco.com/groceries/en-GB/shop/household/all?department=Cleaning&viewAll=department&page=,£2.35,£0.59/each,,,/groceries/en-GB/products/310117291,https://digitalcontent.api.tesco.com/v2/media/ghs/df58c93f-eb0e-4943-a9a0-2986f1de56c9/344a75d1-62a6-4ba8-b068-7f5051187e3e_1120888294.jpeg?h=225&w=225,
310172157,Dishmatic General Purpose 4 Pack Refill,https://www.tesco.com/groceries/en-GB/shop/household/all?department=Cleaning&viewAll=department&page=,£2.35,£0.59/each,,,/groceries/en-GB/products/310172157,https://digitalcontent.api.tesco.com/v2/media/ghs/eced4718-9a01-4d11-b289-a551bbfac518/de8ac867-71a4-4969-bf59-45dfd077b928_622443245.jpeg?h=225&w=225,
309175129,Flash Power Mop Multi Purpose Cleaner Refill 1.25 Litre,https://www.tesco.com/groceries/en-GB/shop/household/all?department=Cleaning&viewAll=department&page=,£4.00,£3.20/litre,,,/groceries/en-GB/products/309175129,https://digitalcontent.api.tesco.com/v2/media/ghs/521ce656-f2e0-40f4-8c53-c1e68f8808e1/2a175041-7fbb-4877-a74f-80a945e708dc_1924596538.jpeg?h=225&w=225,
302801201,Method Passion Fruit Shower Spray 828Ml,https://www.tesco.com/groceries/en-GB/shop/household/all?department=Cleaning&viewAll=department&page=,£4.00,£4.84/litre,£3.00 Clubcard Price,,/groceries/en-GB/products/302801201,https://digitalcontent.api.tesco.com/v2/media/ghs/c2e1be5e-dc4f-4980-8324-d476cd1f914c/f72362cb-a5bd-4a29-8c96-d1234b77142c_1771826406.jpeg?h=225&w=225,
267027859,Pledge Soapy Wood Cleaner 750Ml,https://www.tesco.com/groceries/en-GB/shop/household/all?department=Cleaning&viewAll=department&page=,£2.50,£3.34/litre,,,/groceries/en-GB/products/267027859,https://digitalcontent.api.tesco.com/v2/media/ghs/378a45ff-5464-40d9-9fd5-ee7052385c88/c7617ce6-2666-4924-b740-58201cb55a6d_1870148241.jpeg?h=225&w=225,
255309239,Tesco Ribbed Cleaning Cloths 4 Pack,https://www.tesco.com/groceries/en-GB/shop/household/all?department=Cleaning&viewAll=department&page=,£1.90,£0.48/each,,,/groceries/en-GB/products/255309239,https://digitalcontent.api.tesco.com/v2/media/ghs/fb5165b9-75c8-4e46-bf15-76089047e2bb/11138857-a066-43ca-b7c5-e8280ba2d4da_413554103.jpeg?h=225&w=225,
255217146,Spontex Thick Moppets 2 Pack,https://www.tesco.com/groceries/en-GB/shop/household/all?department=Cleaning&viewAll=department&page=,£2.15,£1.08/each,,,/groceries/en-GB/products/255217146,https://digitalcontent.api.tesco.com/v2/media/ghs/17b6d909-7891-4d01-a41c-9feb4bb81634/6b8b1fc2-32a3-4097-a48e-8e31021f1da1_799285746.jpeg?h=225&w=225,
309197839,Harpic Power Plus Active Tablets 8 Pack 200G,https://www.tesco.com/groceries/en-GB/shop/household/all?department=Cleaning&viewAll=department&page=,£3.00,£15.00/kg,,,/groceries/en-GB/products/309197839,https://digitalcontent.api.tesco.com/v2/media/ghs/ce5c440c-04a2-456f-8b79-99c815080a05/7cddfc1f-fa97-48d3-9dfb-947ff4c7aefa_114958274.jpeg?h=225&w=225,
309743517,Dettol 105 Large Multi Purpose Wipes Pomegranate & Lime,https://www.tesco.com/groceries/en-GB/shop/household/all?department=Cleaning&viewAll=department&page=,£3.00,£2.86/100sht,,,/groceries/en-GB/products/309743517,https://digitalcontent.api.tesco.com/v2/media/ghs/bdae07cf-5d60-4aa7-8f9f-41496da3d5ea/0f2c372c-4ec8-4ceb-a3b3-d2fba8fba029_1381561177.jpeg?h=225&w=225,
311213555,Duck Fresh Discs Holder Cosmic Peach 36Ml,https://www.tesco.com/groceries/en-GB/shop/household/all?department=Cleaning&viewAll=department&page=,£3.00,£8.34/100ml,,,/groceries/en-GB/products/311213555,https://digitalcontent.api.tesco.com/v2/media/ghs/ee2cd501-e422-41de-adfd-1e82a1ef46b5/319782fc-8a14-46be-9394-9bdb91f5a43f_757481391.jpeg?h=225&w=225,
291420023,Tesco Carpet & Upholstery Cleaner 500Ml,https://www.tesco.com/groceries/en-GB/shop/household/all?department=Cleaning&viewAll=department&page=,£2.00,£4.00/litre,,,/groceries/en-GB/products/291420023,https://digitalcontent.api.tesco.com/v2/media/ghs/b8473f2b-9143-42ae-bdd3-9782a4234064/ab8dc768-2b7e-48f7-a48c-26db33fc1038_30862459.jpeg?h=225&w=225,
308498434,Flash Power Mop Refill Pads 8 Pack,https://www.tesco.com/groceries/en-GB/shop/household/all?department=Cleaning&viewAll=department&page=,£3.00,£0.38/each,,,/groceries/en-GB/products/308498434,https://digitalcontent.api.tesco.com/v2/media/ghs/f6557f50-b7f8-4567-bbe1-386d1a3083c8/328b9a24-bd4f-43b8-9841-aa5f350389e0_1694707555.jpeg?h=225&w=225,
297774936,Tesco Ocean Bleach Tablets X40 160G,https://www.tesco.com/groceries/en-GB/shop/household/all?department=Cleaning&viewAll=department&page=,£2.25,£14.07/kg,,,/groceries/en-GB/products/297774936,https://digitalcontent.api.tesco.com/v2/media/ghs/d0f54573-fcf9-473e-b91b-6bd63143d21a/871cec39-cfcf-4647-8f2d-ecf921b6546f_824325382.jpeg?h=225&w=225,
307159953,Dettol Tru Clean Antibacterial Spray Pear 750Ml,https://www.tesco.com/groceries/en-GB/shop/household/all?department=Cleaning&viewAll=department&page=,£3.00,£4.00/litre,£2.00 Clubcard Price,,/groceries/en-GB/products/307159953,https://digitalcontent.api.tesco.com/v2/media/ghs/c11e415f-c956-49a6-bd3c-c6349955a7f6/6b1b375f-c8df-4ac6-a949-87cdb3ce2f67_1498319851.jpeg?h=225&w=225,
310137897,Bloo Brilliant Gel Arctic Ocean 42G,https://www.tesco.com/groceries/en-GB/shop/household/all?department=Cleaning&viewAll=department&page=,£2.40,£60.00/kg,,,/groceries/en-GB/products/310137897,https://digitalcontent.api.tesco.com/v2/media/ghs/ea0ec4a6-9492-48aa-83f9-34d224a22683/60fdc2ef-9b55-44e0-aab9-42e0c5a21c76_2026469848.jpeg?h=225&w=225,
294643267,Tesco Microfibre Cloths 2 Pack,https://www.tesco.com/groceries/en-GB/shop/household/all?department=Cleaning&viewAll=department&page=,£1.50,£0.75/each,,,/groceries/en-GB/products/294643267,https://digitalcontent.api.tesco.com/v2/media/ghs/19daf017-5c54-4cba-89a1-6b7ca430230b/17b0f204-edbc-48cd-b367-af148c0a399f_2061129824.jpeg?h=225&w=225,
309485183,Ecover Multiaction Surface Cleaner Orange Lemongrass 500Ml,https://www.tesco.com/groceries/en-GB/shop/household/all?department=Cleaning&viewAll=department&page=,£2.50,£5.00/litre,,,/groceries/en-GB/products/309485183,https://digitalcontent.api.tesco.com/v2/media/ghs/7380b91c-33ba-4e71-ba7d-e8e8b7d75829/1db6548a-39dc-46de-b033-228bf56e3819_1885829651.jpeg?h=225&w=225,
275444330,Spontex Heavy Duty Scourer Pads 3 Pack,https://www.tesco.com/groceries/en-GB/shop/household/all?department=Cleaning&viewAll=department&page=,£1.60,£0.53/each,,,/groceries/en-GB/products/275444330,https://digitalcontent.api.tesco.com/v2/media/ghs/e99b65ba-6db3-4615-929c-8aada97267af/65b5ff56-69f8-41ce-822a-d272ab89f7a7_1568859683.jpeg?h=225&w=225,
250358326,Tesco Dishwashing Rubber Gloves Small,https://www.tesco.com/groceries/en-GB/shop/household/all?department=Cleaning&viewAll=department&page=,£1.20,£1.20/Pair,,,/groceries/en-GB/products/250358326,https://digitalcontent.api.tesco.com/v2/media/ghs/6b761256-f059-4fa7-b50c-963222173c66/64c674df-9016-416b-b73a-768a7a77c1d2_951957317.jpeg?h=225&w=225,
291264985,Dettol Power & Fresh Spray Citrus 1L,https://www.tesco.com/groceries/en-GB/shop/household/all?department=Cleaning&viewAll=department&page=,£2.20,£2.20/litre,,,/groceries/en-GB/products/291264985,https://digitalcontent.api.tesco.com/v2/media/ghs/be855e03-514e-47ac-aaa9-9c55109de03c/a28c1be8-e5d4-4ef8-95aa-6604dcae5c99_238318344.jpeg?h=225&w=225,
261747949,Method Glass Cleaner Spray 828Ml,https://www.tesco.com/groceries/en-GB/shop/household/all?department=Cleaning&viewAll=department&page=,£4.00,£4.84/litre,£3.00 Clubcard Price,,/groceries/en-GB/products/261747949,https://digitalcontent.api.tesco.com/v2/media/ghs/8dafe715-8752-41c3-929c-e56dd3043b76/93042387-670f-4e60-9f8b-ab7914142892_596323609.jpeg?h=225&w=225,
299160571,Bloo Blue Activ Fresh Flowers Rim Block 2X50g,https://www.tesco.com/groceries/en-GB/shop/household/all?department=Cleaning&viewAll=department&page=,£3.00,£30.00/kg,£2.70 Clubcard Price,,/groceries/en-GB/products/299160571,https://digitalcontent.api.tesco.com/v2/media/ghs/bcbc0b2b-2227-41a6-b825-d3986ed9db0c/63403690-329c-44e1-b163-c0fc1553bdca_1197328279.jpeg?h=225&w=225,
302533380,Spontex Washups Mosaik Scourer 2 Pack,https://www.tesco.com/groceries/en-GB/shop/household/all?department=Cleaning&viewAll=department&page=,£1.20,£0.60/each,,,/groceries/en-GB/products/302533380,https://digitalcontent.api.tesco.com/v2/media/ghs/b19eaf4b-1cdd-4594-8120-03f8129a71ed/bb89d8f0-2bc0-4cf6-b6c9-6633fa1a0c1d_786885684.jpeg?h=225&w=225,
309767649,Ecover Limescale Remover Berries & Basil 500Ml,https://www.tesco.com/groceries/en-GB/shop/household/all?department=Cleaning&viewAll=department&page=,£3.15,£6.30/litre,,,/groceries/en-GB/products/309767649,https://digitalcontent.api.tesco.com/v2/media/ghs/3fb5691b-32d5-4280-9ce1-ec1457b992b2/55dd62a7-035a-412b-a859-8586dba68331_1332354422.jpeg?h=225&w=225,
311273517,Dettol Antibacterial Cleaning Spray Summer Fruits 1L,https://www.tesco.com/groceries/en-GB/shop/household/all?department=Cleaning&viewAll=department&page=,£2.00,£2.00/litre,,,/groceries/en-GB/products/311273517,https://digitalcontent.api.tesco.com/v2/media/ghs/168f3711-9592-469a-ba99-0844add9df6c/af39831e-0d2f-4304-9855-3e7d766a6681_1367719510.jpeg?h=225&w=225,
251095871,Wood Silk Non- Silicon Polish 250Ml,https://www.tesco.com/groceries/en-GB/shop/household/all?department=Cleaning&viewAll=department&page=,£1.30,£5.20/litre,,,/groceries/en-GB/products/251095871,https://digitalcontent.api.tesco.com/v2/media/ghs/28ac0b35-843c-44e2-8906-a83553b8294a/ff3fc84b-1fbf-4613-867c-4f94b14de2e4_344627575.jpeg?h=225&w=225,
305975957,Scrub Daddy Original Flex Texture Scrubber,https://www.tesco.com/groceries/en-GB/shop/household/all?department=Cleaning&viewAll=department&page=,£2.50,£2.50/each,,,/groceries/en-GB/products/305975957,https://digitalcontent.api.tesco.com/v2/media/ghs/8cb2c2d9-147c-4573-957f-83a84d2392ce/65f7e1b0-b0c3-457f-ad54-086eadf5d429_2118275781.jpeg?h=225&w=225,
309190813,Cillit Bang Burnt On Degreaser 750Ml,https://www.tesco.com/groceries/en-GB/shop/household/all?department=Cleaning&viewAll=department&page=,£2.00,£2.67/litre,,,/groceries/en-GB/products/309190813,https://digitalcontent.api.tesco.com/v2/media/ghs/bd27f92c-1bf3-4e9b-83f0-2c77cf3f5f8b/95e101d6-97ac-43e4-aa72-3b71486221cd_862717528.jpeg?h=225&w=225,
305039079,Cif Eco Refill Power & Shine Kitchen 70Ml,https://www.tesco.com/groceries/en-GB/shop/household/all?department=Cleaning&viewAll=department&page=,£1.45,£20.72/litre,,,/groceries/en-GB/products/305039079,https://digitalcontent.api.tesco.com/v2/media/ghs/580827ca-0b2b-4f69-ba00-acce920ecd01/a6690aec-c94e-40fb-9b03-88a37ea262fb_803790987.jpeg?h=225&w=225,
306350825,Keep It Handy Microfibre Cloths 4 Pack,https://www.tesco.com/groceries/en-GB/shop/household/all?department=Cleaning&viewAll=department&page=,£1.00,£0.25/each,,,/groceries/en-GB/products/306350825,https://digitalcontent.api.tesco.com/v2/media/ghs/e8aee9ef-a2d6-4802-8c81-b6d56c2f5f0e/7a088104-b2a2-4ae5-92a5-6de8821273b5_1411600485.jpeg?h=225&w=225,
311262968,Zoflora Country Garden Concentrated Disinfectant 120Ml,https://www.tesco.com/groceries/en-GB/shop/household/all?department=Cleaning&viewAll=department&page=,£1.30,£10.84/litre,,,/groceries/en-GB/products/311262968,https://digitalcontent.api.tesco.com/v2/media/ghs/172424fd-ff7e-497a-82df-5e52bd47c427/3f19115c-90f8-49ba-a1ea-c142194f5184_691115071.jpeg?h=225&w=225,
310137687,Tesco Daily Shower Cleaning Refill 9Ml,https://www.tesco.com/groceries/en-GB/shop/household/all?department=Cleaning&viewAll=department&page=,£0.75,£83.34/litre,,,/groceries/en-GB/products/310137687,https://digitalcontent.api.tesco.com/v2/media/ghs/cad65c37-8030-4389-a99b-0aeec69bcf1b/64c81ba0-0dcb-41be-b3e5-0bbd0c66f197_586259131.jpeg?h=225&w=225,
310111619,Tesco Antibacterial Kitchen Surface Cleaner Refill 9Ml,https://www.tesco.com/groceries/en-GB/shop/household/all?department=Cleaning&viewAll=department&page=,£0.75,£83.34/litre,,,/groceries/en-GB/products/310111619,https://digitalcontent.api.tesco.com/v2/media/ghs/635e8814-9b12-49e9-9b49-dde2c2b805a0/190e3893-e5ed-408d-9ffe-5b4b8729ce77_1286323859.jpeg?h=225&w=225,
304405391,Stardrops Pink Stuff Miracle Cream Cleaner 500Ml,https://www.tesco.com/groceries/en-GB/shop/household/all?department=Cleaning&viewAll=department&page=,£1.00,£2.00/litre,,,/groceries/en-GB/products/304405391,https://digitalcontent.api.tesco.com/v2/media/ghs/56f6a8bc-7b4d-43b2-bab4-e92d4cbaf2ed/9d1fa5ea-adb6-44af-a3bd-e05c56935395_820519410.jpeg?h=225&w=225,
271646178,Spontex Multi Purpose Disposable Gloves 100,https://www.tesco.com/groceries/en-GB/shop/household/all?department=Cleaning&viewAll=department&page=,£8.00,£0.08/each,,,/groceries/en-GB/products/271646178,https://digitalcontent.api.tesco.com/v2/media/ghs/3cb71fc8-2626-41d6-8514-6b39a2ebcdf3/fc57296b-4bfa-4c35-bc05-c6577f2a8a7e_1727825975.jpeg?h=225&w=225,
307156743,Spontex Protect 100 Disposable Gloves Size Large,https://www.tesco.com/groceries/en-GB/shop/household/all?department=Cleaning&viewAll=department&page=,£8.00,£0.08/each,,New,/groceries/en-GB/products/307156743,https://digitalcontent.api.tesco.com/v2/media/ghs/75fac341-b484-4023-a6f0-b35ca4dd5d38/f8d9120f-9633-4652-a3e9-7cd2ee0ee01f_1819489094.jpeg?h=225&w=225,
301947531,Hg Hair Unblocker 0.4 Litre,https://www.tesco.com/groceries/en-GB/shop/household/all?department=Cleaning&viewAll=department&page=,£7.50,£16.67/litre,,,/groceries/en-GB/products/301947531,https://digitalcontent.api.tesco.com/v2/media/ghs/adadb402-0392-4413-8f54-0f2390c0e0a1/66740bbd-51e5-4eb3-a183-05dcd397a494_1823409979.jpeg?h=225&w=225,
311960948,Mr Muscle Regime Pack Drain Gel Plus Foamer Pack,https://www.tesco.com/groceries/en-GB/shop/household/all?department=Cleaning&viewAll=department&page=,£6.00,£3.00/each,,,/groceries/en-GB/products/311960948,https://digitalcontent.api.tesco.com/v2/media/ghs/106ade35-f3d1-4033-9729-c4034a0563ee/fb671bf1-39cb-4583-883d-eb6d7438b34a_726779654.jpeg?h=225&w=225,
259543110,Vanish New Carpet&Uphlstery Spray 500Ml,https://www.tesco.com/groceries/en-GB/shop/household/all?department=Cleaning&viewAll=department&page=,£4.60,£9.20/litre,,,/groceries/en-GB/products/259543110,https://digitalcontent.api.tesco.com/v2/media/ghs/18d875e2-b4a9-4e01-8564-239b6d10dcac/c3ee6ecd-e212-4a97-a31b-1bf55679740c_1304736257.jpeg?h=225&w=225,
261875313,Spontex Handy Sensitive Disposable Gloves 20 Pack,https://www.tesco.com/groceries/en-GB/shop/household/all?department=Cleaning&viewAll=department&page=,£4.00,£0.20/each,,,/groceries/en-GB/products/261875313,https://digitalcontent.api.tesco.com/v2/media/ghs/a41bdb2f-5252-48c5-a3a6-02655deae13a/7012d368-73a4-4772-be8f-90b5bf5f0c86_29782912.jpeg?h=225&w=225,
299772342,Duck Fresh Disc Refill Lime 2 X 36Ml,https://www.tesco.com/groceries/en-GB/shop/household/all?department=Cleaning&viewAll=department&page=,£5.00,£69.45/litre,,,/groceries/en-GB/products/299772342,https://digitalcontent.api.tesco.com/v2/media/ghs/dc586131-64ab-4238-821b-beb5abc103a8/19a87a98-364b-451e-a304-0d28301ee037_1242237605.jpeg?h=225&w=225,
313174919,Scrub Daddy Dish Daddy Soap Dishwand Blue,https://www.tesco.com/groceries/en-GB/shop/household/all?department=Cleaning&viewAll=department&page=,£6.00,£6.00/each,,New,/groceries/en-GB/products/313174919,https://digitalcontent.api.tesco.com/v2/media/ghs/0bd67c59-0d10-4342-bea1-ba4199685ef5/d0f4cdc1-6a88-4052-9744-9f514809c946_1977488704.jpeg?h=225&w=225,
256043326,Mr Muscle Drain Foamer 500Ml,https://www.tesco.com/groceries/en-GB/shop/household/all?department=Cleaning&viewAll=department&page=,£4.00,£8.00/litre,,,/groceries/en-GB/products/256043326,https://digitalcontent.api.tesco.com/v2/media/ghs/93e44b5a-421d-4785-975c-6544a6610d2e/23fc4365-4438-4092-944c-f129f152d35b_242011102.jpeg?h=225&w=225,
311442145,Dishmatic Sponge Refills 6 Pack,https://www.tesco.com/groceries/en-GB/shop/household/all?department=Cleaning&viewAll=department&page=,£3.00,£0.50/each,,,/groceries/en-GB/products/311442145,https://digitalcontent.api.tesco.com/v2/media/ghs/595eb8a8-94d9-4d06-8711-824a33d04951/0388c80a-7c0a-4a11-b72a-c969faeb7e91_1003686953.jpeg?h=225&w=225,
266122932,Lord Sheraton Leather Wipes 24 Pack,https://www.tesco.com/groceries/en-GB/shop/household/all?department=Cleaning&viewAll=department&page=,£3.00,£0.12/each,,,/groceries/en-GB/products/266122932,https://digitalcontent.api.tesco.com/v2/media/ghs/6df26930-5708-4c54-ac48-b1741ec4e0ab/6e77f056-2eab-4443-befe-f94a95dc1787_1748066754.jpeg?h=225&w=225,
311216667,Dishmatic Istand Sponge With Handle,https://www.tesco.com/groceries/en-GB/shop/household/all?department=Cleaning&viewAll=department&page=,£3.00,£3.00/each,,,/groceries/en-GB/products/311216667,https://digitalcontent.api.tesco.com/v2/media/ghs/6c557a18-9486-4f5f-8f8c-e39680e43553/98b55eb3-fa7b-494f-88dc-0273296d6ebc_1422245517.jpeg?h=225&w=225,
310131486,Flash Xl Dust Magnet Duster Starter Kit & Refill X2,https://www.tesco.com/groceries/en-GB/shop/household/all?department=Cleaning&viewAll=department&page=,£6.00,£6.00/each,,,/groceries/en-GB/products/310131486,https://digitalcontent.api.tesco.com/v2/media/ghs/6d1c8b33-26c3-457d-a61f-129d48ea5b8e/7ee97a21-1f00-4cb6-a22b-0c7707b45eff_948830001.jpeg?h=225&w=225,
256727157,Tesco Tough Household Gloves Large,https://www.tesco.com/groceries/en-GB/shop/household/all?department=Cleaning&viewAll=department&page=,£2.30,£2.30/Pair,,,/groceries/en-GB/products/256727157,https://digitalcontent.api.tesco.com/v2/media/ghs/bd14e20f-f4a1-46d3-abf0-6cf7f5a076a9/f6768946-520d-4cf5-badf-19f543ef061e_1149900851.jpeg?h=225&w=225,
261747926,Method Wood Floor Cleaner 739Ml,https://www.tesco.com/groceries/en-GB/shop/household/all?department=Cleaning&viewAll=department&page=,£4.50,£6.09/litre,£3.50 Clubcard Price,,/groceries/en-GB/products/261747926,https://digitalcontent.api.tesco.com/v2/media/ghs/ed79161d-fd82-4184-ae57-d08348aaf886/bd47808a-7746-433c-9998-6c55d6cbd0a8_1023028596.jpeg?h=225&w=225,
302348144,Hg Scale Away Foamspray 500Ml,https://www.tesco.com/groceries/en-GB/shop/household/all?department=Cleaning&viewAll=department&page=,£3.30,£6.60/litre,,,/groceries/en-GB/products/302348144,https://digitalcontent.api.tesco.com/v2/media/ghs/abd8d5fc-7c54-42e7-9ba0-7ad75ab6cd10/ff51e1d3-5eba-4cce-8398-0bd0a0d90b0b_2058399431.jpeg?h=225&w=225,
262534382,Spontex Style Dish Brush,https://www.tesco.com/groceries/en-GB/shop/household/all?department=Cleaning&viewAll=department&page=,£2.80,£2.80/each,,,/groceries/en-GB/products/262534382,https://digitalcontent.api.tesco.com/v2/media/ghs/b20a23bd-38db-436b-b94f-efe28cae1977/9e271bc6-d7cd-444c-b4bb-25fa6005e2b8_918899032.jpeg?h=225&w=225,
309194636,Zoflora Linen Fresh Concentrated Disinfectant 500Ml,https://www.tesco.com/groceries/en-GB/shop/household/all?department=Cleaning&viewAll=department&page=,£4.00,£8.00/litre,,,/groceries/en-GB/products/309194636,https://digitalcontent.api.tesco.com/v2/media/ghs/bf78942d-09c1-45fb-8829-51b424e38b70/38b35209-5229-4941-81f6-247ce9d27860_1998187765.jpeg?h=225&w=225,
261187177,Dettol Disinfectant Liquid Lavender And Orange Oil 500 Ml,https://www.tesco.com/groceries/en-GB/shop/household/all?department=Cleaning&viewAll=department&page=,£3.00,£6.00/litre,,,/groceries/en-GB/products/261187177,https://digitalcontent.api.tesco.com/v2/media/ghs/a08909a0-399f-4cbe-adb4-66fa0eda10bb/b76ca43f-c966-4fa6-8c99-c8e6673fbefa_1357022540.jpeg?h=225&w=225,
311695070,Bloo Colour Active Lavender 2 X 50G,https://www.tesco.com/groceries/en-GB/shop/household/all?department=Cleaning&viewAll=department&page=,£3.00,£30.00/kg,£2.70 Clubcard Price,,/groceries/en-GB/products/311695070,https://digitalcontent.api.tesco.com/v2/media/ghs/f5f1d744-99d0-4d76-b25b-d2280a18afd8/888766ee-f82c-45f7-9385-71cb0d54d0a3_1060334332.jpeg?h=225&w=225,
291420236,Tesco Granite & Marble Cleaner 500Ml,https://www.tesco.com/groceries/en-GB/shop/household/all?department=Cleaning&viewAll=department&page=,£2.00,£4.00/litre,,,/groceries/en-GB/products/291420236,https://digitalcontent.api.tesco.com/v2/media/ghs/90ee1b6c-bb6f-4248-a017-bec08f712bfa/ae2f801e-73e4-4c66-bbd2-0035437867d5_985909252.jpeg?h=225&w=225,
309758016,Dettol 105 Large Antibacterial Cleaning Wipes Green Apple,https://www.tesco.com/groceries/en-GB/shop/household/all?department=Cleaning&viewAll=department&page=,£3.00,£2.86/100sht,,,/groceries/en-GB/products/309758016,https://digitalcontent.api.tesco.com/v2/media/ghs/b8b5bce7-7a7f-4f05-9383-2e1083985e9d/49b5c5ae-ec35-4514-8235-4256d27f625c_1259874397.jpeg?h=225&w=225,
252195025,Spontex Handy Tough Scourer,https://www.tesco.com/groceries/en-GB/shop/household/all?department=Cleaning&viewAll=department&page=,£1.85,£1.85/each,,,/groceries/en-GB/products/252195025,https://digitalcontent.api.tesco.com/v2/media/ghs/0051b761-1b0d-4782-8b23-162d34c35815/33ad4e52-8dbe-4444-9635-a5d3eadd0757_456010680.jpeg?h=225&w=225,
311445384,Dettol Antibacterial Large Wipes Summerfruits 105'S,https://www.tesco.com/groceries/en-GB/shop/household/all?department=Cleaning&viewAll=department&page=,£3.00,£0.03/each,,,/groceries/en-GB/products/311445384,https://digitalcontent.api.tesco.com/v2/media/ghs/7d81143b-1ab5-4236-b65f-34136561cd02/57a1be56-dfad-4d25-91cf-80afe004c313_1129014907.jpeg?h=225&w=225,
310696447,Flash Speed Mop Dry Pads 20 Pack,https://www.tesco.com/groceries/en-GB/shop/household/all?department=Cleaning&viewAll=department&page=,£3.50,£0.18/each,,,/groceries/en-GB/products/310696447,https://digitalcontent.api.tesco.com/v2/media/ghs/b8bb1b56-bc69-4165-a960-8717851ad5bc/0ebf430a-2575-4639-ad5a-4b049e1e7ae1_1544774640.jpeg?h=225&w=225,
291420328,Tesco Stainless Steel Cleaner 500Ml,https://www.tesco.com/groceries/en-GB/shop/household/all?department=Cleaning&viewAll=department&page=,£2.00,£4.00/litre,,,/groceries/en-GB/products/291420328,https://digitalcontent.api.tesco.com/v2/media/ghs/12e05e04-ac0c-464f-b405-f38d65119102/49ab5f90-330a-4cb3-a8c3-f20653f12679_585732693.jpeg?h=225&w=225,
301948609,Hg Professional Limescale Remover Half Litre,https://www.tesco.com/groceries/en-GB/shop/household/all?department=Cleaning&viewAll=department&page=,£3.70,£7.40/litre,,,/groceries/en-GB/products/301948609,https://digitalcontent.api.tesco.com/v2/media/ghs/63f05eab-a7f6-49d1-a467-0aa6971c48f7/a0541483-5317-4180-891f-98582bc79718_1286258604.jpeg?h=225&w=225,
309160095,Dettol All In One Disinfectant Spray Orchid Blossom 500Ml,https://www.tesco.com/groceries/en-GB/shop/household/all?department=Cleaning&viewAll=department&page=,£3.00,£6.00/litre,,,/groceries/en-GB/products/309160095,https://digitalcontent.api.tesco.com/v2/media/ghs/f99c2cc9-b039-479c-94cc-2af704caffd4/15d4a240-7d9b-46d1-83a9-97f3bcf51ddc_1784568269.jpeg?h=225&w=225,
310845338,Dettol Antibacterial All In One Disinfectant Summerfruits 500Ml,https://www.tesco.com/groceries/en-GB/shop/household/all?department=Cleaning&viewAll=department&page=,£3.00,£6.00/litre,,,/groceries/en-GB/products/310845338,https://digitalcontent.api.tesco.com/v2/media/ghs/aea216fc-85f5-47fb-b4c3-a383f39d6e90/8cb08081-787f-4dd2-b27d-e32d5acabdfa_501266298.jpeg?h=225&w=225,
311428284,Bloo Power Active Flowers 3 X 50G,https://www.tesco.com/groceries/en-GB/shop/household/all?department=Cleaning&viewAll=department&page=,£2.90,£19.34/kg,,,/groceries/en-GB/products/311428284,https://digitalcontent.api.tesco.com/v2/media/ghs/a9640734-9d0d-4295-975b-75364b28febe/bc98b1b5-e897-4ff0-a25b-4deec0d3a7f7_69413341.jpeg?h=225&w=225,
310669702,Bloo Colour Active Bleach Rim Block 2X50g,https://www.tesco.com/groceries/en-GB/shop/household/all?department=Cleaning&viewAll=department&page=,£3.00,£30.00/kg,£2.70 Clubcard Price,,/groceries/en-GB/products/310669702,https://digitalcontent.api.tesco.com/v2/media/ghs/0126976f-f20e-4269-ae0d-a1d6df40b22d/b1bf0d13-2874-4429-8fb9-2f5e42194c7e_1208893934.jpeg?h=225&w=225,
307355087,Bloo Power Tabs Anti Limescale Lemon 12X25g,https://www.tesco.com/groceries/en-GB/shop/household/all?department=Cleaning&viewAll=department&page=,£3.00,£10.00/kg,,,/groceries/en-GB/products/307355087,https://digitalcontent.api.tesco.com/v2/media/ghs/3f4bd912-9c1c-4dfe-9e6a-3419249a49b5/a8e0f18f-3475-4ffc-8688-0e9974949e82_1398970638.jpeg?h=225&w=225,
302348189,Hg Glass & Mirror Spray 500Ml,https://www.tesco.com/groceries/en-GB/shop/household/all?department=Cleaning&viewAll=department&page=,£2.50,£5.00/litre,,,/groceries/en-GB/products/302348189,https://digitalcontent.api.tesco.com/v2/media/ghs/374c96a8-0878-404d-8388-365f94e6ee17/186e458b-ecf6-4377-9aae-32bb0b3a80f0_143067372.jpeg?h=225&w=225,
308118079,Cif Antibacterial & Multi Purpose Spray 700Ml,https://www.tesco.com/groceries/en-GB/shop/household/all?department=Cleaning&viewAll=department&page=,£2.00,£2.86/litre,,,/groceries/en-GB/products/308118079,https://digitalcontent.api.tesco.com/v2/media/ghs/032c2297-c1e0-4444-8a6b-d9d3045728bf/6247b132-50e5-4720-a320-e4799e1057c9_1535065840.jpeg?h=225&w=225,
271225803,Bloo Acticlean Block Violet Twin,https://www.tesco.com/groceries/en-GB/shop/household/all?department=Cleaning&viewAll=department&page=,£1.50,£19.74/kg,,,/groceries/en-GB/products/271225803,https://digitalcontent.api.tesco.com/v2/media/ghs/2d4ef7e1-d9b6-49f5-88b7-8f7c115ac35b/e2f85be8-01f9-4425-8a20-987e42192228_189743846.jpeg?h=225&w=225,
307898538,Keep It Handy Vinyl Gloves 8 Pack,https://www.tesco.com/groceries/en-GB/shop/household/all?department=Cleaning&viewAll=department&page=,£1.00,£0.12/each,,,/groceries/en-GB/products/307898538,https://digitalcontent.api.tesco.com/v2/media/ghs/e98fc6f0-e14c-489b-9de5-02334f6e3dfa/f02c6c8d-e4f1-4865-88af-332e56ed6c6a_754358169.jpeg?h=225&w=225,
310118226,Stardrops The Pink Stuff Paste 850G,https://www.tesco.com/groceries/en-GB/shop/household/all?department=Cleaning&viewAll=department&page=,£1.50,£1.77/kg,,,/groceries/en-GB/products/310118226,https://digitalcontent.api.tesco.com/v2/media/ghs/d25508ea-8701-4945-8bef-5255f2f72ecf/07c367a3-e285-4cc3-9687-ea3957948a4d_1254451065.jpeg?h=225&w=225,
295025548,Tesco Soap Filled Pads 10 Pack,https://www.tesco.com/groceries/en-GB/shop/household/all?department=Cleaning&viewAll=department&page=,£0.90,£0.09/each,,,/groceries/en-GB/products/295025548,https://digitalcontent.api.tesco.com/v2/media/ghs/1b9d90f7-71fc-4dd0-9ab1-dab708e7fa60/41a55718-3d8c-48e7-9db0-6069e4719aeb_1848616493.jpeg?h=225&w=225,
306350952,Keep It Handy Drain Rod,https://www.tesco.com/groceries/en-GB/shop/household/all?department=Cleaning&viewAll=department&page=,£1.00,£1.00/each,,,/groceries/en-GB/products/306350952,https://digitalcontent.api.tesco.com/v2/media/ghs/7a133955-d218-4aa3-9aef-2180179ffd74/402c9715-8cb0-43e8-9cfb-9897ba608bbb_2049064590.jpeg?h=225&w=225,
305836420,Cillit Bang Power Hob Cleaner 40 Usages 200Ml,https://www.tesco.com/groceries/en-GB/shop/household/all?department=Cleaning&viewAll=department&page=,£1.00,£5.00/litre,,,/groceries/en-GB/products/305836420,https://digitalcontent.api.tesco.com/v2/media/ghs/87451474-fa02-487e-b0f6-87499c993bd2/96d4634e-c0e5-45ff-b368-21ca339b7240_1491087757.jpeg?h=225&w=225,
310108751,Tesco Window & Glass Cleaning Refill 9Ml,https://www.tesco.com/groceries/en-GB/shop/household/all?department=Cleaning&viewAll=department&page=,£0.75,£83.34/litre,,,/groceries/en-GB/products/310108751,https://digitalcontent.api.tesco.com/v2/media/ghs/052c2afc-b8f9-4c38-978a-0fbcc2de32da/911952a8-dfa6-46ff-a400-a58af9c197c1_1951507626.jpeg?h=225&w=225,
252423528,Cif Original Cream 500Ml,https://www.tesco.com/groceries/en-GB/shop/household/all?department=Cleaning&viewAll=department&page=,£1.25,£2.50/litre,,,/groceries/en-GB/products/252423528,https://digitalcontent.api.tesco.com/v2/media/ghs/07dd0a7e-a31c-4566-93a0-e8fda5afe7ec/c2770295-3d81-4159-a67a-1dd50af3798a_1665223194.jpeg?h=225&w=225,
304411509,Stardrops Pink Stuff Multi Purpose Cleaner 750Ml,https://www.tesco.com/groceries/en-GB/shop/household/all?department=Cleaning&viewAll=department&page=,£0.99,£1.32/litre,Aldi Price Match,,/groceries/en-GB/products/304411509,https://digitalcontent.api.tesco.com/v2/media/ghs/69e4ac30-e496-46df-9603-936da093ffc9/e861055c-9d7a-44f7-a8e9-aadea2349125_39130753.jpeg?h=225&w=225,
306350900,Keep It Handy Anti-Bacterial Cleaning Pad,https://www.tesco.com/groceries/en-GB/shop/household/all?department=Cleaning&viewAll=department&page=,£1.00,£1.00/each,,,/groceries/en-GB/products/306350900,https://digitalcontent.api.tesco.com/v2/media/ghs/8f4cb724-83a3-4b2e-9de5-ef8fcfbfddeb/c52de820-c865-4b79-a9de-f91a829837c1_1678997926.jpeg?h=225&w=225,
310177408,Tesco Antibacterial Bathroom Cleaner Refill 9Ml,https://www.tesco.com/groceries/en-GB/shop/household/all?department=Cleaning&viewAll=department&page=,£0.75,£83.34/litre,,,/groceries/en-GB/products/310177408,https://digitalcontent.api.tesco.com/v2/media/ghs/e4ffc146-c59a-498d-8721-537096bb864b/fa258e0a-a413-4e82-9ac9-cdf2e369788a_2123715543.jpeg?h=225&w=225,
310108457,Tesco Apple Antibacterial Multi Purpose Cleaner Refill 9Ml,https://www.tesco.com/groceries/en-GB/shop/household/all?department=Cleaning&viewAll=department&page=,£0.75,£83.34/litre,,,/groceries/en-GB/products/310108457,https://digitalcontent.api.tesco.com/v2/media/ghs/90411522-0b05-4a41-963f-3ff535e9f757/85cb2f0a-e3e5-480e-af7b-292ecbacdbdf_1890547297.jpeg?h=225&w=225,
302348265,Hg Carpet & Upholstery Cleaner Product 95 1L,https://www.tesco.com/groceries/en-GB/shop/household/all?department=Cleaning&viewAll=department&page=,£6.60,£6.60/litre,,,/groceries/en-GB/products/302348265,https://digitalcontent.api.tesco.com/v2/media/ghs/516c894a-c526-4b95-bc16-c563cb93383e/173f7da9-da04-4a92-8ed1-23545965c151_1095703879.jpeg?h=225&w=225,
294008012,Hg Hagesan Liquid Drain Unblock 1L,https://www.tesco.com/groceries/en-GB/shop/household/all?department=Cleaning&viewAll=department&page=,£4.25,£4.25/litre,,,/groceries/en-GB/products/294008012,https://digitalcontent.api.tesco.com/v2/media/ghs/3a7c399d-f573-4e46-9a7a-27178ca35319/00bdfe1b-d6ea-4c6f-9663-a01a40247475_566762337.jpeg?h=225&w=225,
299772388,Duck Fresh Discs 2 Refills Marine 2X36ml,https://www.tesco.com/groceries/en-GB/shop/household/all?department=Cleaning&viewAll=department&page=,£5.00,£69.45/litre,,,/groceries/en-GB/products/299772388,https://digitalcontent.api.tesco.com/v2/media/ghs/3a7be057-2086-46a2-9281-f6b7085e1fe8/7215dc1f-6492-4759-93ce-d086288296ab_1102753873.jpeg?h=225&w=225,
293673590,Jeyes Fluid Fluid 1Ltr 1Ltr,https://www.tesco.com/groceries/en-GB/shop/household/all?department=Cleaning&viewAll=department&page=,£7.00,£7.00/litre,,,/groceries/en-GB/products/293673590,https://digitalcontent.api.tesco.com/v2/media/ghs/8b6098ec-76e1-4cc4-acdb-90b557ac1077/892aaa6a-7599-4c9d-b2b0-10032e93a3a2_1073212455.jpeg?h=225&w=225,
294007900,Hg Oven Grill & Bbq Cleaner 500Ml,https://www.tesco.com/groceries/en-GB/shop/household/all?department=Cleaning&viewAll=department&page=,£6.00,£12.00/litre,,,/groceries/en-GB/products/294007900,https://digitalcontent.api.tesco.com/v2/media/ghs/4f172b31-b444-494a-a317-4fd51ca345bb/c99848b2-8ece-486f-b59d-70b5cd5f25f5_1621825506.jpeg?h=225&w=225,
311421435,Duck Fresh Discs Refills Cosmic Peach 2 X 36Ml,https://www.tesco.com/groceries/en-GB/shop/household/all?department=Cleaning&viewAll=department&page=,£5.00,£69.45/litre,,,/groceries/en-GB/products/311421435,https://digitalcontent.api.tesco.com/v2/media/ghs/16dd068f-769c-4741-9646-f2154c083aa3/2b1ae347-749b-4c1c-ad10-61f9cdde0fb6_545838275.jpeg?h=225&w=225,
257095153,Goddards Long Term Silver Polish 125Ml,https://www.tesco.com/groceries/en-GB/shop/household/all?department=Cleaning&viewAll=department&page=,£3.30,£26.40/litre,,,/groceries/en-GB/products/257095153,https://digitalcontent.api.tesco.com/v2/media/ghs/f43dfd1d-91df-4a1e-820b-e8627b7429e8/964d5466-9557-4758-a2b4-a382b99b959c_1069593900.jpeg?h=225&w=225,
310019228,Tesco Microfibre Bendy Duster Blue Grey,https://www.tesco.com/groceries/en-GB/shop/household/all?department=Cleaning&viewAll=department&page=,£5.00,£5.00/each,,,/groceries/en-GB/products/310019228,https://digitalcontent.api.tesco.com/v2/media/ghs/665fd3f0-c673-4814-85f2-44147d772cb2/b8037e02-2cef-4f7f-9b3f-9f0f12150dbf_65606055.jpeg?h=225&w=225,
311686357,Duck Fresh Disc Refill Floral Moon 2X36ml,https://www.tesco.com/groceries/en-GB/shop/household/all?department=Cleaning&viewAll=department&page=,£5.00,£69.45/litre,,,/groceries/en-GB/products/311686357,https://digitalcontent.api.tesco.com/v2/media/ghs/e104b863-81e4-4343-bef1-a9a1585834df/375899d9-e240-49d9-bd5e-fb105bb65be7_45316670.jpeg?h=225&w=225,
310019234,Tesco Cloth Mop Blue Grey,https://www.tesco.com/groceries/en-GB/shop/household/all?department=Cleaning&viewAll=department&page=,£4.00,£4.00/each,,,/groceries/en-GB/products/310019234,https://digitalcontent.api.tesco.com/v2/media/ghs/b732ca2d-2053-45c6-a7ef-ac9cf34c8279/26297519-2731-4d46-9705-2151a23c03f5_1733407505.jpeg?h=225&w=225,
312837126,Scrub Daddy Sponge Daddy Dual Sided Sponge 4 Pack,https://www.tesco.com/groceries/en-GB/shop/household/all?department=Cleaning&viewAll=department&page=,£4.00,£1.00/each,,New,/groceries/en-GB/products/312837126,https://digitalcontent.api.tesco.com/v2/media/ghs/887df6f9-31d2-457c-8ca7-ea285270cb5d/fca0f27f-7073-4d2a-9c44-495f00a51cc9_705363122.jpeg?h=225&w=225,
311672877,Method Multisurface Concentrate Bing Cherry & Bergamot 240Ml,https://www.tesco.com/groceries/en-GB/shop/household/all?department=Cleaning&viewAll=department&page=,£4.75,£19.80/litre,,,/groceries/en-GB/products/311672877,https://digitalcontent.api.tesco.com/v2/media/ghs/052ef72e-2918-41e3-ad96-02ab11ae0da3/66085c1f-f8c2-4a88-914e-f5bc425b9b33_588076465.jpeg?h=225&w=225,
256429216,Vileda Magic Mop Flat Refill,https://www.tesco.com/groceries/en-GB/shop/household/all?department=Cleaning&viewAll=department&page=,£4.00,£4.00/each,,,/groceries/en-GB/products/256429216,https://digitalcontent.api.tesco.com/v2/media/ghs/6e6b4d00-926f-4257-a910-e438edb8d6f8/788897fc-e4c5-4f5a-94a9-102644aeb7ae_326414956.jpeg?h=225&w=225,
311421683,Method Multisurface Concentrate Lotus Flower & Sage 240Ml,https://www.tesco.com/groceries/en-GB/shop/household/all?department=Cleaning&viewAll=department&page=,£4.75,£19.80/litre,,,/groceries/en-GB/products/311421683,https://digitalcontent.api.tesco.com/v2/media/ghs/bce38871-95e6-49ad-9bce-f0976afb6f37/2e5c780e-7361-4f72-bffc-e0987dd1f815_1282958914.jpeg?h=225&w=225,
309785496,Spontex Microfibre Window Cloth,https://www.tesco.com/groceries/en-GB/shop/household/all?department=Cleaning&viewAll=department&page=,£3.00,£3.00/each,,,/groceries/en-GB/products/309785496,https://digitalcontent.api.tesco.com/v2/media/ghs/bb3fc614-186f-4b71-b765-ea2bdcd06f70/7a6f7d7d-dd54-4cca-8fba-54474bbaeab4_280702134.jpeg?h=225&w=225,
301947237,Hg Quick Descaler Half Litre,https://www.tesco.com/groceries/en-GB/shop/household/all?department=Cleaning&viewAll=department&page=,£5.10,£10.20/litre,,,/groceries/en-GB/products/301947237,https://digitalcontent.api.tesco.com/v2/media/ghs/de78e88b-7d36-4c1c-bc0a-5212e8839779/b4d0ba52-e55c-42e2-932d-823beeaaca4e_1901934951.jpeg?h=225&w=225,
261760414,Vileda Supermocio Microfibre & Cotton Mop Refill,https://www.tesco.com/groceries/en-GB/shop/household/all?department=Cleaning&viewAll=department&page=,£4.50,£4.50/each,,,/groceries/en-GB/products/261760414,https://digitalcontent.api.tesco.com/v2/media/ghs/1f7af3e1-40b5-4cb7-8fc8-5513dd49d81c/42327539-7878-4cc8-94d1-16977175a8e2_1395707495.jpeg?h=225&w=225,
311228707,Method Multisurface Concentrate Mango & Citrus 240Ml,https://www.tesco.com/groceries/en-GB/shop/household/all?department=Cleaning&viewAll=department&page=,£4.75,£19.80/litre,,,/groceries/en-GB/products/311228707,https://digitalcontent.api.tesco.com/v2/media/ghs/fa59a650-9dae-4f3b-9493-108a5fbc623d/482d7a34-c5e5-4f45-b455-5b15241d9022_1110473106.jpeg?h=225&w=225,
301947259,Hg Grease Away Half Litre,https://www.tesco.com/groceries/en-GB/shop/household/all?department=Cleaning&viewAll=department&page=,£3.90,£7.80/litre,,,/groceries/en-GB/products/301947259,https://digitalcontent.api.tesco.com/v2/media/ghs/5e47a33b-ee78-4648-97f7-19bbff0b1549/69a3f8b3-6bf5-4e67-9368-4b31ebaaf1c2_1128313021.jpeg?h=225&w=225,
312703262,Dettol Antibacterial Cleansing Surface Wipes Lime & Mint 126S,https://www.tesco.com/groceries/en-GB/shop/household/all?department=Cleaning&viewAll=department&page=,£3.35,£0.03/each,,New,/groceries/en-GB/products/312703262,https://digitalcontent.api.tesco.com/v2/media/ghs/e7443b39-7c91-4952-86f2-9739a6ff4a81/98aa3d55-d36b-4b3f-96cd-60181f9756d7_2107138217.jpeg?h=225&w=225,
250361696,Marigold Bathroom Medium,https://www.tesco.com/groceries/en-GB/shop/household/all?department=Cleaning&viewAll=department&page=,£2.75,£2.75/Pair,,,/groceries/en-GB/products/250361696,https://digitalcontent.api.tesco.com/v2/media/ghs/8994c7aa-1646-403d-aa17-adcd8f0c0abc/a9945c47-f3b2-4493-9422-f687727a8fcd_1853188466.jpeg?h=225&w=225,
310019263,Tesco Microfibre Mop Refill Blue Grey,https://www.tesco.com/groceries/en-GB/shop/household/all?department=Cleaning&viewAll=department&page=,£2.50,£2.50/each,,,/groceries/en-GB/products/310019263,https://digitalcontent.api.tesco.com/v2/media/ghs/ab52781e-80db-45c8-ad02-e141104bd505/20f15606-a67b-4731-9ff2-01b9009262c5_586744717.jpeg?h=225&w=225,
291420294,Tesco Leather Cleaner 500Ml,https://www.tesco.com/groceries/en-GB/shop/household/all?department=Cleaning&viewAll=department&page=,£2.00,£4.00/litre,,,/groceries/en-GB/products/291420294,https://digitalcontent.api.tesco.com/v2/media/ghs/86212df8-f4db-45a3-922c-8c64edc260a2/16525ec0-8947-4c9c-b7c5-4f3b5774ce13_922536289.jpeg?h=225&w=225,
310019240,Tesco Cloth Mop Refill Blue Grey,https://www.tesco.com/groceries/en-GB/shop/household/all?department=Cleaning&viewAll=department&page=,£2.50,£2.50/each,,,/groceries/en-GB/products/310019240,https://digitalcontent.api.tesco.com/v2/media/ghs/82d9266c-6cae-4eab-8659-d81e59bc4925/78de2f77-b108-4799-9024-4da29288c7bc_390876341.jpeg?h=225&w=225,
310156186,Neat Antibacterial Multisurface Cleaner Mango & Fig 30Ml,https://www.tesco.com/groceries/en-GB/shop/household/all?department=Cleaning&viewAll=department&page=,£2.50,£83.34/litre,£1.75 Clubcard Price,,/groceries/en-GB/products/310156186,https://digitalcontent.api.tesco.com/v2/media/ghs/d4471390-cdd8-4ed5-9ed6-29673321c4dd/d6724524-0f27-4ac9-ba47-3453eee62bd7_1467703630.jpeg?h=225&w=225,
310189924,Neat Antibacterial Bathroom Cleaner Sage & Mint Starter Pack,https://www.tesco.com/groceries/en-GB/shop/household/all?department=Cleaning&viewAll=department&page=,£6.00,£6.00/each,£4.00 Clubcard Price,,/groceries/en-GB/products/310189924,https://digitalcontent.api.tesco.com/v2/media/ghs/7867f54d-48a8-46ab-9079-c8767223f073/3a46843e-4404-42b7-860c-64da9ed15dc4_1669087312.jpeg?h=225&w=225,
308901252,Hinch Bamboo Kitchen Brush,https://www.tesco.com/groceries/en-GB/shop/household/all?department=Cleaning&viewAll=department&page=,£2.00,£2.00/each,£1.50 Clubcard Price,,/groceries/en-GB/products/308901252,https://digitalcontent.api.tesco.com/v2/media/ghs/ac54c80c-13c9-4b2b-8fbb-ca1492fe8903/19f6c293-5fb9-427b-bfe0-287729f67c51_575114727.jpeg?h=225&w=225,
306350969,Keep It Handy Sink Strainers 2 Pack,https://www.tesco.com/groceries/en-GB/shop/household/all?department=Cleaning&viewAll=department&page=,£1.00,£0.50/each,,,/groceries/en-GB/products/306350969,https://digitalcontent.api.tesco.com/v2/media/ghs/f774c182-121c-4c2b-b477-548500fb9ce4/c23a719c-1a7d-4cf7-9d73-950ae84d7f60_1237825369.jpeg?h=225&w=225,
309178368,Lifebuoy Antibacterial Multisurface Spray 735Ml,https://www.tesco.com/groceries/en-GB/shop/household/all?department=Cleaning&viewAll=department&page=,£2.00,£2.73/litre,,,/groceries/en-GB/products/309178368,https://digitalcontent.api.tesco.com/v2/media/ghs/3b8830d2-d992-48b2-aa5e-2b6982560ae0/8ef1fa80-35e7-49e4-9406-ea2ea9f8cf0a_1435813661.jpeg?h=225&w=225,
308088810,Oceansaver Kitchen Degreaser Kit Citrus Kelp 10Ml,https://www.tesco.com/groceries/en-GB/shop/household/all?department=Cleaning&viewAll=department&page=,£2.35,£235.00/litre,,,/groceries/en-GB/products/308088810,https://digitalcontent.api.tesco.com/v2/media/ghs/ce8bc089-f9dd-4530-b3cd-c6d11347678a/f1601d71-46e4-491b-9770-f39c7e46efd2_940682071.jpeg?h=225&w=225,
310121832,Neat Concentrated Refill Multisurface Cleaner Grapefruit 30Ml,https://www.tesco.com/groceries/en-GB/shop/household/all?department=Cleaning&viewAll=department&page=,£2.50,£83.34/litre,£1.75 Clubcard Price,,/groceries/en-GB/products/310121832,https://digitalcontent.api.tesco.com/v2/media/ghs/f55e39f6-0fb4-4ab3-be01-fe05f99a82d5/7f8d0f1a-d616-4936-99a8-5bc56d51bf5f_892070398.jpeg?h=225&w=225,
308107069,Oceansaver Kit Bathroom Pomegranate Tide Cleaner 15G,https://www.tesco.com/groceries/en-GB/shop/household/all?department=Cleaning&viewAll=department&page=,£2.35,£156.67/kg,,,/groceries/en-GB/products/308107069,https://digitalcontent.api.tesco.com/v2/media/ghs/b43e0f28-d95a-49d3-ab8e-179b1e655c85/233b337a-1571-44dd-a414-f2c6c3370b2e_1757201985.jpeg?h=225&w=225,
308086524,Oceansaver Kit Multi Purpose Cleaner Apple Breezer 10Ml,https://www.tesco.com/groceries/en-GB/shop/household/all?department=Cleaning&viewAll=department&page=,£2.35,£235.00/litre,,,/groceries/en-GB/products/308086524,https://digitalcontent.api.tesco.com/v2/media/ghs/460fd64c-b4e7-4bf0-843f-96cca3aaa099/08528236-7069-40c4-9f17-d9618b6f9eb9_1563043025.jpeg?h=225&w=225,
308087978,Oceansaver Kitchen Degreser Ecodrop Citrus Kelp 10Ml,https://www.tesco.com/groceries/en-GB/shop/household/all?department=Cleaning&viewAll=department&page=,£1.50,£150.00/litre,,,/groceries/en-GB/products/308087978,https://digitalcontent.api.tesco.com/v2/media/ghs/4cbfd12f-7d09-4823-9550-d00d5aeba428/fcd14b52-b09c-4d01-ba7b-b2d4213cfb0c_1755079365.jpeg?h=225&w=225,
310672346,Neat Antibacterial Bathroom Cleaner Sage & Mint Refill 30Ml,https://www.tesco.com/groceries/en-GB/shop/household/all?department=Cleaning&viewAll=department&page=,£2.50,£83.34/litre,£1.75 Clubcard Price,,/groceries/en-GB/products/310672346,https://digitalcontent.api.tesco.com/v2/media/ghs/efe2f67e-4be6-4658-946a-ac613bd83598/4df088fe-8b7c-480d-bc3f-1dbf60fa7d27_808250702.jpeg?h=225&w=225,
310191022,Spontex Unwrapped Microfibre Cloth,https://www.tesco.com/groceries/en-GB/shop/household/all?department=Cleaning&viewAll=department&page=,£1.00,£1.00/each,,,/groceries/en-GB/products/310191022,https://digitalcontent.api.tesco.com/v2/media/ghs/0a0ab244-678c-4849-931a-09b0edfedbef/48ce17c7-dacd-4fa9-b081-913cf28568dc_1659400166.jpeg?h=225&w=225,
308091892,Ocean Saver Ecodrop Pomegranate Tide 15G,https://www.tesco.com/groceries/en-GB/shop/household/all?department=Cleaning&viewAll=department&page=,£1.50,£100.00/kg,,,/groceries/en-GB/products/308091892,https://digitalcontent.api.tesco.com/v2/media/ghs/73c7edf7-b31f-4d7d-ac84-b0dc445a178e/b0c92720-931f-411c-9077-9996f3426763_1429065540.jpeg?h=225&w=225,
308101719,Ocean Saver Antibacterial Spray Ocean Mist 10Ml,https://www.tesco.com/groceries/en-GB/shop/household/all?department=Cleaning&viewAll=department&page=,£1.50,£150.00/litre,,,/groceries/en-GB/products/308101719,https://digitalcontent.api.tesco.com/v2/media/ghs/abd31586-8fb7-491c-ab65-4a9b84d6b856/450eef8e-a623-4431-87bb-b6dec4340b75_47543328.jpeg?h=225&w=225,
307749232,Cif Ecorefill Anti-Bacterial & Shine Multi Purpose 70Ml,https://www.tesco.com/groceries/en-GB/shop/household/all?department=Cleaning&viewAll=department&page=,£1.45,£20.72/litre,,,/groceries/en-GB/products/307749232,https://digitalcontent.api.tesco.com/v2/media/ghs/be63249f-2261-4cb0-8d82-f77a360d1c1d/330b14f6-b910-4b97-a594-c94f06d32770_1810350816.jpeg?h=225&w=225,
309199406,Lifebuoy Multisurface Antibacterial Eco Refill Spray 70Ml,https://www.tesco.com/groceries/en-GB/shop/household/all?department=Cleaning&viewAll=department&page=,£1.50,£21.43/litre,,,/groceries/en-GB/products/309199406,https://digitalcontent.api.tesco.com/v2/media/ghs/ac89ae91-9ffc-4909-9660-818c2eee14e7/53f33d0b-b6a1-46ae-9108-d54672f2e298_61029569.jpeg?h=225&w=225,
308111708,Oceansaver Apple Multi Purpose Cleaner Ecodrops 10Ml,https://www.tesco.com/groceries/en-GB/shop/household/all?department=Cleaning&viewAll=department&page=,£1.50,£150.00/litre,,,/groceries/en-GB/products/308111708,https://digitalcontent.api.tesco.com/v2/media/ghs/a76dcff3-c237-4a49-b886-7a0b88c820a5/a667794c-afee-41f5-93f1-d703ac627d81_832493908.jpeg?h=225&w=225,
312101907,Oceansaver Surface Cleaner Pnk/Grft 9Ml,https://www.tesco.com/groceries/en-GB/shop/household/all?department=Cleaning&viewAll=department&page=,£1.50,£166.67/litre,,,/groceries/en-GB/products/312101907,https://digitalcontent.api.tesco.com/v2/media/ghs/5bdda031-8d92-4ba6-a04a-dc62b540c052/de30f383-5c99-4660-8cd7-018abbae7a7b_2140999988.jpeg?h=225&w=225,
306351029,Keep It Handy Blind Cleaner,https://www.tesco.com/groceries/en-GB/shop/household/all?department=Cleaning&viewAll=department&page=,£1.00,£1.00/each,,,/groceries/en-GB/products/306351029,https://digitalcontent.api.tesco.com/v2/media/ghs/c9239788-7c9f-46c3-a54d-c5d07005d412/34989a84-fcbb-4ff2-85ee-9d264ffe3414_1890653704.jpeg?h=225&w=225,
294007998,Hg Upvc Powerful Cleaner 500Ml,https://www.tesco.com/groceries/en-GB/shop/household/all?department=Cleaning&viewAll=department&page=,£5.50,£11.00/litre,,,/groceries/en-GB/products/294007998,https://digitalcontent.api.tesco.com/v2/media/ghs/13bc7b57-b3ee-4a14-bff6-a03db9e2728c/26ae8aba-050f-40ec-bee3-980012633e0f_825083285.jpeg?h=225&w=225,
310660547,Neat Antibacterial Multisurface Cleaner Fig & Mango Starter Pack,https://www.tesco.com/groceries/en-GB/shop/household/all?department=Cleaning&viewAll=department&page=,£6.00,£6.00/each,£4.00 Clubcard Price,,/groceries/en-GB/products/310660547,https://digitalcontent.api.tesco.com/v2/media/ghs/4e4dcb7b-29d2-45f0-9f2b-14c1fd2a860e/c13908d6-69bd-4c08-9482-e60fe016c2f4_53657668.jpeg?h=225&w=225,
310700297,Neat Multisurface Cleaner Grapefruit & Ylang Ylang Starter Pack,https://www.tesco.com/groceries/en-GB/shop/household/all?department=Cleaning&viewAll=department&page=,£6.00,£6.00/each,£4.00 Clubcard Price,,/groceries/en-GB/products/310700297,https://digitalcontent.api.tesco.com/v2/media/ghs/6fb39bec-2490-4c4d-8861-2751df3a270d/6d2435d6-6601-43bd-b3d7-20181ccfc710_1204707569.jpeg?h=225&w=225,
308107991,Oceansaver Glass Starter Kit Sea Spray 10Ml,https://www.tesco.com/groceries/en-GB/shop/household/all?department=Cleaning&viewAll=department&page=,£2.35,£235.00/litre,,,/groceries/en-GB/products/308107991,https://digitalcontent.api.tesco.com/v2/media/ghs/b6e3676d-6b5b-4fee-9cc8-23ec95fb49a2/5c259928-a137-434e-93ca-9ca388bf6bc7_2117476523.jpeg?h=225&w=225,
308099025,Oceansaver Antibacterial Starter Kit Ocean Mist 10Ml,https://www.tesco.com/groceries/en-GB/shop/household/all?department=Cleaning&viewAll=department&page=,£2.35,£235.00/litre,,,/groceries/en-GB/products/308099025,https://digitalcontent.api.tesco.com/v2/media/ghs/05352c39-d892-4c57-9eba-bac4b76d9d54/b1ffed24-149a-453f-ac30-ca4deb11220a_415883934.jpeg?h=225&w=225,
312348768,Finish Ultimate All In One Dishwasher Tablets Lemon 70Pk 903G,https://www.tesco.com/groceries/en-GB/shop/household/all?department=Kitchen%20Cleaners&viewAll=department&page=,£11.50,£12.74/kg,,,/groceries/en-GB/products/312348768,https://digitalcontent.api.tesco.com/v2/media/ghs/8ac99ba8-fa89-45ea-a294-a52765cb7d3a/dc4f342f-8be1-436b-b67a-684812324ef6_344540909.jpeg?h=225&w=225,
312565482,Fairy Platinum Plus Lemon 32 Dishwasher Tablets 496G,https://www.tesco.com/groceries/en-GB/shop/household/all?department=Kitchen%20Cleaners&viewAll=department&page=,£9.00,£18.15/kg,,,/groceries/en-GB/products/312565482,https://digitalcontent.api.tesco.com/v2/media/ghs/9ca137f8-6b97-43ab-8b63-544717ee95a7/a6d7b3ed-0367-4665-9af3-6e4c12986327_1378692895.jpeg?h=225&w=225,
299160398,Mr Muscle Max Gel Unblocker 1000Ml,https://www.tesco.com/groceries/en-GB/shop/household/all?department=Kitchen%20Cleaners&viewAll=department&page=,£4.00,£4.00/litre,2 for £6 Clubcard Price - Mr Muscle Max Gel Unblocker 1000 Ml,,/groceries/en-GB/products/299160398,https://digitalcontent.api.tesco.com/v2/media/ghs/cea7450b-a51c-4ddc-abf2-b5484c8b94b3/b77b7bc9-63d3-42c1-a912-f1171d205cb1_2136243828.jpeg?h=225&w=225,
262374000,Regina Kitchen Towels Blitz 2 Rolls,https://www.tesco.com/groceries/en-GB/shop/household/all?department=Kitchen%20Cleaners&viewAll=department&page=,£4.70,£3.36/100sht,,,/groceries/en-GB/products/262374000,https://digitalcontent.api.tesco.com/v2/media/ghs/cb488755-74da-44aa-9923-8788aad0ffa7/8746b490-11ca-477b-92a6-fa919adf4d9f_1829859792.jpeg?h=225&w=225,
308868066,Flash Speed Mop Refill Pads 12 Pads,https://www.tesco.com/groceries/en-GB/shop/household/all?department=Kitchen%20Cleaners&viewAll=department&page=,£3.95,£0.33/each,,,/groceries/en-GB/products/308868066,https://digitalcontent.api.tesco.com/v2/media/ghs/46c5d1cc-e48f-48a0-b335-fc0c38dd6a89/ca3aca33-783e-481a-83fc-e97631d1d557_1310015054.jpeg?h=225&w=225,
296653200,Tesco Ultra Kitchen Towel 200 Sheets,https://www.tesco.com/groceries/en-GB/shop/household/all?department=Kitchen%20Cleaners&viewAll=department&page=,£2.50,£1.25/100sht,,New,/groceries/en-GB/products/296653200,https://digitalcontent.api.tesco.com/v2/media/ghs/5777d79c-2a27-4263-a599-d0ea5015ed4f/f2bf365b-adcf-473d-b2d7-c237e7830a5e_1823014203.jpeg?h=225&w=225,
250360288,Marigold Extra Life Gloves Kitchen Medium,https://www.tesco.com/groceries/en-GB/shop/household/all?department=Kitchen%20Cleaners&viewAll=department&page=,£2.60,£2.60/Pair,,,/groceries/en-GB/products/250360288,https://digitalcontent.api.tesco.com/v2/media/ghs/e12116e8-ab14-43c9-b554-eec111efddca/cb8918a9-b761-4cb8-a49b-0c9449481b0b_962835357.jpeg?h=225&w=225,
250360501,Marigold Extra Life Gloves Kitchen Large,https://www.tesco.com/groceries/en-GB/shop/household/all?department=Kitchen%20Cleaners&viewAll=department&page=,£2.60,£2.60/Pair,,,/groceries/en-GB/products/250360501,https://digitalcontent.api.tesco.com/v2/media/ghs/6369e0e6-e2df-4ef7-965c-f14cdd527a00/7799f9e0-58dc-4e91-a0d4-ab7f8527860b_1500464316.jpeg?h=225&w=225,
305965105,Tesco Kitchen Towel 4 Roll,https://www.tesco.com/groceries/en-GB/shop/household/all?department=Kitchen%20Cleaners&viewAll=department&page=,£4.00,£1.00/100sht,,,/groceries/en-GB/products/305965105,https://digitalcontent.api.tesco.com/v2/media/ghs/96fe6df8-8628-495e-b3cc-b59b16158714/8a466dac-5b86-4301-b8c7-dbde4aff7f97_1487810366.jpeg?h=225&w=225,
296653125,Plenty White Kitchen Roll 200 Sheets,https://www.tesco.com/groceries/en-GB/shop/household/all?department=Kitchen%20Cleaners&viewAll=department&page=,£5.25,£2.63/100sht,£3.75 Clubcard Price,,/groceries/en-GB/products/296653125,https://digitalcontent.api.tesco.com/v2/media/ghs/8e7c549c-1635-4a29-a49f-2609b936d5e7/ad2c6ca8-ddfe-4e7e-9eaa-9894321ae980_145029176.jpeg?h=225&w=225,
278418870,Tesco Sink & Drain Unblocker 500Ml,https://www.tesco.com/groceries/en-GB/shop/household/all?department=Kitchen%20Cleaners&viewAll=department&page=,£2.25,£4.50/litre,,,/groceries/en-GB/products/278418870,https://digitalcontent.api.tesco.com/v2/media/ghs/2e2a20cb-8c65-42c8-9bea-425a1472431c/bc2ffda2-642a-4cb4-b1ee-515a92130c52_1885418749.jpeg?h=225&w=225,
264038125,Regina Blitz Kitchen Towel 1 Roll,https://www.tesco.com/groceries/en-GB/shop/household/all?department=Kitchen%20Cleaners&viewAll=department&page=,£3.00,£3.00/100sht,,,/groceries/en-GB/products/264038125,https://digitalcontent.api.tesco.com/v2/media/ghs/15249b91-35f9-49d2-8b03-fd78b03b1c76/82b1c4da-70de-48a4-af7a-c7a95ffd288f_318852362.jpeg?h=225&w=225,
262984608,Tesco Dishwasher Salt 3Kg,https://www.tesco.com/groceries/en-GB/shop/household/all?department=Kitchen%20Cleaners&viewAll=department&page=,£2.90,£0.97/kg,,,/groceries/en-GB/products/262984608,https://digitalcontent.api.tesco.com/v2/media/ghs/9f66dab5-8e81-4c82-ac6e-e4c84e09867b/ba88021f-884e-4771-a495-8e7ffa931c97_483398246.jpeg?h=225&w=225,
305976553,Tesco Kitchen Towel 2 Rolls,https://www.tesco.com/groceries/en-GB/shop/household/all?department=Kitchen%20Cleaners&viewAll=department&page=,£2.45,£1.23/100sht,,,/groceries/en-GB/products/305976553,https://digitalcontent.api.tesco.com/v2/media/ghs/7e2cbddd-75d3-48f1-883a-3dd5dc66f1c7/463c8423-a961-4d0c-aac5-2e93d5e4a41d_508058420.jpeg?h=225&w=225,
311934715,Fairy Platinum Antibacterial Washing Liquid Eucalyptus 870Ml,https://www.tesco.com/groceries/en-GB/shop/household/all?department=Kitchen%20Cleaners&viewAll=department&page=,£2.49,£2.87/litre,,,/groceries/en-GB/products/311934715,https://digitalcontent.api.tesco.com/v2/media/ghs/04733140-b7d1-485f-a878-c31d17b63800/5202f472-3792-4341-a63c-8e43fdeb2fc7_41982070.jpeg?h=225&w=225,
305959695,Tesco Decorated Kitchen Towel 2X100 Sheets,https://www.tesco.com/groceries/en-GB/shop/household/all?department=Kitchen%20Cleaners&viewAll=department&page=,£2.45,£1.23/100sht,,,/groceries/en-GB/products/305959695,https://digitalcontent.api.tesco.com/v2/media/ghs/c87e3b46-0638-4642-b124-9a5360734788/8132dbf4-f433-4bce-ba58-fc975c3fddbf_145238165.jpeg?h=225&w=225,
272360220,Tesco Dishwasher Rinse Aid Citrus 400Ml,https://www.tesco.com/groceries/en-GB/shop/household/all?department=Kitchen%20Cleaners&viewAll=department&page=,£1.90,£4.75/litre,,,/groceries/en-GB/products/272360220,https://digitalcontent.api.tesco.com/v2/media/ghs/bdde6926-5fdc-4a31-9139-0a0d649f4a46/81d9a455-e39e-4e23-a388-38fb0963d767_294793484.jpeg?h=225&w=225,
312568847,Fairy Platinum Quick Wash Washing Up Liquid 870Ml,https://www.tesco.com/groceries/en-GB/shop/household/all?department=Kitchen%20Cleaners&viewAll=department&page=,£2.49,£2.87/litre,Aldi Price Match,,/groceries/en-GB/products/312568847,https://digitalcontent.api.tesco.com/v2/media/ghs/364583df-013d-4b5d-bb1d-ad9f80baadac/a45c1c86-c701-4936-9c67-2c9a3c37c26e_1969040013.jpeg?h=225&w=225,
255284917,Tesco All Purpose Cloths 25 Pack,https://www.tesco.com/groceries/en-GB/shop/household/all?department=Kitchen%20Cleaners&viewAll=department&page=,£2.50,£0.10/each,,,/groceries/en-GB/products/255284917,https://digitalcontent.api.tesco.com/v2/media/ghs/5d51a3e0-eba8-43a5-a7c5-66ea10864c60/f1745113-6c7e-42f7-a001-cdd6fcf62377_358421174.jpeg?h=225&w=225,
296653102,Plenty White Kitchen Roll 100 Sheets,https://www.tesco.com/groceries/en-GB/shop/household/all?department=Kitchen%20Cleaners&viewAll=department&page=,£2.70,£2.70/100sht,,,/groceries/en-GB/products/296653102,https://digitalcontent.api.tesco.com/v2/media/ghs/3263e8f3-60a4-4949-bc28-fbb2c9f5851f/60044d07-5f6b-4398-91cc-f8c870f55975_163057844.jpeg?h=225&w=225,
306495786,Tesco Kitchen Towel 1 Roll 100 Sheets,https://www.tesco.com/groceries/en-GB/shop/household/all?department=Kitchen%20Cleaners&viewAll=department&page=,,,,,/groceries/en-GB/products/306495786,https://digitalcontent.api.tesco.com/v2/media/ghs/9e9fc1ed-daf6-4fa5-89e3-f79b90c5b5c2/0da4d0be-ae70-45d6-9488-28f47e04e06c_1077940585.jpeg?h=225&w=225,This product's currently out of stock
311207459,Regina Xxl Absorb 2 Roll Kitchen Towel,https://www.tesco.com/groceries/en-GB/shop/household/all?department=Kitchen%20Cleaners&viewAll=department&page=,£4.25,£2.84/100sht,£3.00 Clubcard Price,,/groceries/en-GB/products/311207459,https://digitalcontent.api.tesco.com/v2/media/ghs/ee434dee-8aad-4c5d-9f85-9f29ef5b2122/b181aadc-48be-48dd-a9d8-56449adc55c8_274132109.jpeg?h=225&w=225,
252675391,Viakal Bathroom Limescale Remover Spray 500Ml,https://www.tesco.com/groceries/en-GB/shop/household/all?department=Kitchen%20Cleaners&viewAll=department&page=,£2.50,£5.00/litre,,,/groceries/en-GB/products/252675391,https://digitalcontent.api.tesco.com/v2/media/ghs/c0c145c5-500c-43f3-b244-13e930c5e9dc/5fbb4a4f-4159-488e-ad8a-f14508c33f3a_1919693209.jpeg?h=225&w=225,
250364658,Tesco Dishwashing Rubber Gloves Medium,https://www.tesco.com/groceries/en-GB/shop/household/all?department=Kitchen%20Cleaners&viewAll=department&page=,£1.20,£1.20/Pair,,,/groceries/en-GB/products/250364658,,
291547075,Viakal Limescale Spray With Febreeze 500Ml,https://www.tesco.com/groceries/en-GB/shop/household/all?department=Kitchen%20Cleaners&viewAll=department&page=,£2.50,£5.00/litre,,,/groceries/en-GB/products/291547075,https://digitalcontent.api.tesco.com/v2/media/ghs/d214da44-3a13-4b55-9ab3-6ad393c33a8e/ff56d60a-2be3-4657-bab1-d6ddc376262a_996775380.jpeg?h=225&w=225,
311253150,Tesco Dishwasher Freshener Lemon 2X6ml,https://www.tesco.com/groceries/en-GB/shop/household/all?department=Kitchen%20Cleaners&viewAll=department&page=,£1.75,£14.59/100ml,,New,/groceries/en-GB/products/311253150,https://digitalcontent.api.tesco.com/v2/media/ghs/8c5dc2bb-5a00-4271-94c2-2472e867b3c4/3a0380c3-708d-46da-8819-8d67dc6161bf_1571537460.jpeg?h=225&w=225,
311680997,Tesco Antibacterial Biodegradable Floor Wipes Lemon 25'S,https://www.tesco.com/groceries/en-GB/shop/household/all?department=Kitchen%20Cleaners&viewAll=department&page=,£1.50,£6.00/100sht,,,/groceries/en-GB/products/311680997,https://digitalcontent.api.tesco.com/v2/media/ghs/654e7fb3-ef89-4a4c-a7ee-9c008f8e6dda/e7206011-f2b5-4878-adf6-10a028d75577_578254031.jpeg?h=225&w=225,
311693509,Tesco Antibacterial Biodegradable Floor Wipes Apple 25'S,https://www.tesco.com/groceries/en-GB/shop/household/all?department=Kitchen%20Cleaners&viewAll=department&page=,£1.50,£6.00/100sht,,,/groceries/en-GB/products/311693509,https://digitalcontent.api.tesco.com/v2/media/ghs/7cb0e43a-e4cd-499e-89ae-41d095677106/9ac45044-2371-4cf6-b9c7-f9b695d34d6b_1224822153.jpeg?h=225&w=225,
311802872,Fairy Washing Up Liquid Max Power Antibacterial 660Ml,https://www.tesco.com/groceries/en-GB/shop/household/all?department=Kitchen%20Cleaners&viewAll=department&page=,£3.00,£4.55/litre,£2.50 Clubcard Price,,/groceries/en-GB/products/311802872,https://digitalcontent.api.tesco.com/v2/media/ghs/987734d3-62ad-4409-93fc-77416265682c/09f64b38-e283-4c47-89d9-0ce1b95903a0_1293466512.jpeg?h=225&w=225,
302808286,Dettol Power & Pure Kitchen Spray 1L,https://www.tesco.com/groceries/en-GB/shop/household/all?department=Kitchen%20Cleaners&viewAll=department&page=,£2.00,£2.00/litre,,,/groceries/en-GB/products/302808286,https://digitalcontent.api.tesco.com/v2/media/ghs/748fe64a-cf77-4cd7-b0de-f0794fb92666/c177d711-71f5-4cb2-bdb4-fddf3947bd76_1249978570.jpeg?h=225&w=225,
312580083,Flash Cleaning Spray With Bleach Eucalyptus Scent 800Ml,https://www.tesco.com/groceries/en-GB/shop/household/all?department=Kitchen%20Cleaners&viewAll=department&page=,£2.00,£2.50/litre,,,/groceries/en-GB/products/312580083,https://digitalcontent.api.tesco.com/v2/media/ghs/d7b7a47d-030f-4c50-bce7-0cb797cbfa09/08b25b9d-3453-412f-b31d-fe9e62d31c77_1827711770.jpeg?h=225&w=225,
290151924,Fairy Original Washing Up Liquid Original 780Ml,https://www.tesco.com/groceries/en-GB/shop/household/all?department=Kitchen%20Cleaners&viewAll=department&page=,£2.00,£2.57/litre,,,/groceries/en-GB/products/290151924,https://digitalcontent.api.tesco.com/v2/media/ghs/76499661-939d-4e74-ac3c-434e386d780a/1d4f2bda-c9c5-444b-9722-2533b5a36554_268643420.jpeg?h=225&w=225,
255284946,Tesco All Purpose Cloths 10 Pack,https://www.tesco.com/groceries/en-GB/shop/household/all?department=Kitchen%20Cleaners&viewAll=department&page=,£1.25,£0.12/each,,,/groceries/en-GB/products/255284946,https://digitalcontent.api.tesco.com/v2/media/ghs/8426eeac-e9fa-4d53-a6ba-1b16ca745e61/c33d44bc-9229-43e1-a3fd-1c34ceb77639_802911742.jpeg?h=225&w=225,
290138630,Fairy Lemon Washing Up Liquid Lemon 780Ml,https://www.tesco.com/groceries/en-GB/shop/household/all?department=Kitchen%20Cleaners&viewAll=department&page=,£2.00,£2.57/litre,,,/groceries/en-GB/products/290138630,https://digitalcontent.api.tesco.com/v2/media/ghs/c718d9cc-8d44-48ce-9cbd-d86352e7dff2/6c66c81e-41f0-495c-ac9e-780dd483e8d5_1485925767.jpeg?h=225&w=225,
311278034,Fairy Citrus Grove Washing Up Liquid 780Ml,https://www.tesco.com/groceries/en-GB/shop/household/all?department=Kitchen%20Cleaners&viewAll=department&page=,£2.00,£2.57/litre,,,/groceries/en-GB/products/311278034,https://digitalcontent.api.tesco.com/v2/media/ghs/d94db80e-c93e-4cad-a8a5-f8437a3a7136/59e22560-1a74-48ea-99a1-069af896b846_1998824941.jpeg?h=225&w=225,
250479407,Oust All Purpose Descaler 3 Pack,https://www.tesco.com/groceries/en-GB/shop/household/all?department=Kitchen%20Cleaners&viewAll=department&page=,£1.10,£14.67/litre,,,/groceries/en-GB/products/250479407,https://digitalcontent.api.tesco.com/v2/media/ghs/fcb98783-1e80-4f46-b54b-504f99231ea3/49f5a3b9-ce73-4e36-9031-8cf8b59acee6_560277952.jpeg?h=225&w=225,
304784891,Tesco Antibacterial Kitchen Cleaner With Bleach 750Ml,https://www.tesco.com/groceries/en-GB/shop/household/all?department=Kitchen%20Cleaners&viewAll=department&page=,£0.95,£1.27/litre,,,/groceries/en-GB/products/304784891,https://digitalcontent.api.tesco.com/v2/media/ghs/2936b7df-780b-40ec-87c7-bed6cbada340/be443a37-bf89-432e-9411-e989b5f21ca0_556992034.jpeg?h=225&w=225,
312345397,Fairy Washing Up Liquid Original Lemon 383Ml,https://www.tesco.com/groceries/en-GB/shop/household/all?department=Kitchen%20Cleaners&viewAll=department&page=,£1.00,£2.62/litre,,,/groceries/en-GB/products/312345397,https://digitalcontent.api.tesco.com/v2/media/ghs/04026149-ad48-4b2e-8eb4-40d88a0d3552/5e3dbe6f-14ff-4169-8911-64dd60f895d9_790253206.jpeg?h=225&w=225,
311442865,Fairy Original Washing Up Liquid 383Ml,https://www.tesco.com/groceries/en-GB/shop/household/all?department=Kitchen%20Cleaners&viewAll=department&page=,£1.00,£2.62/litre,,,/groceries/en-GB/products/311442865,https://digitalcontent.api.tesco.com/v2/media/ghs/eccdb487-cd2b-4ca9-9024-e71e4bf3669c/00e43e5b-6a0b-4a81-a73e-6dae29567176_387207454.jpeg?h=225&w=225,
301737250,Springforce Sponge Scourers 8 Pack,https://www.tesco.com/groceries/en-GB/shop/household/all?department=Kitchen%20Cleaners&viewAll=department&page=,£0.43,£0.05/each,,,/groceries/en-GB/products/301737250,https://digitalcontent.api.tesco.com/v2/media/ghs/f73271cb-2530-4155-96d4-fd55e9039dfd/e02fa7d8-22c7-482f-9c2b-13bad89945ac_167815566.jpeg?h=225&w=225,
311958537,Tesco Rhubarb & Rose Washing Up Liquid 500Ml,https://www.tesco.com/groceries/en-GB/shop/household/all?department=Kitchen%20Cleaners&viewAll=department&page=,£0.55,£1.10/litre,,,/groceries/en-GB/products/311958537,https://digitalcontent.api.tesco.com/v2/media/ghs/59c6bbdd-d434-4c1c-8cac-519e5483b0d7/3a3fe779-dcad-4398-a950-f484fa9cd6d5_1013941783.jpeg?h=225&w=225,
311802365,Tesco Antibacterial Eucalyptus Washing Up Liquid 500Ml,https://www.tesco.com/groceries/en-GB/shop/household/all?department=Kitchen%20Cleaners&viewAll=department&page=,,,,,/groceries/en-GB/products/311802365,https://digitalcontent.api.tesco.com/v2/media/ghs/20352709-407c-4fb7-a96a-71054d8d581a/9ec69a8e-b0e9-4e7d-bb02-4d51c1fe1104_278557718.jpeg?h=225&w=225,This product's currently out of stock
301884380,Springforce All Purpose Cloths 10 Pack,https://www.tesco.com/groceries/en-GB/shop/household/all?department=Kitchen%20Cleaners&viewAll=department&page=,£0.41,£0.04/each,Aldi Price Match,,/groceries/en-GB/products/301884380,https://digitalcontent.api.tesco.com/v2/media/ghs/390d1b14-ac14-4e98-b163-ffb5145b7b70/snapshotimagehandler_889878296.jpeg?h=225&w=225,
311681604,Clean & Fresh Zesty Lemon Washing Up Liquid 500Ml,https://www.tesco.com/groceries/en-GB/shop/household/all?department=Kitchen%20Cleaners&viewAll=department&page=,£0.45,£0.90/litre,,,/groceries/en-GB/products/311681604,https://digitalcontent.api.tesco.com/v2/media/ghs/39b40ef1-fea6-410c-bd6f-ce4ba837cb82/d362ac5d-273d-422a-97fc-eca44f0c7915_1476837650.jpeg?h=225&w=225,
311945178,Tesco Lemon Washing Up Liquid 500Ml,https://www.tesco.com/groceries/en-GB/shop/household/all?department=Kitchen%20Cleaners&viewAll=department&page=,£0.55,£1.10/litre,Aldi Price Match,,/groceries/en-GB/products/311945178,https://digitalcontent.api.tesco.com/v2/media/ghs/7184951c-a27f-407f-9149-a04e1167d4be/81536f32-6bd7-4115-9835-2ea853b0a2d0_1370330448.jpeg?h=225&w=225,
312109827,Tesco Original Washing Up Liquid 500Ml,https://www.tesco.com/groceries/en-GB/shop/household/all?department=Kitchen%20Cleaners&viewAll=department&page=,£0.55,£1.10/litre,Aldi Price Match,,/groceries/en-GB/products/312109827,https://digitalcontent.api.tesco.com/v2/media/ghs/1ab782cd-1e49-4f9e-936d-3fa202a3cc17/snapshotimagehandler_39860269.jpeg?h=225&w=225,
312365966,Clean & Fresh Original Washing Up Liquid 500Ml,https://www.tesco.com/groceries/en-GB/shop/household/all?department=Kitchen%20Cleaners&viewAll=department&page=,£0.45,£0.90/litre,,,/groceries/en-GB/products/312365966,https://digitalcontent.api.tesco.com/v2/media/ghs/673eda55-9b16-4878-a37d-fd25c0e7cd0f/0d885423-b47a-44b2-9143-d5fd6d533e6e_1936874797.jpeg?h=225&w=225,
312348532,Fairy All In One Original Dishwasher Tablets 70 Pack 945G,https://www.tesco.com/groceries/en-GB/shop/household/all?department=Kitchen%20Cleaners&viewAll=department&page=,£10.00,£10.59/kg,,,/groceries/en-GB/products/312348532,,
312579166,Fairy Platinum Plus All In One Lemon Dishwasher Tablets 51 Pack 791G,https://www.tesco.com/groceries/en-GB/shop/household/all?department=Kitchen%20Cleaners&viewAll=department&page=,£12.00,£15.18/kg,£9.00 Clubcard Price,,/groceries/en-GB/products/312579166,https://digitalcontent.api.tesco.com/v2/media/ghs/8edfe5b6-19d2-4753-9d70-acbf66fa5294/ceec293f-1410-4ff3-86e6-08ba94aa8df7_891032713.jpeg?h=225&w=225,
312097488,Fairy Platinum All In One Lemon Dishwasher Tablets 59 Pack 879G,https://www.tesco.com/groceries/en-GB/shop/household/all?department=Kitchen%20Cleaners&viewAll=department&page=,£10.00,£11.38/kg,£9.00 Clubcard Price,,/groceries/en-GB/products/312097488,https://digitalcontent.api.tesco.com/v2/media/ghs/0ae0bcda-cd63-40fb-8213-b9c5049c236e/c12e2e69-86e9-43c0-b90e-a9fbd5c0e8aa_206275657.jpeg?h=225&w=225,
299155687,Ecover Dishwasher Tabs All In One 22S 440G,https://www.tesco.com/groceries/en-GB/shop/household/all?department=Kitchen%20Cleaners&viewAll=department&page=,£7.00,£15.91/kg,,,/groceries/en-GB/products/299155687,https://digitalcontent.api.tesco.com/v2/media/ghs/3e6c3f9b-0711-445f-9ae6-94ae6188a8ca/87e0c77e-8620-4b89-a452-b60431850d76_1833361729.jpeg?h=225&w=225,
312717689,Fairy Original All In One Lemon 37 Dishwasher Tablets 500G,https://www.tesco.com/groceries/en-GB/shop/household/all?department=Kitchen%20Cleaners&viewAll=department&page=,£6.75,£13.50/kg,,,/groceries/en-GB/products/312717689,https://digitalcontent.api.tesco.com/v2/media/ghs/29ba1933-ed2a-43e6-8470-6ed441de0e1b/8cc60353-89e2-4c0b-a64d-a288da2012b7_128931579.jpeg?h=225&w=225,
296653148,Plenty Decorative One Kitchen Towel 300 Sheets,https://www.tesco.com/groceries/en-GB/shop/household/all?department=Kitchen%20Cleaners&viewAll=department&page=,£6.95,£2.32/100sht,,,/groceries/en-GB/products/296653148,https://digitalcontent.api.tesco.com/v2/media/ghs/25a3a84c-cd81-49e1-8ff6-01e97b0160f8/9c040e6c-d66c-4095-b8fb-0a5102c37236_2096637077.jpeg?h=225&w=225,
304787939,Finish Quantum Ultimate Original 44 Dishwasher 550G,https://www.tesco.com/groceries/en-GB/shop/household/all?department=Kitchen%20Cleaners&viewAll=department&page=,£9.00,£16.37/kg,£6.00 Clubcard Price,,/groceries/en-GB/products/304787939,https://digitalcontent.api.tesco.com/v2/media/ghs/490cf88d-9df3-469d-8e3a-04f81e884fcf/4f9af4bb-1d30-4b64-9368-697d719f3a48_58889855.jpeg?h=225&w=225,
305052454,Finish Quantum Ultimate Lemon 44 Dishwasher 550G,https://www.tesco.com/groceries/en-GB/shop/household/all?department=Kitchen%20Cleaners&viewAll=department&page=,£9.00,£16.37/kg,£6.00 Clubcard Price,,/groceries/en-GB/products/305052454,https://digitalcontent.api.tesco.com/v2/media/ghs/c0912806-db41-4ea5-bfa8-617a414ab28f/f2212cf2-b9e0-4afd-9b02-3686620e78f1_1792786401.jpeg?h=225&w=225,
250359037,Marigold Extra Life Gloves Kitchen Small,https://www.tesco.com/groceries/en-GB/shop/household/all?department=Kitchen%20Cleaners&viewAll=department&page=,£2.60,£2.60/Pair,,,/groceries/en-GB/products/250359037,https://digitalcontent.api.tesco.com/v2/media/ghs/e2970a3e-7b35-453d-a058-04399cd30aff/5b13490a-7f8b-4973-998a-a1ca6d9d0eb3_1115382879.jpeg?h=225&w=225,
252440070,Spontex 40 All Purpose Cloths On A Roll,https://www.tesco.com/groceries/en-GB/shop/household/all?department=Kitchen%20Cleaners&viewAll=department&page=,£3.50,£0.09/each,,,/groceries/en-GB/products/252440070,https://digitalcontent.api.tesco.com/v2/media/ghs/30d1ae05-f2d8-46ec-92bb-088813d3f5fc/28f07275-36a1-4513-9d69-1c43ba5ba73d_1544089698.jpeg?h=225&w=225,
259624251,Spontex Long Lasting Kitchen Cloth 2 Pack,https://www.tesco.com/groceries/en-GB/shop/household/all?department=Kitchen%20Cleaners&viewAll=department&page=,£3.15,£1.58/each,,,/groceries/en-GB/products/259624251,https://digitalcontent.api.tesco.com/v2/media/ghs/410ad7eb-bb4c-411f-a144-6105b2a7a21a/872296c6-64ba-4237-987c-a23062e186bc_83820891.jpeg?h=225&w=225,
276341714,Tesco Extra Wear Gloves Large,https://www.tesco.com/groceries/en-GB/shop/household/all?department=Kitchen%20Cleaners&viewAll=department&page=,£2.00,£2.00/Pair,,,/groceries/en-GB/products/276341714,https://digitalcontent.api.tesco.com/v2/media/ghs/930e98ee-a6bf-4dcd-98c9-7633b2471d05/709cf82a-1351-4cbf-9112-964a0c8025f6_363874796.jpeg?h=225&w=225,
276341974,Tesco Extra Wear Gloves Medium,https://www.tesco.com/groceries/en-GB/shop/household/all?department=Kitchen%20Cleaners&viewAll=department&page=,£2.00,£2.00/Pair,,,/groceries/en-GB/products/276341974,https://digitalcontent.api.tesco.com/v2/media/ghs/00711e7a-47bd-4ac7-8591-97909c476aa7/82531f5c-fc9a-454c-8a37-1c5d92eee811_2013153905.jpeg?h=225&w=225,
251590774,Mr Muscle Sink & Plug Drain Gel 500Ml,https://www.tesco.com/groceries/en-GB/shop/household/all?department=Kitchen%20Cleaners&viewAll=department&page=,£3.25,£6.50/litre,,,/groceries/en-GB/products/251590774,https://digitalcontent.api.tesco.com/v2/media/ghs/60a8e3df-1c29-4203-a63d-353a9115e760/588a8559-11cd-43d9-8072-d7efd98f62e8_691438227.jpeg?h=225&w=225,
299258940,Dettol Big & Strong Kitchen Wipes 25S,https://www.tesco.com/groceries/en-GB/shop/household/all?department=Kitchen%20Cleaners&viewAll=department&page=,£2.50,£10.00/100sht,£2.00 Clubcard Price,,/groceries/en-GB/products/299258940,https://digitalcontent.api.tesco.com/v2/media/ghs/37d347c7-3ff9-48ef-bb7b-b7f4725890e9/cd476cd9-a37c-4d2b-8406-e18b8ea2a025_1571637813.jpeg?h=225&w=225,
274348440,Method Kitchen Cleaning Spray Clementine 828Ml,https://www.tesco.com/groceries/en-GB/shop/household/all?department=Kitchen%20Cleaners&viewAll=department&page=,£4.00,£4.84/litre,£3.00 Clubcard Price,,/groceries/en-GB/products/274348440,https://digitalcontent.api.tesco.com/v2/media/ghs/f68541e5-746e-4b01-a621-f700d936372c/092a4b55-1a82-4d21-9e53-fafea6c4ec81_1051570055.jpeg?h=225&w=225,
259550698,Finish Lemon Dishwasher Powder 1 Kilograms,https://www.tesco.com/groceries/en-GB/shop/household/all?department=Kitchen%20Cleaners&viewAll=department&page=,£4.00,£4.00/kg,,,/groceries/en-GB/products/259550698,https://digitalcontent.api.tesco.com/v2/media/ghs/dbcbc128-48ab-4ab7-9c2c-7b5e2ffefab5/4a0da83e-1f53-4cda-91fd-da5bd6c35328_945214700.jpeg?h=225&w=225,
253841037,Oven Pride Cleaning System 500Ml,https://www.tesco.com/groceries/en-GB/shop/household/all?department=Kitchen%20Cleaners&viewAll=department&page=,£4.00,£8.00/litre,,,/groceries/en-GB/products/253841037,https://digitalcontent.api.tesco.com/v2/media/ghs/fffebb18-bd23-4e19-95d1-783347a46f34/d592d2cb-06e1-41e7-8ca9-1882e2a6733a_415424255.jpeg?h=225&w=225,
311667737,Tesco Antibacterial Multi Surface 120 Wipes Apple,https://www.tesco.com/groceries/en-GB/shop/household/all?department=Kitchen%20Cleaners&viewAll=department&page=,£2.25,£1.88/100sht,,,/groceries/en-GB/products/311667737,https://digitalcontent.api.tesco.com/v2/media/ghs/8a312378-c606-4a42-ab79-8c2c876518dc/3bca287d-89da-4640-938a-9cb765c14e61_1911309947.jpeg?h=225&w=225,
267362830,Tesco Pan Scourers 5 Pack,https://www.tesco.com/groceries/en-GB/shop/household/all?department=Kitchen%20Cleaners&viewAll=department&page=,£1.60,£0.32/each,,,/groceries/en-GB/products/267362830,https://digitalcontent.api.tesco.com/v2/media/ghs/f6184bc8-3400-468d-a6cf-a8cdf9066eab/snapshotimagehandler_2113966849.jpeg?h=225&w=225,
312581977,Fairy Quick Wash Washing Up Liquid Wild Berry 870Ml,https://www.tesco.com/groceries/en-GB/shop/household/all?department=Kitchen%20Cleaners&viewAll=department&page=,£2.49,£2.87/litre,,,/groceries/en-GB/products/312581977,https://digitalcontent.api.tesco.com/v2/media/ghs/953c0c96-fb47-4e31-87b6-06e1d177e03d/b3b5f15d-8ae1-4daa-83ce-4da0df114dbb_767494051.jpeg?h=225&w=225,
250044755,Mr.Muscle Oven Cleaner 300Ml,https://www.tesco.com/groceries/en-GB/shop/household/all?department=Kitchen%20Cleaners&viewAll=department&page=,£2.99,£9.97/litre,,,/groceries/en-GB/products/250044755,https://digitalcontent.api.tesco.com/v2/media/ghs/b9c7e4ca-1cb0-4ae9-8072-55a486c553c7/7910c69b-0ad4-4da5-9e19-4e0078629622_881967679.jpeg?h=225&w=225,
302442815,Plenty Handy Towels 75 Sheets,https://www.tesco.com/groceries/en-GB/shop/household/all?department=Kitchen%20Cleaners&viewAll=department&page=,£2.15,£2.87/100sht,,,/groceries/en-GB/products/302442815,https://digitalcontent.api.tesco.com/v2/media/ghs/bad8601b-8a16-4b17-af7f-be7a8931902a/81a49ebc-e842-4a12-80ab-c12358a8a129_1726596702.jpeg?h=225&w=225,
261811770,Tesco Round Dish Brush Platinum,https://www.tesco.com/groceries/en-GB/shop/household/all?department=Kitchen%20Cleaners&viewAll=department&page=,£1.50,£1.50/each,,,/groceries/en-GB/products/261811770,https://digitalcontent.api.tesco.com/v2/media/ghs/cd59d389-0187-4918-8b42-0d9a8d492a68/a7ab39c3-3821-43ac-8023-30ad56cef717_150216185.jpeg?h=225&w=225,
263403403,Spontex Tough Scourers 4 Pack,https://www.tesco.com/groceries/en-GB/shop/household/all?department=Kitchen%20Cleaners&viewAll=department&page=,£1.95,£0.49/each,,,/groceries/en-GB/products/263403403,https://digitalcontent.api.tesco.com/v2/media/ghs/6b1bbc11-e6d5-4ce8-9fd1-757c07b92c93/915fd97e-7b38-4224-b277-5df6927ea00b_1628926481.jpeg?h=225&w=225,
251904036,Spontex Easy Sponge Scourers 2 Pack,https://www.tesco.com/groceries/en-GB/shop/household/all?department=Kitchen%20Cleaners&viewAll=department&page=,£1.60,£0.80/each,,,/groceries/en-GB/products/251904036,https://digitalcontent.api.tesco.com/v2/media/ghs/bd6203d1-4c02-43d4-b22a-977ec42bd0fa/b00231a6-553a-4c11-bf98-f715127e0d58_960539910.jpeg?h=225&w=225,
294937346,Tesco 4 Large Cleaning Cloths,https://www.tesco.com/groceries/en-GB/shop/household/all?department=Kitchen%20Cleaners&viewAll=department&page=,£1.55,£0.39/each,,,/groceries/en-GB/products/294937346,https://digitalcontent.api.tesco.com/v2/media/ghs/ebd5da71-5b40-4350-bccc-73e86694d2ab/edf26236-b40a-43c6-bc3a-85a94e5f88fc_622422602.jpeg?h=225&w=225,
299155572,Ecover Washing Up Liquid Lemon And Aloe 950Ml,https://www.tesco.com/groceries/en-GB/shop/household/all?department=Kitchen%20Cleaners&viewAll=department&page=,£2.95,£3.11/litre,,,/groceries/en-GB/products/299155572,https://digitalcontent.api.tesco.com/v2/media/ghs/b48042f3-0875-4dd3-8f6d-dfdfb1caefc0/214da01e-24f6-47ba-9c86-34d3e4b22dcd_1538625030.jpeg?h=225&w=225,
299155664,Ecover Washing Up Liquid Chamomile Clementine 950Ml,https://www.tesco.com/groceries/en-GB/shop/household/all?department=Kitchen%20Cleaners&viewAll=department&page=,£2.95,£3.11/litre,,,/groceries/en-GB/products/299155664,https://digitalcontent.api.tesco.com/v2/media/ghs/814e9ff4-5202-48a8-8234-ee67e5df0d00/e1d795c3-bfd5-4939-9aef-931ff2e9a454_51915594.jpeg?h=225&w=225,
255309153,Tesco Dish Cloth 4 Pack,https://www.tesco.com/groceries/en-GB/shop/household/all?department=Kitchen%20Cleaners&viewAll=department&page=,£1.60,£0.40/each,,,/groceries/en-GB/products/255309153,https://digitalcontent.api.tesco.com/v2/media/ghs/44d7a73f-df86-4dff-90ce-dbc420978f04/47769ef1-1e15-41eb-ad35-e99bb0d609f4_1200719732.jpeg?h=225&w=225,
250366823,Tesco Dishwashing Rubber Gloves Large,https://www.tesco.com/groceries/en-GB/shop/household/all?department=Kitchen%20Cleaners&viewAll=department&page=,£1.20,£1.20/Pair,,,/groceries/en-GB/products/250366823,https://digitalcontent.api.tesco.com/v2/media/ghs/0d5d90c3-6c29-436c-87d2-785b9198d6f9/52118d7f-4a37-46ab-b30f-8151a051df1b_742999295.jpeg?h=225&w=225,
275444330,Spontex Heavy Duty Scourer Pads 3 Pack,https://www.tesco.com/groceries/en-GB/shop/household/all?department=Kitchen%20Cleaners&viewAll=department&page=,£1.60,£0.53/each,,,/groceries/en-GB/products/275444330,https://digitalcontent.api.tesco.com/v2/media/ghs/e99b65ba-6db3-4615-929c-8aada97267af/65b5ff56-69f8-41ce-822a-d272ab89f7a7_1568859683.jpeg?h=225&w=225,
260332445,Tesco Sponge Cloths 4 Pack,https://www.tesco.com/groceries/en-GB/shop/household/all?department=Kitchen%20Cleaners&viewAll=department&page=,£1.40,£0.35/each,,,/groceries/en-GB/products/260332445,https://digitalcontent.api.tesco.com/v2/media/ghs/210c965b-c757-4c08-bf75-4e80cd3eef23/d9d309e5-c970-4866-a159-bc61beef5e7e_610836100.jpeg?h=225&w=225,
250289776,Spontex Brilliant Scourer,https://www.tesco.com/groceries/en-GB/shop/household/all?department=Kitchen%20Cleaners&viewAll=department&page=,£1.25,£1.25/each,,,/groceries/en-GB/products/250289776,https://digitalcontent.api.tesco.com/v2/media/ghs/f346c449-839e-4e2f-bc2d-a6f390c67833/3c11e751-0b98-4c12-9f8b-419afb5062f0_136412555.jpeg?h=225&w=225,
295647850,Cif Power Shine Kitchen Spray 700Ml,https://www.tesco.com/groceries/en-GB/shop/household/all?department=Kitchen%20Cleaners&viewAll=department&page=,£2.00,£2.86/litre,,,/groceries/en-GB/products/295647850,https://digitalcontent.api.tesco.com/v2/media/ghs/31baa50e-4b54-4b1b-982a-7f143d6b2f4d/2e9787d2-51e2-4d61-afe4-47ccf0634d1b_1817902878.jpeg?h=225&w=225,
302533380,Spontex Washups Mosaik Scourer 2 Pack,https://www.tesco.com/groceries/en-GB/shop/household/all?department=Kitchen%20Cleaners&viewAll=department&page=,£1.20,£0.60/each,,,/groceries/en-GB/products/302533380,https://digitalcontent.api.tesco.com/v2/media/ghs/b19eaf4b-1cdd-4594-8120-03f8129a71ed/bb89d8f0-2bc0-4cf6-b6c9-6633fa1a0c1d_786885684.jpeg?h=225&w=225,
311668264,Fairy Washing Up Liquid Max Power Pomegranate 660Ml,https://www.tesco.com/groceries/en-GB/shop/household/all?department=Kitchen%20Cleaners&viewAll=department&page=,£3.00,£4.55/litre,£2.50 Clubcard Price,,/groceries/en-GB/products/311668264,https://digitalcontent.api.tesco.com/v2/media/ghs/4b1fa768-f66e-4300-b7a1-164151a07ce6/47185a4d-01a1-477d-86b0-b24ca0f6b6c3_1689193918.jpeg?h=225&w=225,
311806879,Fairy Washing Up Liquid Max Power Original 660Ml,https://www.tesco.com/groceries/en-GB/shop/household/all?department=Kitchen%20Cleaners&viewAll=department&page=,£3.00,£4.55/litre,£2.50 Clubcard Price,,/groceries/en-GB/products/311806879,https://digitalcontent.api.tesco.com/v2/media/ghs/245c54b2-971c-4e7b-adcd-ef2efa76a4d2/0c0471cf-2811-4d3b-b000-8b65e137bdb3_1354652034.jpeg?h=225&w=225,
312352463,Flash All Purpose Liquid Lavender Floor Cleaner 1.2L,https://www.tesco.com/groceries/en-GB/shop/household/all?department=Kitchen%20Cleaners&viewAll=department&page=,£2.00,£1.67/litre,,,/groceries/en-GB/products/312352463,https://digitalcontent.api.tesco.com/v2/media/ghs/85ecc1fe-bc6b-477a-a5f9-5c260ea32d08/11ec8261-27f0-4e49-9c39-cd2d70fa35be_650803800.jpeg?h=225&w=225,
308487303,Flash Home Spray Antibacterial Apple Blossom 800Ml,https://www.tesco.com/groceries/en-GB/shop/household/all?department=Kitchen%20Cleaners&viewAll=department&page=,£2.50,£3.13/litre,,,/groceries/en-GB/products/308487303,https://digitalcontent.api.tesco.com/v2/media/ghs/0f207af3-6e91-4adf-9674-1751ab2f09c6/226ef587-a6fc-4ec8-9f89-a1fa1acea2f1_1472082293.jpeg?h=225&w=225,
278067644,Tesco Limescale Remove Trigger 500Ml,https://www.tesco.com/groceries/en-GB/shop/household/all?department=Kitchen%20Cleaners&viewAll=department&page=,£1.50,£3.00/litre,,,/groceries/en-GB/products/278067644,https://digitalcontent.api.tesco.com/v2/media/ghs/c5b123b6-6ca4-4167-bf6b-d8e811c37eeb/72f9474e-45a9-4876-b9d9-9241723f7b9e_605775415.jpeg?h=225&w=225,
257552753,Tesco Super Absorbent Cloths 3 Pack,https://www.tesco.com/groceries/en-GB/shop/household/all?department=Kitchen%20Cleaners&viewAll=department&page=,£1.10,£0.37/each,,,/groceries/en-GB/products/257552753,https://digitalcontent.api.tesco.com/v2/media/ghs/9e873a4b-4a06-46fc-bb8b-87a6d4fc8584/bb3fb21d-d24e-4045-8d26-4e6cc8c3de1a_1757825270.jpeg?h=225&w=225,
302831793,Mr Muscle Platinum Kitchen Citrus 750Ml,https://www.tesco.com/groceries/en-GB/shop/household/all?department=Kitchen%20Cleaners&viewAll=department&page=,£2.00,£2.67/litre,,,/groceries/en-GB/products/302831793,https://digitalcontent.api.tesco.com/v2/media/ghs/1a18d644-2040-4e87-8e54-55c984ee0c3e/2dce3220-fe85-4e76-9fb6-0fd9994f6d4b_511220153.jpeg?h=225&w=225,
310158397,Flash Spray Wipe Hinched Antibacterial Wild Berries 800Ml,https://www.tesco.com/groceries/en-GB/shop/household/all?department=Kitchen%20Cleaners&viewAll=department&page=,£1.99,£2.49/litre,,,/groceries/en-GB/products/310158397,https://digitalcontent.api.tesco.com/v2/media/ghs/b423dd23-6d62-4123-a426-5bc847cd2e7e/ea26f432-cced-4b52-83c9-da8620a10dcb_808001595.jpeg?h=225&w=225,
264760087,Surcare Washing Up Liquid 450Ml,https://www.tesco.com/groceries/en-GB/shop/household/all?department=Kitchen%20Cleaners&viewAll=department&page=,£1.35,£3.00/litre,,,/groceries/en-GB/products/264760087,https://digitalcontent.api.tesco.com/v2/media/ghs/72ce03ea-ca26-4790-b1c8-b02a1bba8582/snapshotimagehandler_655914381.jpeg?h=225&w=225,
312581370,Flash Kitchen Cleaning Spray Citrus 800Ml,https://www.tesco.com/groceries/en-GB/shop/household/all?department=Kitchen%20Cleaners&viewAll=department&page=,£2.00,£2.50/litre,,,/groceries/en-GB/products/312581370,https://digitalcontent.api.tesco.com/v2/media/ghs/85b72803-ced3-4fa4-943a-8fd70935d85c/23ede3e9-8531-48da-ad87-9fa467d7c849_419955178.jpeg?h=225&w=225,
311951717,Tesco Antibacterial Lime & Lemongrass Washing Up Liquid 500Ml,https://www.tesco.com/groceries/en-GB/shop/household/all?department=Kitchen%20Cleaners&viewAll=department&page=,£0.79,£1.58/litre,Aldi Price Match,,/groceries/en-GB/products/311951717,https://digitalcontent.api.tesco.com/v2/media/ghs/95770a00-9d2f-41f9-8dc1-21e69d238f99/4580b051-2051-4abf-ab69-105bd6be5087_839531055.jpeg?h=225&w=225,
301947531,Hg Hair Unblocker 0.4 Litre,https://www.tesco.com/groceries/en-GB/shop/household/all?department=Kitchen%20Cleaners&viewAll=department&page=,£7.50,£16.67/litre,,,/groceries/en-GB/products/301947531,https://digitalcontent.api.tesco.com/v2/media/ghs/adadb402-0392-4413-8f54-0f2390c0e0a1/66740bbd-51e5-4eb3-a183-05dcd397a494_1823409979.jpeg?h=225&w=225,
312352837,Fairy Platinum All In One Original Dishwasher Tablets 59 Pack 879G,https://www.tesco.com/groceries/en-GB/shop/household/all?department=Kitchen%20Cleaners&viewAll=department&page=,£10.00,£11.38/kg,£9.00 Clubcard Price,,/groceries/en-GB/products/312352837,https://digitalcontent.api.tesco.com/v2/media/ghs/49293b16-ddbf-4856-993e-937b516dfc9d/da992781-d9bd-44ab-b83b-380820335bda_2003618089.jpeg?h=225&w=225,
263866196,Tesco Stainless Steel Dish Drainer,https://www.tesco.com/groceries/en-GB/shop/household/all?department=Kitchen%20Cleaners&viewAll=department&page=,£9.00,£9.00/each,,,/groceries/en-GB/products/263866196,https://digitalcontent.api.tesco.com/v2/media/ghs/4c3da461-d5e6-4960-a2d4-61334eb76599/656ff389-d692-4c39-a6c3-d267f9407941_1514930286.jpeg?h=225&w=225,
312563227,Finish Quantum All In One 49 Dishwasher Tablets 509.6G,https://www.tesco.com/groceries/en-GB/shop/household/all?department=Kitchen%20Cleaners&viewAll=department&page=,£9.00,£17.67/kg,£7.00 Clubcard Price,,/groceries/en-GB/products/312563227,https://digitalcontent.api.tesco.com/v2/media/ghs/8f1824db-4a7b-47d4-9f2e-ccbafeaae4df/63fbfc65-dd57-47dc-90e6-5dd5265140ef_2068864001.jpeg?h=225&w=225,
310142012,Flash Speed Mop Starter Kit,https://www.tesco.com/groceries/en-GB/shop/household/all?department=Kitchen%20Cleaners&viewAll=department&page=,£10.00,£10.00/each,,,/groceries/en-GB/products/310142012,https://digitalcontent.api.tesco.com/v2/media/ghs/3efa614a-38c6-4bc9-9564-c3e263341ff8/d8cdfdbb-a3a2-4d17-bf07-cd43e550b748_1924940788.jpeg?h=225&w=225,
312558548,Fairy Platinum All In One Lemon 38 Dishwasher Tablets 566G,https://www.tesco.com/groceries/en-GB/shop/household/all?department=Kitchen%20Cleaners&viewAll=department&page=,£7.00,£12.37/kg,,,/groceries/en-GB/products/312558548,https://digitalcontent.api.tesco.com/v2/media/ghs/dacfbcf6-a9bb-4839-b475-c83e49c3b701/440bb99f-ada5-48c3-9cbf-151753b02b15_874258600.jpeg?h=225&w=225,
311960948,Mr Muscle Regime Pack Drain Gel Plus Foamer Pack,https://www.tesco.com/groceries/en-GB/shop/household/all?department=Kitchen%20Cleaners&viewAll=department&page=,£6.00,£3.00/each,,,/groceries/en-GB/products/311960948,https://digitalcontent.api.tesco.com/v2/media/ghs/106ade35-f3d1-4033-9729-c4034a0563ee/fb671bf1-39cb-4583-883d-eb6d7438b34a_726779654.jpeg?h=225&w=225,
294008012,Hg Hagesan Liquid Drain Unblock 1L,https://www.tesco.com/groceries/en-GB/shop/household/all?department=Kitchen%20Cleaners&viewAll=department&page=,£4.25,£4.25/litre,,,/groceries/en-GB/products/294008012,https://digitalcontent.api.tesco.com/v2/media/ghs/3a7c399d-f573-4e46-9a7a-27178ca35319/00bdfe1b-d6ea-4c6f-9663-a01a40247475_566762337.jpeg?h=225&w=225,
294007900,Hg Oven Grill & Bbq Cleaner 500Ml,https://www.tesco.com/groceries/en-GB/shop/household/all?department=Kitchen%20Cleaners&viewAll=department&page=,£6.00,£12.00/litre,,,/groceries/en-GB/products/294007900,https://digitalcontent.api.tesco.com/v2/media/ghs/4f172b31-b444-494a-a317-4fd51ca345bb/c99848b2-8ece-486f-b59d-70b5cd5f25f5_1621825506.jpeg?h=225&w=225,
311255833,Finish Quantum All In One 27 Dishwasher T Tablets Lemon 280.8G,https://www.tesco.com/groceries/en-GB/shop/household/all?department=Kitchen%20Cleaners&viewAll=department&page=,£5.50,£19.59/kg,,,/groceries/en-GB/products/311255833,https://digitalcontent.api.tesco.com/v2/media/ghs/d4ac2a54-8b2e-4b1b-9ea7-00e90f08fe08/b8f1f641-444e-489b-90d1-72fd3955c686_818807184.jpeg?h=225&w=225,
301947237,Hg Quick Descaler Half Litre,https://www.tesco.com/groceries/en-GB/shop/household/all?department=Kitchen%20Cleaners&viewAll=department&page=,£5.10,£10.20/litre,,,/groceries/en-GB/products/301947237,https://digitalcontent.api.tesco.com/v2/media/ghs/de78e88b-7d36-4c1c-bc0a-5212e8839779/b4d0ba52-e55c-42e2-932d-823beeaaca4e_1901934951.jpeg?h=225&w=225,
256727157,Tesco Tough Household Gloves Large,https://www.tesco.com/groceries/en-GB/shop/household/all?department=Kitchen%20Cleaners&viewAll=department&page=,£2.30,£2.30/Pair,,,/groceries/en-GB/products/256727157,https://digitalcontent.api.tesco.com/v2/media/ghs/bd14e20f-f4a1-46d3-abf0-6cf7f5a076a9/f6768946-520d-4cf5-badf-19f543ef061e_1149900851.jpeg?h=225&w=225,
277290657,Marigold Sensitive Gloves Medium 1 Pair,https://www.tesco.com/groceries/en-GB/shop/household/all?department=Kitchen%20Cleaners&viewAll=department&page=,£3.30,£3.30/Pair,£2.20 Clubcard Price,,/groceries/en-GB/products/277290657,https://digitalcontent.api.tesco.com/v2/media/ghs/7339319b-8982-4c20-ab8b-5eeda345a5a6/80734857-fd0f-47a4-99b0-4d3b2162a0df_246823389.jpeg?h=225&w=225,
301947259,Hg Grease Away Half Litre,https://www.tesco.com/groceries/en-GB/shop/household/all?department=Kitchen%20Cleaners&viewAll=department&page=,£3.90,£7.80/litre,,,/groceries/en-GB/products/301947259,https://digitalcontent.api.tesco.com/v2/media/ghs/5e47a33b-ee78-4648-97f7-19bbff0b1549/69a3f8b3-6bf5-4e67-9368-4b31ebaaf1c2_1128313021.jpeg?h=225&w=225,
309175129,Flash Power Mop Multi Purpose Cleaner Refill 1.25 Litre,https://www.tesco.com/groceries/en-GB/shop/household/all?department=Kitchen%20Cleaners&viewAll=department&page=,£4.00,£3.20/litre,,,/groceries/en-GB/products/309175129,https://digitalcontent.api.tesco.com/v2/media/ghs/521ce656-f2e0-40f4-8c53-c1e68f8808e1/2a175041-7fbb-4877-a74f-80a945e708dc_1924596538.jpeg?h=225&w=225,
262534382,Spontex Style Dish Brush,https://www.tesco.com/groceries/en-GB/shop/household/all?department=Kitchen%20Cleaners&viewAll=department&page=,£2.80,£2.80/each,,,/groceries/en-GB/products/262534382,https://digitalcontent.api.tesco.com/v2/media/ghs/b20a23bd-38db-436b-b94f-efe28cae1977/9e271bc6-d7cd-444c-b4bb-25fa6005e2b8_918899032.jpeg?h=225&w=225,
255309239,Tesco Ribbed Cleaning Cloths 4 Pack,https://www.tesco.com/groceries/en-GB/shop/household/all?department=Kitchen%20Cleaners&viewAll=department&page=,£1.90,£0.48/each,,,/groceries/en-GB/products/255309239,https://digitalcontent.api.tesco.com/v2/media/ghs/fb5165b9-75c8-4e46-bf15-76089047e2bb/11138857-a066-43ca-b7c5-e8280ba2d4da_413554103.jpeg?h=225&w=225,
291420236,Tesco Granite & Marble Cleaner 500Ml,https://www.tesco.com/groceries/en-GB/shop/household/all?department=Kitchen%20Cleaners&viewAll=department&page=,£2.00,£4.00/litre,,,/groceries/en-GB/products/291420236,https://digitalcontent.api.tesco.com/v2/media/ghs/90ee1b6c-bb6f-4248-a017-bec08f712bfa/ae2f801e-73e4-4c66-bbd2-0035437867d5_985909252.jpeg?h=225&w=225,
252195025,Spontex Handy Tough Scourer,https://www.tesco.com/groceries/en-GB/shop/household/all?department=Kitchen%20Cleaners&viewAll=department&page=,£1.85,£1.85/each,,,/groceries/en-GB/products/252195025,https://digitalcontent.api.tesco.com/v2/media/ghs/0051b761-1b0d-4782-8b23-162d34c35815/33ad4e52-8dbe-4444-9635-a5d3eadd0757_456010680.jpeg?h=225&w=225,
305024868,Tesco Recycled Square Washing Up Bowl Dark Grey,https://www.tesco.com/groceries/en-GB/shop/household/all?department=Kitchen%20Cleaners&viewAll=department&page=,£2.25,£2.25/each,,,/groceries/en-GB/products/305024868,https://digitalcontent.api.tesco.com/v2/media/ghs/adf75a31-d378-4640-8b15-66230d88cf8a/dd1a8b87-f69a-4657-8bbc-5227b7c4fad9_453437519.jpeg?h=225&w=225,
310696447,Flash Speed Mop Dry Pads 20 Pack,https://www.tesco.com/groceries/en-GB/shop/household/all?department=Kitchen%20Cleaners&viewAll=department&page=,£3.50,£0.18/each,,,/groceries/en-GB/products/310696447,https://digitalcontent.api.tesco.com/v2/media/ghs/b8bb1b56-bc69-4165-a960-8717851ad5bc/0ebf430a-2575-4639-ad5a-4b049e1e7ae1_1544774640.jpeg?h=225&w=225,
250361696,Marigold Bathroom Medium,https://www.tesco.com/groceries/en-GB/shop/household/all?department=Kitchen%20Cleaners&viewAll=department&page=,£2.75,£2.75/Pair,,,/groceries/en-GB/products/250361696,https://digitalcontent.api.tesco.com/v2/media/ghs/8994c7aa-1646-403d-aa17-adcd8f0c0abc/a9945c47-f3b2-4493-9422-f687727a8fcd_1853188466.jpeg?h=225&w=225,
301948609,Hg Professional Limescale Remover Half Litre,https://www.tesco.com/groceries/en-GB/shop/household/all?department=Kitchen%20Cleaners&viewAll=department&page=,£3.70,£7.40/litre,,,/groceries/en-GB/products/301948609,https://digitalcontent.api.tesco.com/v2/media/ghs/63f05eab-a7f6-49d1-a467-0aa6971c48f7/a0541483-5317-4180-891f-98582bc79718_1286258604.jpeg?h=225&w=225,
305024908,Tesco Recycled Cutlery Drainer Dark Grey,https://www.tesco.com/groceries/en-GB/shop/household/all?department=Kitchen%20Cleaners&viewAll=department&page=,£2.00,£2.00/each,,,/groceries/en-GB/products/305024908,https://digitalcontent.api.tesco.com/v2/media/ghs/2ce42d83-1520-4b80-a9e4-d7e7fb2c2ca2/e029992f-ab83-4672-9ff8-fca21bf121ec_390045397.jpeg?h=225&w=225,
304863417,Tesco Recycled Square Washing Up Bowl Grey,https://www.tesco.com/groceries/en-GB/shop/household/all?department=Kitchen%20Cleaners&viewAll=department&page=,£2.25,£2.25/each,,,/groceries/en-GB/products/304863417,https://digitalcontent.api.tesco.com/v2/media/ghs/c1ded739-8c17-46f2-8e65-cfc95e06c8fb/ca6ecd5b-1c74-43f5-b96e-2e418b7e5a0f_1111220796.jpeg?h=225&w=225,
291419960,Tesco Power Hob Cleaner 500Ml,https://www.tesco.com/groceries/en-GB/shop/household/all?department=Kitchen%20Cleaners&viewAll=department&page=,£2.00,£4.00/litre,,,/groceries/en-GB/products/291419960,https://digitalcontent.api.tesco.com/v2/media/ghs/8612e84f-2980-4863-adbd-65cd6054d295/babb7c88-c634-43e6-be5a-83ce4b8b02ae_136353808.jpeg?h=225&w=225,
308498434,Flash Power Mop Refill Pads 8 Pack,https://www.tesco.com/groceries/en-GB/shop/household/all?department=Kitchen%20Cleaners&viewAll=department&page=,£3.00,£0.38/each,,,/groceries/en-GB/products/308498434,https://digitalcontent.api.tesco.com/v2/media/ghs/f6557f50-b7f8-4567-bbe1-386d1a3083c8/328b9a24-bd4f-43b8-9841-aa5f350389e0_1694707555.jpeg?h=225&w=225,
250358326,Tesco Dishwashing Rubber Gloves Small,https://www.tesco.com/groceries/en-GB/shop/household/all?department=Kitchen%20Cleaners&viewAll=department&page=,£1.20,£1.20/Pair,,,/groceries/en-GB/products/250358326,https://digitalcontent.api.tesco.com/v2/media/ghs/6b761256-f059-4fa7-b50c-963222173c66/64c674df-9016-416b-b73a-768a7a77c1d2_951957317.jpeg?h=225&w=225,
309767649,Ecover Limescale Remover Berries & Basil 500Ml,https://www.tesco.com/groceries/en-GB/shop/household/all?department=Kitchen%20Cleaners&viewAll=department&page=,£3.15,£6.30/litre,,,/groceries/en-GB/products/309767649,https://digitalcontent.api.tesco.com/v2/media/ghs/3fb5691b-32d5-4280-9ce1-ec1457b992b2/55dd62a7-035a-412b-a859-8586dba68331_1332354422.jpeg?h=225&w=225,
305250657,Method Washing Up Liquid Coconut Water 532Ml,https://www.tesco.com/groceries/en-GB/shop/household/all?department=Kitchen%20Cleaners&viewAll=department&page=,£3.00,£5.64/litre,,,/groceries/en-GB/products/305250657,https://digitalcontent.api.tesco.com/v2/media/ghs/8ca1ea43-6a84-47f5-b2f3-3d8ca4561ae1/783f8916-2430-48e6-afc4-ec8617a791de_1645458339.jpeg?h=225&w=225,
308901252,Hinch Bamboo Kitchen Brush,https://www.tesco.com/groceries/en-GB/shop/household/all?department=Kitchen%20Cleaners&viewAll=department&page=,£2.00,£2.00/each,£1.50 Clubcard Price,,/groceries/en-GB/products/308901252,https://digitalcontent.api.tesco.com/v2/media/ghs/ac54c80c-13c9-4b2b-8fbb-ca1492fe8903/19f6c293-5fb9-427b-bfe0-287729f67c51_575114727.jpeg?h=225&w=225,
308088810,Oceansaver Kitchen Degreaser Kit Citrus Kelp 10Ml,https://www.tesco.com/groceries/en-GB/shop/household/all?department=Kitchen%20Cleaners&viewAll=department&page=,£2.35,£235.00/litre,,,/groceries/en-GB/products/308088810,https://digitalcontent.api.tesco.com/v2/media/ghs/ce8bc089-f9dd-4530-b3cd-c6d11347678a/f1601d71-46e4-491b-9770-f39c7e46efd2_940682071.jpeg?h=225&w=225,
309190813,Cillit Bang Burnt On Degreaser 750Ml,https://www.tesco.com/groceries/en-GB/shop/household/all?department=Kitchen%20Cleaners&viewAll=department&page=,£2.00,£2.67/litre,,,/groceries/en-GB/products/309190813,https://digitalcontent.api.tesco.com/v2/media/ghs/bd27f92c-1bf3-4e9b-83f0-2c77cf3f5f8b/95e101d6-97ac-43e4-aa72-3b71486221cd_862717528.jpeg?h=225&w=225,
305039079,Cif Eco Refill Power & Shine Kitchen 70Ml,https://www.tesco.com/groceries/en-GB/shop/household/all?department=Kitchen%20Cleaners&viewAll=department&page=,£1.45,£20.72/litre,,,/groceries/en-GB/products/305039079,https://digitalcontent.api.tesco.com/v2/media/ghs/580827ca-0b2b-4f69-ba00-acce920ecd01/a6690aec-c94e-40fb-9b03-88a37ea262fb_803790987.jpeg?h=225&w=225,
306350658,Keep It Handy All Purpose Descaler Tablets 4 Pack,https://www.tesco.com/groceries/en-GB/shop/household/all?department=Kitchen%20Cleaners&viewAll=department&page=,£1.00,£0.25/each,,,/groceries/en-GB/products/306350658,https://digitalcontent.api.tesco.com/v2/media/ghs/223dc853-50cf-4a71-b5d2-f21efe1cab82/ad796fd8-b413-44cf-804b-6264741ffaf5_192541103.jpeg?h=225&w=225,
305836420,Cillit Bang Power Hob Cleaner 40 Usages 200Ml,https://www.tesco.com/groceries/en-GB/shop/household/all?department=Kitchen%20Cleaners&viewAll=department&page=,£1.00,£5.00/litre,,,/groceries/en-GB/products/305836420,https://digitalcontent.api.tesco.com/v2/media/ghs/87451474-fa02-487e-b0f6-87499c993bd2/96d4634e-c0e5-45ff-b368-21ca339b7240_1491087757.jpeg?h=225&w=225,
310111619,Tesco Antibacterial Kitchen Surface Cleaner Refill 9Ml,https://www.tesco.com/groceries/en-GB/shop/household/all?department=Kitchen%20Cleaners&viewAll=department&page=,£0.75,£83.34/litre,,,/groceries/en-GB/products/310111619,https://digitalcontent.api.tesco.com/v2/media/ghs/635e8814-9b12-49e9-9b49-dde2c2b805a0/190e3893-e5ed-408d-9ffe-5b4b8729ce77_1286323859.jpeg?h=225&w=225,
299160398,Mr Muscle Max Gel Unblocker 1000Ml,https://www.tesco.com/groceries/en-GB/shop/household/all?department=Bathroom%20Cleaners%20%26%20Toilet%20Care&viewAll=department&page=,£4.00,£4.00/litre,2 for £6 Clubcard Price - Mr Muscle Max Gel Unblocker 1000 Ml,,/groceries/en-GB/products/299160398,https://digitalcontent.api.tesco.com/v2/media/ghs/cea7450b-a51c-4ddc-abf2-b5484c8b94b3/b77b7bc9-63d3-42c1-a912-f1171d205cb1_2136243828.jpeg?h=225&w=225,
255970670,Buster Bathroom Plug Unblocker 300Ml,https://www.tesco.com/groceries/en-GB/shop/household/all?department=Bathroom%20Cleaners%20%26%20Toilet%20Care&viewAll=department&page=,£3.75,£12.50/litre,,,/groceries/en-GB/products/255970670,https://digitalcontent.api.tesco.com/v2/media/ghs/fbb001e6-b441-4601-a31e-9a67620e2a71/c558cbd2-2775-4c53-b8ec-efb4c61c175b_1851397266.jpeg?h=225&w=225,
308868066,Flash Speed Mop Refill Pads 12 Pads,https://www.tesco.com/groceries/en-GB/shop/household/all?department=Bathroom%20Cleaners%20%26%20Toilet%20Care&viewAll=department&page=,£3.95,£0.33/each,,,/groceries/en-GB/products/308868066,https://digitalcontent.api.tesco.com/v2/media/ghs/46c5d1cc-e48f-48a0-b335-fc0c38dd6a89/ca3aca33-783e-481a-83fc-e97631d1d557_1310015054.jpeg?h=225&w=225,
287756553,Dettol Antibacterial Cleansing Surface Wipes 126S,https://www.tesco.com/groceries/en-GB/shop/household/all?department=Bathroom%20Cleaners%20%26%20Toilet%20Care&viewAll=department&page=,£3.45,£2.74/100sht,,,/groceries/en-GB/products/287756553,https://digitalcontent.api.tesco.com/v2/media/ghs/d1155e02-bdc6-4638-8f1e-e8d0e0f664eb/29ea91f1-2de6-433c-a4ed-8434b2d323e2_868852220.jpeg?h=225&w=225,
251590774,Mr Muscle Sink & Plug Drain Gel 500Ml,https://www.tesco.com/groceries/en-GB/shop/household/all?department=Bathroom%20Cleaners%20%26%20Toilet%20Care&viewAll=department&page=,£3.25,£6.50/litre,,,/groceries/en-GB/products/251590774,https://digitalcontent.api.tesco.com/v2/media/ghs/60a8e3df-1c29-4203-a63d-353a9115e760/588a8559-11cd-43d9-8072-d7efd98f62e8_691438227.jpeg?h=225&w=225,
278418870,Tesco Sink & Drain Unblocker 500Ml,https://www.tesco.com/groceries/en-GB/shop/household/all?department=Bathroom%20Cleaners%20%26%20Toilet%20Care&viewAll=department&page=,£2.25,£4.50/litre,,,/groceries/en-GB/products/278418870,https://digitalcontent.api.tesco.com/v2/media/ghs/2e2a20cb-8c65-42c8-9bea-425a1472431c/bc2ffda2-642a-4cb4-b1ee-515a92130c52_1885418749.jpeg?h=225&w=225,
264514881,Dettol Antibacterial Mould & Mildew Remover Spray 750Ml,https://www.tesco.com/groceries/en-GB/shop/household/all?department=Bathroom%20Cleaners%20%26%20Toilet%20Care&viewAll=department&page=,£3.50,£4.67/litre,,,/groceries/en-GB/products/264514881,https://digitalcontent.api.tesco.com/v2/media/ghs/c4bb4ae6-905e-42d8-b5d3-2f82e5b5023d/339f0cc6-c626-4c12-944b-0d61de0d46cb_1766882676.jpeg?h=225&w=225,
299258928,Dettol Big & Strong Bathroom Wipes 25S,https://www.tesco.com/groceries/en-GB/shop/household/all?department=Bathroom%20Cleaners%20%26%20Toilet%20Care&viewAll=department&page=,£2.50,£10.00/100sht,£2.00 Clubcard Price,,/groceries/en-GB/products/299258928,https://digitalcontent.api.tesco.com/v2/media/ghs/3730e34e-0d4a-4859-9223-0db88ecd70ab/56a00b5d-28d4-4f81-bcd3-624537ce8485_1635462639.jpeg?h=225&w=225,
281815758,Cillit Bang Power Cleaner Black Mould Remover Spray 750 Ml,https://www.tesco.com/groceries/en-GB/shop/household/all?department=Bathroom%20Cleaners%20%26%20Toilet%20Care&viewAll=department&page=,£3.65,£4.87/litre,,,/groceries/en-GB/products/281815758,https://digitalcontent.api.tesco.com/v2/media/ghs/310fd6d4-8b59-492c-b938-d8527953616a/eebb114d-3a11-47dd-a580-88de498c0a83_1304959844.jpeg?h=225&w=225,
299160231,Duck Fresh Disc Holder Lime,https://www.tesco.com/groceries/en-GB/shop/household/all?department=Bathroom%20Cleaners%20%26%20Toilet%20Care&viewAll=department&page=,£3.00,£83.34/litre,,,/groceries/en-GB/products/299160231,https://digitalcontent.api.tesco.com/v2/media/ghs/8e844453-d28c-47f3-bb4d-2fbd3e191b71/34935de2-22ba-4154-8bc7-36cfd02f8f6f_1581812128.jpeg?h=225&w=225,
259550493,Harpic Power Plus Max Toilet Cleaner Citrus 750Ml,https://www.tesco.com/groceries/en-GB/shop/household/all?department=Bathroom%20Cleaners%20%26%20Toilet%20Care&viewAll=department&page=,£1.65,£2.20/litre,,,/groceries/en-GB/products/259550493,https://digitalcontent.api.tesco.com/v2/media/ghs/eb2f5436-a7f6-4b31-a3af-58bb2860994f/ac06219a-4990-40fd-8d27-e6ee8e02250c_1021876942.jpeg?h=225&w=225,
261187154,Harpic Power Plus Toilet Cleaner 750Ml,https://www.tesco.com/groceries/en-GB/shop/household/all?department=Bathroom%20Cleaners%20%26%20Toilet%20Care&viewAll=department&page=,£1.65,£2.20/litre,,,/groceries/en-GB/products/261187154,https://digitalcontent.api.tesco.com/v2/media/ghs/c5bbd340-7cec-4482-9510-425c0fb64269/c472025d-4e4f-409e-8aea-5807d5681b57_1003249684.jpeg?h=225&w=225,
252675391,Viakal Bathroom Limescale Remover Spray 500Ml,https://www.tesco.com/groceries/en-GB/shop/household/all?department=Bathroom%20Cleaners%20%26%20Toilet%20Care&viewAll=department&page=,£2.50,£5.00/litre,,,/groceries/en-GB/products/252675391,https://digitalcontent.api.tesco.com/v2/media/ghs/ee434dee-8aad-4c5d-9f85-9f29ef5b2122/b181aadc-48be-48dd-a9d8-56449adc55c8_274132109.jpeg?h=225&w=225,
311226880,Domestos Aromatherapy Luxe White Rose & Tea Tree Oil 55G,https://www.tesco.com/groceries/en-GB/shop/household/all?department=Bathroom%20Cleaners%20%26%20Toilet%20Care&viewAll=department&page=,£2.50,£45.46/kg,,New,/groceries/en-GB/products/311226880,https://digitalcontent.api.tesco.com/v2/media/ghs/e7319413-eed9-4954-9bb9-2b08dac1018f/f00abe7a-345f-4894-b868-91800188669a_1888516329.jpeg?h=225&w=225,
311442554,Domestos Jasmine & Elderflower Toilet Block 55G,https://www.tesco.com/groceries/en-GB/shop/household/all?department=Bathroom%20Cleaners%20%26%20Toilet%20Care&viewAll=department&page=,£2.50,£45.46/kg,,New,/groceries/en-GB/products/311442554,https://digitalcontent.api.tesco.com/v2/media/ghs/8740dd8f-bf10-441b-9550-cf9a4004b599/c951e980-5c4e-4f24-bbab-e38ff4a8d2a8_612472332.jpeg?h=225&w=225,
291547075,Viakal Limescale Spray With Febreeze 500Ml,https://www.tesco.com/groceries/en-GB/shop/household/all?department=Bathroom%20Cleaners%20%26%20Toilet%20Care&viewAll=department&page=,£2.50,£5.00/litre,,,/groceries/en-GB/products/291547075,https://digitalcontent.api.tesco.com/v2/media/ghs/d214da44-3a13-4b55-9ab3-6ad393c33a8e/ff56d60a-2be3-4657-bab1-d6ddc376262a_996775380.jpeg?h=225&w=225,
258203797,Harpic Limescale Remover Original Toilet Cleaner 750 Ml,https://www.tesco.com/groceries/en-GB/shop/household/all?department=Bathroom%20Cleaners%20%26%20Toilet%20Care&viewAll=department&page=,£1.50,£2.00/litre,,,/groceries/en-GB/products/258203797,https://digitalcontent.api.tesco.com/v2/media/ghs/3e2a029d-4fce-41b5-b789-1b0b9121a6c9/1c155e50-53ed-406a-a3f5-3b86f8a01e1a_1890975061.jpeg?h=225&w=225,
304404357,Dettol Surface Cleanser Wipes 72S,https://www.tesco.com/groceries/en-GB/shop/household/all?department=Bathroom%20Cleaners%20%26%20Toilet%20Care&viewAll=department&page=,£2.00,£2.78/100sht,,,/groceries/en-GB/products/304404357,https://digitalcontent.api.tesco.com/v2/media/ghs/0a590d92-3944-4e12-af45-cdf4ff5dbf63/079e8ad7-3f1e-4693-b935-f6d688581782_813666829.jpeg?h=225&w=225,
284861968,Cif Power & Shine Bathroom Spray 700Ml,https://www.tesco.com/groceries/en-GB/shop/household/all?department=Bathroom%20Cleaners%20%26%20Toilet%20Care&viewAll=department&page=,£2.00,£2.86/litre,,,/groceries/en-GB/products/284861968,https://digitalcontent.api.tesco.com/v2/media/ghs/e08e996c-5801-4a5e-9c66-bd96708a394c/044f5d3a-c1b3-4feb-8443-fe80cf5a4507_1898244793.jpeg?h=225&w=225,
302831758,Mr Muscle Platinum Shower Shine 750Ml,https://www.tesco.com/groceries/en-GB/shop/household/all?department=Bathroom%20Cleaners%20%26%20Toilet%20Care&viewAll=department&page=,£2.00,£2.67/litre,,,/groceries/en-GB/products/302831758,https://digitalcontent.api.tesco.com/v2/media/ghs/923647b8-fc7d-4348-bcb5-19494ecb19ec/39a2b2ba-6f7d-4470-b5f9-3487ec1ed914_1849325324.jpeg?h=225&w=225,
307353596,Bloo Power Active Lemon Toilet Rim Block 2X50g,https://www.tesco.com/groceries/en-GB/shop/household/all?department=Bathroom%20Cleaners%20%26%20Toilet%20Care&viewAll=department&page=,£2.50,£25.00/kg,,,/groceries/en-GB/products/307353596,https://digitalcontent.api.tesco.com/v2/media/ghs/887d9b26-e5ea-40e4-a0af-a7271ea72e69/c403e8a1-6adc-477d-9393-5f11bcab7051_368850027.jpeg?h=225&w=225,
299160559,Bloo Power Activ Flowers Rim Block 2X50g,https://www.tesco.com/groceries/en-GB/shop/household/all?department=Bathroom%20Cleaners%20%26%20Toilet%20Care&viewAll=department&page=,£2.50,£25.00/kg,,,/groceries/en-GB/products/299160559,https://digitalcontent.api.tesco.com/v2/media/ghs/b29e6ada-c4dd-469f-bbf7-98e55fd0489f/4a966e1a-1db4-4261-a438-842cbe48d5df_176779244.jpeg?h=225&w=225,
291512894,Domestos Power 5 Rim Block Ocean 55G,https://www.tesco.com/groceries/en-GB/shop/household/all?department=Bathroom%20Cleaners%20%26%20Toilet%20Care&viewAll=department&page=,£1.20,£21.82/kg,,,/groceries/en-GB/products/291512894,https://digitalcontent.api.tesco.com/v2/media/ghs/e0bfee4c-7af3-466a-8c95-021bbd001e25/7e1b9069-afc2-4224-abd8-b57104a6abc0_549431107.jpeg?h=225&w=225,
291512744,Domestos Power 5 Rim Block Lime 55G,https://www.tesco.com/groceries/en-GB/shop/household/all?department=Bathroom%20Cleaners%20%26%20Toilet%20Care&viewAll=department&page=,£1.20,£21.82/kg,,,/groceries/en-GB/products/291512744,https://digitalcontent.api.tesco.com/v2/media/ghs/1381b926-fb1c-42a7-b9a6-08133c3fb47c/de9ce004-e9be-4b09-a39e-6f3111a3fa22_884921323.jpeg?h=225&w=225,
257942614,Bloo Acticlean Original Twinpack,https://www.tesco.com/groceries/en-GB/shop/household/all?department=Bathroom%20Cleaners%20%26%20Toilet%20Care&viewAll=department&page=,£1.50,£19.74/kg,,,/groceries/en-GB/products/257942614,https://digitalcontent.api.tesco.com/v2/media/ghs/b50be5d3-6f91-4de8-9c6b-6946c863d994/176a209e-4f37-47bb-b1ae-2bd014581a24_1809610899.jpeg?h=225&w=225,
302808263,Dettol Power & Pure Bathroom Spray 1L,https://www.tesco.com/groceries/en-GB/shop/household/all?department=Bathroom%20Cleaners%20%26%20Toilet%20Care&viewAll=department&page=,£2.00,£2.00/litre,,,/groceries/en-GB/products/302808263,https://digitalcontent.api.tesco.com/v2/media/ghs/2775dee1-d8a7-4432-b3bb-947f55c7a9fa/6253761e-a41f-4fc3-bfa6-3e8229670f30_1350148697.jpeg?h=225&w=225,
312580083,Flash Cleaning Spray With Bleach Eucalyptus Scent 800Ml,https://www.tesco.com/groceries/en-GB/shop/household/all?department=Bathroom%20Cleaners%20%26%20Toilet%20Care&viewAll=department&page=,£2.00,£2.50/litre,,,/groceries/en-GB/products/312580083,https://digitalcontent.api.tesco.com/v2/media/ghs/d7b7a47d-030f-4c50-bce7-0cb797cbfa09/08b25b9d-3453-412f-b31d-fe9e62d31c77_1827711770.jpeg?h=225&w=225,
257943112,Bloo Acticlean Cistern Block Citrus Twinpack,https://www.tesco.com/groceries/en-GB/shop/household/all?department=Bathroom%20Cleaners%20%26%20Toilet%20Care&viewAll=department&page=,£1.50,£19.74/kg,,,/groceries/en-GB/products/257943112,https://digitalcontent.api.tesco.com/v2/media/ghs/a59f8b91-a82a-410d-a9e0-460dd8ba99e0/c5ce6920-d679-44b1-8819-ae50184a59e9_1633996522.jpeg?h=225&w=225,
312581491,Flash Bathroom Cleaning Spray 800Ml,https://www.tesco.com/groceries/en-GB/shop/household/all?department=Bathroom%20Cleaners%20%26%20Toilet%20Care&viewAll=department&page=,£2.00,£2.50/litre,,,/groceries/en-GB/products/312581491,https://digitalcontent.api.tesco.com/v2/media/ghs/3c623885-62e0-4606-a40e-b8f3666e4df7/579ecb9d-292f-4409-95ba-ecc5507ece14_842172522.jpeg?h=225&w=225,
270887585,Tesco Toilet Wipes 40 Pack Blue Fresh,https://www.tesco.com/groceries/en-GB/shop/household/all?department=Bathroom%20Cleaners%20%26%20Toilet%20Care&viewAll=department&page=,£1.00,£2.50/100sht,,,/groceries/en-GB/products/270887585,https://digitalcontent.api.tesco.com/v2/media/ghs/e99faa38-5844-46ca-b8b0-b6406d301638/0f4bde6d-d2ff-4dc7-a3dc-74b50ce4902f_1649978769.jpeg?h=225&w=225,
278608720,Domestos Ultra White & Sparkle Bleach 750Ml,https://www.tesco.com/groceries/en-GB/shop/household/all?department=Bathroom%20Cleaners%20%26%20Toilet%20Care&viewAll=department&page=,£1.15,£1.54/litre,,,/groceries/en-GB/products/278608720,https://digitalcontent.api.tesco.com/v2/media/ghs/da6eecb0-1fe4-4dd9-b6d7-53ba531a7cba/3fd41dfb-f067-4281-acf5-4d19b5ab7e3b_820017814.jpeg?h=225&w=225,
257259605,Domestos Original Bleach 750Ml,https://www.tesco.com/groceries/en-GB/shop/household/all?department=Bathroom%20Cleaners%20%26%20Toilet%20Care&viewAll=department&page=,£1.15,£1.54/litre,,,/groceries/en-GB/products/257259605,https://digitalcontent.api.tesco.com/v2/media/ghs/03f35633-3f7b-4860-9303-f47faec20dd7/d51eb05e-d39b-4335-a2c9-c4c1c3cf1625_1246694423.jpeg?h=225&w=225,
255279567,Domestos Original Bleach 2L,https://www.tesco.com/groceries/en-GB/shop/household/all?department=Bathroom%20Cleaners%20%26%20Toilet%20Care&viewAll=department&page=,£2.00,£1.00/litre,,,/groceries/en-GB/products/255279567,https://digitalcontent.api.tesco.com/v2/media/ghs/4445e86a-2a42-4b14-b32c-48a00f0462c7/31bb4063-934d-41d0-a144-09cf6ce5ca46_1454259070.jpeg?h=225&w=225,
250108502,Harpic Active Gel Fresh Power Pine 750Ml,https://www.tesco.com/groceries/en-GB/shop/household/all?department=Bathroom%20Cleaners%20%26%20Toilet%20Care&viewAll=department&page=,£1.30,£1.74/litre,,,/groceries/en-GB/products/250108502,https://digitalcontent.api.tesco.com/v2/media/ghs/b961119a-2b21-4c01-9032-69648a0763c3/2523bcec-a93c-453d-948f-299479a4e510_619141245.jpeg?h=225&w=225,
253374987,Domestos Citrus Bleach 750Ml,https://www.tesco.com/groceries/en-GB/shop/household/all?department=Bathroom%20Cleaners%20%26%20Toilet%20Care&viewAll=department&page=,£1.15,£1.54/litre,,,/groceries/en-GB/products/253374987,https://digitalcontent.api.tesco.com/v2/media/ghs/575e98ce-909d-47a8-8ba1-dd0a4aa19d6b/d131068a-eb57-4193-9fd8-4fb1a1f25498_63333954.jpeg?h=225&w=225,
257415415,Domestos Pink Bleach 750Ml,https://www.tesco.com/groceries/en-GB/shop/household/all?department=Bathroom%20Cleaners%20%26%20Toilet%20Care&viewAll=department&page=,£1.15,£1.54/litre,,,/groceries/en-GB/products/257415415,https://digitalcontent.api.tesco.com/v2/media/ghs/672974d0-f013-45ac-955f-1933552ab286/26df653c-6857-4d83-9042-5eca14c0ba25_1675138732.jpeg?h=225&w=225,
296923152,Duck Deep Action Gel Pine 750Ml,https://www.tesco.com/groceries/en-GB/shop/household/all?department=Bathroom%20Cleaners%20%26%20Toilet%20Care&viewAll=department&page=,£1.00,£1.34/litre,,,/groceries/en-GB/products/296923152,https://digitalcontent.api.tesco.com/v2/media/ghs/90daaebd-d27a-4f0a-84fd-44d0fb518237/b7f5bb1f-9f94-4603-bf1e-4caf1f5739c6_385153562.jpeg?h=225&w=225,
296923175,Duck Deep Action Gel Marine 750Ml,https://www.tesco.com/groceries/en-GB/shop/household/all?department=Bathroom%20Cleaners%20%26%20Toilet%20Care&viewAll=department&page=,£1.00,£1.34/litre,,,/groceries/en-GB/products/296923175,https://digitalcontent.api.tesco.com/v2/media/ghs/9a915f55-0c0c-4836-b885-afe53d4a592f/47c24163-7a55-4634-a050-58ae074af3ed_1589001745.jpeg?h=225&w=225,
311691402,Tesco Active Toilet Cistern Block 3X45g,https://www.tesco.com/groceries/en-GB/shop/household/all?department=Bathroom%20Cleaners%20%26%20Toilet%20Care&viewAll=department&page=,£1.00,£0.74/100g,,New,/groceries/en-GB/products/311691402,https://digitalcontent.api.tesco.com/v2/media/ghs/701308e1-887c-4622-81a9-47c0cfc04beb/2e8e3d1b-501a-4d76-960d-e28750acb677_1179355729.jpeg?h=225&w=225,
304795048,Tesco Daily Shower Cleaning Spray 750Ml,https://www.tesco.com/groceries/en-GB/shop/household/all?department=Bathroom%20Cleaners%20%26%20Toilet%20Care&viewAll=department&page=,£0.95,£1.27/litre,,,/groceries/en-GB/products/304795048,https://digitalcontent.api.tesco.com/v2/media/ghs/1dc3bc87-615c-430b-8e64-6f1461003358/09b62855-9004-44cb-827d-b87324f8fcbd_723727434.jpeg?h=225&w=225,
304398530,Tesco Antibacterial Bathroom Surface Cleaner Spray 750Ml,https://www.tesco.com/groceries/en-GB/shop/household/all?department=Bathroom%20Cleaners%20%26%20Toilet%20Care&viewAll=department&page=,£0.95,£1.27/litre,,,/groceries/en-GB/products/304398530,https://digitalcontent.api.tesco.com/v2/media/ghs/c2b42c68-fcfe-4770-bf27-c88142bc324d/d4818194-1b6a-4aef-a9e5-7269262a7412_1183124123.jpeg?h=225&w=225,
312362226,Clean & Fresh Citrus Burst Thick Bleach 750Ml,https://www.tesco.com/groceries/en-GB/shop/household/all?department=Bathroom%20Cleaners%20%26%20Toilet%20Care&viewAll=department&page=,£0.55,£0.73/litre,,,/groceries/en-GB/products/312362226,https://digitalcontent.api.tesco.com/v2/media/ghs/2e50e53c-254c-4f37-9801-f84365d8ed58/snapshotimagehandler_2132491285.jpeg?h=225&w=225,
312341467,Clean & Fresh Original Thick Bleach 750Ml,https://www.tesco.com/groceries/en-GB/shop/household/all?department=Bathroom%20Cleaners%20%26%20Toilet%20Care&viewAll=department&page=,£0.55,£0.73/litre,,,/groceries/en-GB/products/312341467,https://digitalcontent.api.tesco.com/v2/media/ghs/cefb7d9c-1dfa-4f9a-93b0-5c0f9cbb1c90/snapshotimagehandler_292984032.jpeg?h=225&w=225,
257335642,Tesco Thick Bleach Fresh 750Ml,https://www.tesco.com/groceries/en-GB/shop/household/all?department=Bathroom%20Cleaners%20%26%20Toilet%20Care&viewAll=department&page=,£0.60,£0.80/litre,Aldi Price Match,,/groceries/en-GB/products/257335642,https://digitalcontent.api.tesco.com/v2/media/ghs/a7e005df-fa8d-4c68-a8eb-6b42141d5f5b/d573328b-62ce-4c8e-8a2c-f5ed1cd055de_934689371.jpeg?h=225&w=225,
250084367,Tesco Thick Bleach Citrus 2 Litre Bigger Pack Better Value,https://www.tesco.com/groceries/en-GB/shop/household/all?department=Bathroom%20Cleaners%20%26%20Toilet%20Care&viewAll=department&page=,£0.99,£0.50/litre,Aldi Price Match,,/groceries/en-GB/products/250084367,https://digitalcontent.api.tesco.com/v2/media/ghs/6a8c236a-d5b2-4b43-aa48-ff5a74f36409/9d30698f-c756-47c8-ab40-1c3921926a2b_863082475.jpeg?h=225&w=225,
253399779,Tesco Active Toilet Gel Citrus 750Ml,https://www.tesco.com/groceries/en-GB/shop/household/all?department=Bathroom%20Cleaners%20%26%20Toilet%20Care&viewAll=department&page=,£0.45,£0.60/litre,Aldi Price Match,,/groceries/en-GB/products/253399779,https://digitalcontent.api.tesco.com/v2/media/ghs/db536601-f628-41cb-b74e-35ed249c916c/dfee21d1-db56-4a17-bfb8-780189f3c920_713137676.jpeg?h=225&w=225,
253399612,Tesco Active Gel Fresh 750Ml,https://www.tesco.com/groceries/en-GB/shop/household/all?department=Bathroom%20Cleaners%20%26%20Toilet%20Care&viewAll=department&page=,£0.45,£0.60/litre,Aldi Price Match,,/groceries/en-GB/products/253399612,https://digitalcontent.api.tesco.com/v2/media/ghs/25101e5e-cff5-4062-8cf1-1980626a2346/00164e5c-aeea-4756-98b2-4b694c98862c_2019936397.jpeg?h=225&w=225,
301947531,Hg Hair Unblocker 0.4 Litre,https://www.tesco.com/groceries/en-GB/shop/household/all?department=Bathroom%20Cleaners%20%26%20Toilet%20Care&viewAll=department&page=,£7.50,£16.67/litre,,,/groceries/en-GB/products/301947531,https://digitalcontent.api.tesco.com/v2/media/ghs/adadb402-0392-4413-8f54-0f2390c0e0a1/66740bbd-51e5-4eb3-a183-05dcd397a494_1823409979.jpeg?h=225&w=225,
310142012,Flash Speed Mop Starter Kit,https://www.tesco.com/groceries/en-GB/shop/household/all?department=Bathroom%20Cleaners%20%26%20Toilet%20Care&viewAll=department&page=,£10.00,£10.00/each,,,/groceries/en-GB/products/310142012,https://digitalcontent.api.tesco.com/v2/media/ghs/3efa614a-38c6-4bc9-9564-c3e263341ff8/d8cdfdbb-a3a2-4d17-bf07-cd43e550b748_1924940788.jpeg?h=225&w=225,
311960948,Mr Muscle Regime Pack Drain Gel Plus Foamer Pack,https://www.tesco.com/groceries/en-GB/shop/household/all?department=Bathroom%20Cleaners%20%26%20Toilet%20Care&viewAll=department&page=,£6.00,£3.00/each,,,/groceries/en-GB/products/311960948,https://digitalcontent.api.tesco.com/v2/media/ghs/106ade35-f3d1-4033-9729-c4034a0563ee/fb671bf1-39cb-4583-883d-eb6d7438b34a_726779654.jpeg?h=225&w=225,
277859297,Tesco Brushed Chrome Toilet Brush,https://www.tesco.com/groceries/en-GB/shop/household/all?department=Bathroom%20Cleaners%20%26%20Toilet%20Care&viewAll=department&page=,£4.50,£4.50/each,,,/groceries/en-GB/products/277859297,https://digitalcontent.api.tesco.com/v2/media/ghs/b1f7ce83-beb3-4f0a-b655-6f750cbd2c29/e3154918-54c1-4f30-b989-af608e3996e8_166808769.jpeg?h=225&w=225,
299772342,Duck Fresh Disc Refill Lime 2 X 36Ml,https://www.tesco.com/groceries/en-GB/shop/household/all?department=Bathroom%20Cleaners%20%26%20Toilet%20Care&viewAll=department&page=,£5.00,£69.45/litre,,,/groceries/en-GB/products/299772342,https://digitalcontent.api.tesco.com/v2/media/ghs/dc586131-64ab-4238-821b-beb5abc103a8/19a87a98-364b-451e-a304-0d28301ee037_1242237605.jpeg?h=225&w=225,
259964781,Method Bathroom Cleaner Eucalyptus & Mint 828Ml,https://www.tesco.com/groceries/en-GB/shop/household/all?department=Bathroom%20Cleaners%20%26%20Toilet%20Care&viewAll=department&page=,£4.00,£4.84/litre,,,/groceries/en-GB/products/259964781,https://digitalcontent.api.tesco.com/v2/media/ghs/67dab489-d7d8-42b7-9a00-5a1c123b54a7/0e24baf6-63fe-4e2d-98e3-a3e01f4a3301_187708092.jpeg?h=225&w=225,
264889822,Method Spray Shower Cleaner Ylang 828Ml,https://www.tesco.com/groceries/en-GB/shop/household/all?department=Bathroom%20Cleaners%20%26%20Toilet%20Care&viewAll=department&page=,£4.00,£4.84/litre,,,/groceries/en-GB/products/264889822,https://digitalcontent.api.tesco.com/v2/media/ghs/c7959398-ba71-4131-9a7f-7008c0922c78/dadf98fb-ee88-4851-852c-ca9ae2ed77f0_1809086693.jpeg?h=225&w=225,
309175129,Flash Power Mop Multi Purpose Cleaner Refill 1.25 Litre,https://www.tesco.com/groceries/en-GB/shop/household/all?department=Bathroom%20Cleaners%20%26%20Toilet%20Care&viewAll=department&page=,£4.00,£3.20/litre,,,/groceries/en-GB/products/309175129,https://digitalcontent.api.tesco.com/v2/media/ghs/521ce656-f2e0-40f4-8c53-c1e68f8808e1/2a175041-7fbb-4877-a74f-80a945e708dc_1924596538.jpeg?h=225&w=225,
311274522,Flash Wipe Done Bathroom Spray White Blossom 800Ml,https://www.tesco.com/groceries/en-GB/shop/household/all?department=Bathroom%20Cleaners%20%26%20Toilet%20Care&viewAll=department&page=,£2.50,£3.13/litre,,New,/groceries/en-GB/products/311274522,https://digitalcontent.api.tesco.com/v2/media/ghs/878aa390-f802-45af-be53-a1a15fb41ec6/cc19ed82-04e0-4f09-a10a-027cfce74bed_1466592309.jpeg?h=225&w=225,
257789127,Duck Fresh Brush Refill 12 Pack,https://www.tesco.com/groceries/en-GB/shop/household/all?department=Bathroom%20Cleaners%20%26%20Toilet%20Care&viewAll=department&page=,£3.00,£0.25/each,,,/groceries/en-GB/products/257789127,https://digitalcontent.api.tesco.com/v2/media/ghs/af1c5159-723a-45e2-aec7-413726fdd196/b22999be-4c18-4d07-9391-440dea922c49_1092229664.jpeg?h=225&w=225,
302801201,Method Passion Fruit Shower Spray 828Ml,https://www.tesco.com/groceries/en-GB/shop/household/all?department=Bathroom%20Cleaners%20%26%20Toilet%20Care&viewAll=department&page=,£4.00,£4.84/litre,£3.00 Clubcard Price,,/groceries/en-GB/products/302801201,https://digitalcontent.api.tesco.com/v2/media/ghs/c2e1be5e-dc4f-4980-8324-d476cd1f914c/f72362cb-a5bd-4a29-8c96-d1234b77142c_1771826406.jpeg?h=225&w=225,
304386135,Dettol Multi Purpose Citrus Wipes 105S,https://www.tesco.com/groceries/en-GB/shop/household/all?department=Bathroom%20Cleaners%20%26%20Toilet%20Care&viewAll=department&page=,£3.00,£2.86/100sht,,,/groceries/en-GB/products/304386135,https://digitalcontent.api.tesco.com/v2/media/ghs/b4300c26-156c-460e-805a-0572f646b995/7ae2cf36-16b3-42f1-983b-49ae6321042a_1033717788.jpeg?h=225&w=225,
254870346,Cif Citrus Bathroom Mousse 500Ml,https://www.tesco.com/groceries/en-GB/shop/household/all?department=Bathroom%20Cleaners%20%26%20Toilet%20Care&viewAll=department&page=,£3.00,£6.00/litre,,,/groceries/en-GB/products/254870346,https://digitalcontent.api.tesco.com/v2/media/ghs/460f41ba-d81a-4314-8365-f6559f6413df/7b393ed9-aa36-45f5-a6de-181e927ed3dd_1792816639.jpeg?h=225&w=225,
311695070,Bloo Colour Active Lavender 2 X 50G,https://www.tesco.com/groceries/en-GB/shop/household/all?department=Bathroom%20Cleaners%20%26%20Toilet%20Care&viewAll=department&page=,£3.00,£30.00/kg,£2.70 Clubcard Price,,/groceries/en-GB/products/311695070,https://digitalcontent.api.tesco.com/v2/media/ghs/f5f1d744-99d0-4d76-b25b-d2280a18afd8/888766ee-f82c-45f7-9385-71cb0d54d0a3_1060334332.jpeg?h=225&w=225,
299160254,Duck Fresh Disc Holder Marine,https://www.tesco.com/groceries/en-GB/shop/household/all?department=Bathroom%20Cleaners%20%26%20Toilet%20Care&viewAll=department&page=,£3.00,£83.34/litre,,,/groceries/en-GB/products/299160254,https://digitalcontent.api.tesco.com/v2/media/ghs/22dcf25e-a93b-4e2a-908d-6e926d07303e/9dd2a69d-f986-4adc-b1ec-902146c74826_1144686790.jpeg?h=225&w=225,
309197839,Harpic Power Plus Active Tablets 8 Pack 200G,https://www.tesco.com/groceries/en-GB/shop/household/all?department=Bathroom%20Cleaners%20%26%20Toilet%20Care&viewAll=department&page=,£3.00,£15.00/kg,,,/groceries/en-GB/products/309197839,https://digitalcontent.api.tesco.com/v2/media/ghs/ce5c440c-04a2-456f-8b79-99c815080a05/7cddfc1f-fa97-48d3-9dfb-947ff4c7aefa_114958274.jpeg?h=225&w=225,
309758016,Dettol 105 Large Antibacterial Cleaning Wipes Green Apple,https://www.tesco.com/groceries/en-GB/shop/household/all?department=Bathroom%20Cleaners%20%26%20Toilet%20Care&viewAll=department&page=,£3.00,£2.86/100sht,,,/groceries/en-GB/products/309758016,https://digitalcontent.api.tesco.com/v2/media/ghs/b8b5bce7-7a7f-4f05-9383-2e1083985e9d/49b5c5ae-ec35-4514-8235-4256d27f625c_1259874397.jpeg?h=225&w=225,
310696447,Flash Speed Mop Dry Pads 20 Pack,https://www.tesco.com/groceries/en-GB/shop/household/all?department=Bathroom%20Cleaners%20%26%20Toilet%20Care&viewAll=department&page=,£3.50,£0.18/each,,,/groceries/en-GB/products/310696447,https://digitalcontent.api.tesco.com/v2/media/ghs/b8bb1b56-bc69-4165-a960-8717851ad5bc/0ebf430a-2575-4639-ad5a-4b049e1e7ae1_1544774640.jpeg?h=225&w=225,
309743517,Dettol 105 Large Multi Purpose Wipes Pomegranate & Lime,https://www.tesco.com/groceries/en-GB/shop/household/all?department=Bathroom%20Cleaners%20%26%20Toilet%20Care&viewAll=department&page=,£3.00,£2.86/100sht,,,/groceries/en-GB/products/309743517,https://digitalcontent.api.tesco.com/v2/media/ghs/bdae07cf-5d60-4aa7-8f9f-41496da3d5ea/0f2c372c-4ec8-4ceb-a3b3-d2fba8fba029_1381561177.jpeg?h=225&w=225,
301948609,Hg Professional Limescale Remover Half Litre,https://www.tesco.com/groceries/en-GB/shop/household/all?department=Bathroom%20Cleaners%20%26%20Toilet%20Care&viewAll=department&page=,£3.70,£7.40/litre,,,/groceries/en-GB/products/301948609,https://digitalcontent.api.tesco.com/v2/media/ghs/63f05eab-a7f6-49d1-a467-0aa6971c48f7/a0541483-5317-4180-891f-98582bc79718_1286258604.jpeg?h=225&w=225,
308498434,Flash Power Mop Refill Pads 8 Pack,https://www.tesco.com/groceries/en-GB/shop/household/all?department=Bathroom%20Cleaners%20%26%20Toilet%20Care&viewAll=department&page=,£3.00,£0.38/each,,,/groceries/en-GB/products/308498434,https://digitalcontent.api.tesco.com/v2/media/ghs/f6557f50-b7f8-4567-bbe1-386d1a3083c8/328b9a24-bd4f-43b8-9841-aa5f350389e0_1694707555.jpeg?h=225&w=225,
297774936,Tesco Ocean Bleach Tablets X40 160G,https://www.tesco.com/groceries/en-GB/shop/household/all?department=Bathroom%20Cleaners%20%26%20Toilet%20Care&viewAll=department&page=,£2.25,£14.07/kg,,,/groceries/en-GB/products/297774936,https://digitalcontent.api.tesco.com/v2/media/ghs/d0f54573-fcf9-473e-b91b-6bd63143d21a/871cec39-cfcf-4647-8f2d-ecf921b6546f_824325382.jpeg?h=225&w=225,
253545336,Ecover Toilet Cleaner 750Ml,https://www.tesco.com/groceries/en-GB/shop/household/all?department=Bathroom%20Cleaners%20%26%20Toilet%20Care&viewAll=department&page=,£2.00,£2.67/litre,,,/groceries/en-GB/products/253545336,https://digitalcontent.api.tesco.com/v2/media/ghs/c0cf321b-64af-4b25-a297-6cc44a195828/a3fcc616-eb83-4b95-afee-00cc6c82186a_470814244.jpeg?h=225&w=225,
262749519,Harpic Power+ Active Tablets 8 Pack 200G,https://www.tesco.com/groceries/en-GB/shop/household/all?department=Bathroom%20Cleaners%20%26%20Toilet%20Care&viewAll=department&page=,£3.00,£15.00/kg,,,/groceries/en-GB/products/262749519,https://digitalcontent.api.tesco.com/v2/media/ghs/abdd3cd5-42ab-4b20-9fa5-0770560411cc/ae740c81-858a-4e7d-b797-f2471f23b5ae_1586272839.jpeg?h=225&w=225,
311428284,Bloo Power Active Flowers 3 X 50G,https://www.tesco.com/groceries/en-GB/shop/household/all?department=Bathroom%20Cleaners%20%26%20Toilet%20Care&viewAll=department&page=,£2.90,£19.34/kg,,,/groceries/en-GB/products/311428284,https://digitalcontent.api.tesco.com/v2/media/ghs/a9640734-9d0d-4295-975b-75364b28febe/bc98b1b5-e897-4ff0-a25b-4deec0d3a7f7_69413341.jpeg?h=225&w=225,
310137897,Bloo Brilliant Gel Arctic Ocean 42G,https://www.tesco.com/groceries/en-GB/shop/household/all?department=Bathroom%20Cleaners%20%26%20Toilet%20Care&viewAll=department&page=,£2.40,£60.00/kg,,,/groceries/en-GB/products/310137897,https://digitalcontent.api.tesco.com/v2/media/ghs/ea0ec4a6-9492-48aa-83f9-34d224a22683/60fdc2ef-9b55-44e0-aab9-42e0c5a21c76_2026469848.jpeg?h=225&w=225,
311438462,Domestos Power 5 Rimblocks Pink Magnolia 2 X 55G,https://www.tesco.com/groceries/en-GB/shop/household/all?department=Bathroom%20Cleaners%20%26%20Toilet%20Care&viewAll=department&page=,£1.89,£17.19/kg,,,/groceries/en-GB/products/311438462,https://digitalcontent.api.tesco.com/v2/media/ghs/be229f23-3a51-41d1-a24f-30ee3a919927/ba025d78-212e-4692-a931-af655de8642b_1357096395.jpeg?h=225&w=225,
310669702,Bloo Colour Active Bleach Rim Block 2X50g,https://www.tesco.com/groceries/en-GB/shop/household/all?department=Bathroom%20Cleaners%20%26%20Toilet%20Care&viewAll=department&page=,£3.00,£30.00/kg,£2.70 Clubcard Price,,/groceries/en-GB/products/310669702,https://digitalcontent.api.tesco.com/v2/media/ghs/0126976f-f20e-4269-ae0d-a1d6df40b22d/b1bf0d13-2874-4429-8fb9-2f5e42194c7e_1208893934.jpeg?h=225&w=225,
307355087,Bloo Power Tabs Anti Limescale Lemon 12X25g,https://www.tesco.com/groceries/en-GB/shop/household/all?department=Bathroom%20Cleaners%20%26%20Toilet%20Care&viewAll=department&page=,£3.00,£10.00/kg,,,/groceries/en-GB/products/307355087,https://digitalcontent.api.tesco.com/v2/media/ghs/3f4bd912-9c1c-4dfe-9e6a-3419249a49b5/a8e0f18f-3475-4ffc-8688-0e9974949e82_1398970638.jpeg?h=225&w=225,
299160571,Bloo Blue Activ Fresh Flowers Rim Block 2X50g,https://www.tesco.com/groceries/en-GB/shop/household/all?department=Bathroom%20Cleaners%20%26%20Toilet%20Care&viewAll=department&page=,£3.00,£30.00/kg,£2.70 Clubcard Price,,/groceries/en-GB/products/299160571,https://digitalcontent.api.tesco.com/v2/media/ghs/bcbc0b2b-2227-41a6-b825-d3986ed9db0c/63403690-329c-44e1-b163-c0fc1553bdca_1197328279.jpeg?h=225&w=225,
304378928,Dettol Multi Purpose Citrus Wipes 70S,https://www.tesco.com/groceries/en-GB/shop/household/all?department=Bathroom%20Cleaners%20%26%20Toilet%20Care&viewAll=department&page=,£2.50,£3.58/100sht,£2.00 Clubcard Price,,/groceries/en-GB/products/304378928,https://digitalcontent.api.tesco.com/v2/media/ghs/94b01fe8-b382-4ec6-a362-fdcf3abf62f3/4f24385b-863d-4c58-b5e1-79fd628e782a_701279763.jpeg?h=225&w=225,
302509277,Tesco Toilet Brush,https://www.tesco.com/groceries/en-GB/shop/household/all?department=Bathroom%20Cleaners%20%26%20Toilet%20Care&viewAll=department&page=,£1.50,£1.50/each,,,/groceries/en-GB/products/302509277,https://digitalcontent.api.tesco.com/v2/media/ghs/b153a3a7-747f-4d11-bd17-75b71312a350/e40c329e-44bb-4522-b64d-c08c7d662264_1066276546.jpeg?h=225&w=225,
311676323,Domestos Power 5 Rim Block Lavender 2 X 55G,https://www.tesco.com/groceries/en-GB/shop/household/all?department=Bathroom%20Cleaners%20%26%20Toilet%20Care&viewAll=department&page=,£1.89,£17.19/kg,,,/groceries/en-GB/products/311676323,https://digitalcontent.api.tesco.com/v2/media/ghs/10e8bc57-3a9b-4757-83dc-36d2c03316ad/bf40df24-3f91-4841-910c-05d5ffd23220_2118699055.jpeg?h=225&w=225,
309767649,Ecover Limescale Remover Berries & Basil 500Ml,https://www.tesco.com/groceries/en-GB/shop/household/all?department=Bathroom%20Cleaners%20%26%20Toilet%20Care&viewAll=department&page=,£3.15,£6.30/litre,,,/groceries/en-GB/products/309767649,https://digitalcontent.api.tesco.com/v2/media/ghs/3fb5691b-32d5-4280-9ce1-ec1457b992b2/55dd62a7-035a-412b-a859-8586dba68331_1332354422.jpeg?h=225&w=225,
302831292,Mr Muscle Platinum Bathroom Mandarin Orange 750Ml,https://www.tesco.com/groceries/en-GB/shop/household/all?department=Bathroom%20Cleaners%20%26%20Toilet%20Care&viewAll=department&page=,£2.00,£2.67/litre,,,/groceries/en-GB/products/302831292,https://digitalcontent.api.tesco.com/v2/media/ghs/6f7fa741-cea1-4ebd-bf4f-c573b43b06a5/a36e873a-fc24-48e9-8022-8323b093bf84_989927083.jpeg?h=225&w=225,
312352463,Flash All Purpose Liquid Lavender Floor Cleaner 1.2L,https://www.tesco.com/groceries/en-GB/shop/household/all?department=Bathroom%20Cleaners%20%26%20Toilet%20Care&viewAll=department&page=,£2.00,£1.67/litre,,,/groceries/en-GB/products/312352463,https://digitalcontent.api.tesco.com/v2/media/ghs/85ecc1fe-bc6b-477a-a5f9-5c260ea32d08/11ec8261-27f0-4e49-9c39-cd2d70fa35be_650803800.jpeg?h=225&w=225,
312086835,Cilit Bang Naturally Powerful Limescale 100% Remover 750Ml,https://www.tesco.com/groceries/en-GB/shop/household/all?department=Bathroom%20Cleaners%20%26%20Toilet%20Care&viewAll=department&page=,£2.00,£2.67/litre,,,/groceries/en-GB/products/312086835,https://digitalcontent.api.tesco.com/v2/media/ghs/fb19f247-6d8c-4196-a5ad-74e243896daf/8a73c42e-78af-4553-aa2c-acd9ac16f119_1794789869.jpeg?h=225&w=225,
308487303,Flash Home Spray Antibacterial Apple Blossom 800Ml,https://www.tesco.com/groceries/en-GB/shop/household/all?department=Bathroom%20Cleaners%20%26%20Toilet%20Care&viewAll=department&page=,£2.50,£3.13/litre,,,/groceries/en-GB/products/308487303,https://digitalcontent.api.tesco.com/v2/media/ghs/0f207af3-6e91-4adf-9674-1751ab2f09c6/226ef587-a6fc-4ec8-9f89-a1fa1acea2f1_1472082293.jpeg?h=225&w=225,
278067644,Tesco Limescale Remove Trigger 500Ml,https://www.tesco.com/groceries/en-GB/shop/household/all?department=Bathroom%20Cleaners%20%26%20Toilet%20Care&viewAll=department&page=,£1.50,£3.00/litre,,,/groceries/en-GB/products/278067644,https://digitalcontent.api.tesco.com/v2/media/ghs/c5b123b6-6ca4-4167-bf6b-d8e811c37eeb/72f9474e-45a9-4876-b9d9-9241723f7b9e_605775415.jpeg?h=225&w=225,
271225803,Bloo Acticlean Block Violet Twin,https://www.tesco.com/groceries/en-GB/shop/household/all?department=Bathroom%20Cleaners%20%26%20Toilet%20Care&viewAll=department&page=,£1.50,£19.74/kg,,,/groceries/en-GB/products/271225803,https://digitalcontent.api.tesco.com/v2/media/ghs/2d4ef7e1-d9b6-49f5-88b7-8f7c115ac35b/e2f85be8-01f9-4425-8a20-987e42192228_189743846.jpeg?h=225&w=225,
302820564,Bloo Fragrance Switch Lily & Apple Rim Block 50G,https://www.tesco.com/groceries/en-GB/shop/household/all?department=Bathroom%20Cleaners%20%26%20Toilet%20Care&viewAll=department&page=,£2.10,£42.00/kg,£1.50 Clubcard Price,,/groceries/en-GB/products/302820564,https://digitalcontent.api.tesco.com/v2/media/ghs/fe9d23ed-79b8-4c87-899f-b09fe8cb17d0/ae273c60-7b1f-437c-8f3e-002644ce82cb_482599621.jpeg?h=225&w=225,
305048120,Cif Eco Refill Power & Shine Bathroom 70Ml,https://www.tesco.com/groceries/en-GB/shop/household/all?department=Bathroom%20Cleaners%20%26%20Toilet%20Care&viewAll=department&page=,£1.45,£20.72/litre,,,/groceries/en-GB/products/305048120,https://digitalcontent.api.tesco.com/v2/media/ghs/d8e2f336-0f97-442c-b499-886b118de752/83797670-fe8c-4512-9b4c-48c4184d645b_179730521.jpeg?h=225&w=225,
310137687,Tesco Daily Shower Cleaning Refill 9Ml,https://www.tesco.com/groceries/en-GB/shop/household/all?department=Bathroom%20Cleaners%20%26%20Toilet%20Care&viewAll=department&page=,£0.75,£83.34/litre,,,/groceries/en-GB/products/310137687,https://digitalcontent.api.tesco.com/v2/media/ghs/cad65c37-8030-4389-a99b-0aeec69bcf1b/64c81ba0-0dcb-41be-b3e5-0bbd0c66f197_586259131.jpeg?h=225&w=225,
310177408,Tesco Antibacterial Bathroom Cleaner Refill 9Ml,https://www.tesco.com/groceries/en-GB/shop/household/all?department=Bathroom%20Cleaners%20%26%20Toilet%20Care&viewAll=department&page=,£0.75,£83.34/litre,,,/groceries/en-GB/products/310177408,https://digitalcontent.api.tesco.com/v2/media/ghs/e4ffc146-c59a-498d-8721-537096bb864b/fa258e0a-a413-4e82-9ac9-cdf2e369788a_2123715543.jpeg?h=225&w=225,
304708015,Tesco Grey Design Ceramic Toilet Brush,https://www.tesco.com/groceries/en-GB/shop/household/all?department=Bathroom%20Cleaners%20%26%20Toilet%20Care&viewAll=department&page=,£9.00,£9.00/each,,,/groceries/en-GB/products/304708015,https://digitalcontent.api.tesco.com/v2/media/ghs/48278f17-d9a4-4f9d-b8f2-86ce6a1152fe/072b65a0-932f-4bb7-a7ac-7d262e560503_1644890134.jpeg?h=225&w=225,
292120130,Tesco Cube Toilet Brush And Holder White,https://www.tesco.com/groceries/en-GB/shop/household/all?department=Bathroom%20Cleaners%20%26%20Toilet%20Care&viewAll=department&page=,£6.50,£6.50/each,,,/groceries/en-GB/products/292120130,https://digitalcontent.api.tesco.com/v2/media/ghs/6a36ba98-742e-40bd-992c-de510df6c13a/cfe1da13-02da-4a1a-beac-45c9613c70e2_1254052328.jpeg?h=225&w=225,
296287397,Tesco Cube Black Toilet Brush Holder,https://www.tesco.com/groceries/en-GB/shop/household/all?department=Bathroom%20Cleaners%20%26%20Toilet%20Care&viewAll=department&page=,£6.50,£6.50/each,,,/groceries/en-GB/products/296287397,https://digitalcontent.api.tesco.com/v2/media/ghs/8549fe17-a78c-4b6d-a971-7787342a1226/f32b422f-5fff-41a1-a8ea-762a9f72ece2_1299379659.jpeg?h=225&w=225,
294008012,Hg Hagesan Liquid Drain Unblock 1L,https://www.tesco.com/groceries/en-GB/shop/household/all?department=Bathroom%20Cleaners%20%26%20Toilet%20Care&viewAll=department&page=,£4.25,£4.25/litre,,,/groceries/en-GB/products/294008012,https://digitalcontent.api.tesco.com/v2/media/ghs/3a7c399d-f573-4e46-9a7a-27178ca35319/00bdfe1b-d6ea-4c6f-9663-a01a40247475_566762337.jpeg?h=225&w=225,
299772388,Duck Fresh Discs 2 Refills Marine 2X36ml,https://www.tesco.com/groceries/en-GB/shop/household/all?department=Bathroom%20Cleaners%20%26%20Toilet%20Care&viewAll=department&page=,£5.00,£69.45/litre,,,/groceries/en-GB/products/299772388,https://digitalcontent.api.tesco.com/v2/media/ghs/3a7be057-2086-46a2-9281-f6b7085e1fe8/7215dc1f-6492-4759-93ce-d086288296ab_1102753873.jpeg?h=225&w=225,
311421435,Duck Fresh Discs Refills Cosmic Peach 2 X 36Ml,https://www.tesco.com/groceries/en-GB/shop/household/all?department=Bathroom%20Cleaners%20%26%20Toilet%20Care&viewAll=department&page=,£5.00,£69.45/litre,,,/groceries/en-GB/products/311421435,https://digitalcontent.api.tesco.com/v2/media/ghs/16dd068f-769c-4741-9646-f2154c083aa3/2b1ae347-749b-4c1c-ad10-61f9cdde0fb6_545838275.jpeg?h=225&w=225,
311686357,Duck Fresh Disc Refill Floral Moon 2X36ml,https://www.tesco.com/groceries/en-GB/shop/household/all?department=Bathroom%20Cleaners%20%26%20Toilet%20Care&viewAll=department&page=,£5.00,£69.45/litre,,,/groceries/en-GB/products/311686357,https://digitalcontent.api.tesco.com/v2/media/ghs/e104b863-81e4-4343-bef1-a9a1585834df/375899d9-e240-49d9-bd5e-fb105bb65be7_45316670.jpeg?h=225&w=225,
310189924,Neat Antibacterial Bathroom Cleaner Sage & Mint Starter Pack,https://www.tesco.com/groceries/en-GB/shop/household/all?department=Bathroom%20Cleaners%20%26%20Toilet%20Care&viewAll=department&page=,£6.00,£6.00/each,£4.00 Clubcard Price,,/groceries/en-GB/products/310189924,https://digitalcontent.api.tesco.com/v2/media/ghs/7867f54d-48a8-46ab-9079-c8767223f073/3a46843e-4404-42b7-860c-64da9ed15dc4_1669087312.jpeg?h=225&w=225,
308107069,Oceansaver Kit Bathroom Pomegranate Tide Cleaner 15G,https://www.tesco.com/groceries/en-GB/shop/household/all?department=Bathroom%20Cleaners%20%26%20Toilet%20Care&viewAll=department&page=,£2.35,£156.67/kg,,,/groceries/en-GB/products/308107069,https://digitalcontent.api.tesco.com/v2/media/ghs/b43e0f28-d95a-49d3-ab8e-179b1e655c85/233b337a-1571-44dd-a414-f2c6c3370b2e_1757201985.jpeg?h=225&w=225,
310672346,Neat Antibacterial Bathroom Cleaner Sage & Mint Refill 30Ml,https://www.tesco.com/groceries/en-GB/shop/household/all?department=Bathroom%20Cleaners%20%26%20Toilet%20Care&viewAll=department&page=,£2.50,£83.34/litre,£1.75 Clubcard Price,,/groceries/en-GB/products/310672346,https://digitalcontent.api.tesco.com/v2/media/ghs/efe2f67e-4be6-4658-946a-ac613bd83598/4df088fe-8b7c-480d-bc3f-1dbf60fa7d27_808250702.jpeg?h=225&w=225,
308091892,Ocean Saver Ecodrop Pomegranate Tide 15G,https://www.tesco.com/groceries/en-GB/shop/household/all?department=Bathroom%20Cleaners%20%26%20Toilet%20Care&viewAll=department&page=,£1.50,£100.00/kg,,,/groceries/en-GB/products/308091892,https://digitalcontent.api.tesco.com/v2/media/ghs/73c7edf7-b31f-4d7d-ac84-b0dc445a178e/b0c92720-931f-411c-9077-9996f3426763_1429065540.jpeg?h=225&w=225,
312348532,Fairy All In One Original Dishwasher Tablets 70 Pack 945G,https://www.tesco.com/groceries/en-GB/shop/household/all?department=Dishwashing&viewAll=department&page=,£10.00,£10.59/kg,,,/groceries/en-GB/products/312348532,https://digitalcontent.api.tesco.com/v2/media/ghs/673eda55-9b16-4878-a37d-fd25c0e7cd0f/0d885423-b47a-44b2-9143-d5fd6d533e6e_1936874797.jpeg?h=225&w=225,
312348768,Finish Ultimate All In One Dishwasher Tablets Lemon 70Pk 903G,https://www.tesco.com/groceries/en-GB/shop/household/all?department=Dishwashing&viewAll=department&page=,£11.50,£12.74/kg,,,/groceries/en-GB/products/312348768,https://digitalcontent.api.tesco.com/v2/media/ghs/8ac99ba8-fa89-45ea-a294-a52765cb7d3a/dc4f342f-8be1-436b-b67a-684812324ef6_344540909.jpeg?h=225&w=225,
312221031,Finish Ultimate All In One Dishwasher Tablets 70 Pack 903G,https://www.tesco.com/groceries/en-GB/shop/household/all?department=Dishwashing&viewAll=department&page=,£11.50,£12.74/kg,,,/groceries/en-GB/products/312221031,https://digitalcontent.api.tesco.com/v2/media/ghs/7c3d478e-92e2-4f6b-a058-9c0083dadff0/5f930208-46f4-4517-adf6-0dcf32d3863e_1366094968.jpeg?h=225&w=225,
312565482,Fairy Platinum Plus Lemon 32 Dishwasher Tablets 496G,https://www.tesco.com/groceries/en-GB/shop/household/all?department=Dishwashing&viewAll=department&page=,£9.00,£18.15/kg,,,/groceries/en-GB/products/312565482,https://digitalcontent.api.tesco.com/v2/media/ghs/9ca137f8-6b97-43ab-8b63-544717ee95a7/a6d7b3ed-0367-4665-9af3-6e4c12986327_1378692895.jpeg?h=225&w=225,
304787939,Finish Quantum Ultimate Original 44 Dishwasher 550G,https://www.tesco.com/groceries/en-GB/shop/household/all?department=Dishwashing&viewAll=department&page=,£9.00,£16.37/kg,£6.00 Clubcard Price,,/groceries/en-GB/products/304787939,https://digitalcontent.api.tesco.com/v2/media/ghs/490cf88d-9df3-469d-8e3a-04f81e884fcf/4f9af4bb-1d30-4b64-9368-697d719f3a48_58889855.jpeg?h=225&w=225,
305052454,Finish Quantum Ultimate Lemon 44 Dishwasher 550G,https://www.tesco.com/groceries/en-GB/shop/household/all?department=Dishwashing&viewAll=department&page=,£9.00,£16.37/kg,£6.00 Clubcard Price,,/groceries/en-GB/products/305052454,https://digitalcontent.api.tesco.com/v2/media/ghs/c0912806-db41-4ea5-bfa8-617a414ab28f/f2212cf2-b9e0-4afd-9b02-3686620e78f1_1792786401.jpeg?h=225&w=225,
250360288,Marigold Extra Life Gloves Kitchen Medium,https://www.tesco.com/groceries/en-GB/shop/household/all?department=Dishwashing&viewAll=department&page=,£2.60,£2.60/Pair,,,/groceries/en-GB/products/250360288,https://digitalcontent.api.tesco.com/v2/media/ghs/e12116e8-ab14-43c9-b554-eec111efddca/cb8918a9-b761-4cb8-a49b-0c9449481b0b_962835357.jpeg?h=225&w=225,
250360501,Marigold Extra Life Gloves Kitchen Large,https://www.tesco.com/groceries/en-GB/shop/household/all?department=Dishwashing&viewAll=department&page=,£2.60,£2.60/Pair,,,/groceries/en-GB/products/250360501,https://digitalcontent.api.tesco.com/v2/media/ghs/6369e0e6-e2df-4ef7-965c-f14cdd527a00/7799f9e0-58dc-4e91-a0d4-ab7f8527860b_1500464316.jpeg?h=225&w=225,
259454751,Finish Lemon Dishwasher Cleaner 250 Ml,https://www.tesco.com/groceries/en-GB/shop/household/all?department=Dishwashing&viewAll=department&page=,£3.50,£14.00/litre,,,/groceries/en-GB/products/259454751,https://digitalcontent.api.tesco.com/v2/media/ghs/9200a778-a6c4-4ec6-b3d2-7815427cac1e/5445c90d-45d2-44d7-8020-e0f194384c83_362562682.jpeg?h=225&w=225,
262984608,Tesco Dishwasher Salt 3Kg,https://www.tesco.com/groceries/en-GB/shop/household/all?department=Dishwashing&viewAll=department&page=,£2.90,£0.97/kg,,,/groceries/en-GB/products/262984608,https://digitalcontent.api.tesco.com/v2/media/ghs/9f66dab5-8e81-4c82-ac6e-e4c84e09867b/ba88021f-884e-4771-a495-8e7ffa931c97_483398246.jpeg?h=225&w=225,
267446927,Finish Rinse Aid Shine & Dry Lemon 400Ml,https://www.tesco.com/groceries/en-GB/shop/household/all?department=Dishwashing&viewAll=department&page=,£3.00,£7.50/litre,,,/groceries/en-GB/products/267446927,https://digitalcontent.api.tesco.com/v2/media/ghs/7ccba5d4-5ed2-4e31-9a23-4309fd36612f/1807a30d-48d6-43b2-9d49-bd6052e42061_2061943330.jpeg?h=225&w=225,
311934715,Fairy Platinum Antibacterial Washing Liquid Eucalyptus 870Ml,https://www.tesco.com/groceries/en-GB/shop/household/all?department=Dishwashing&viewAll=department&page=,£2.49,£2.87/litre,,,/groceries/en-GB/products/311934715,https://digitalcontent.api.tesco.com/v2/media/ghs/04733140-b7d1-485f-a878-c31d17b63800/5202f472-3792-4341-a63c-8e43fdeb2fc7_41982070.jpeg?h=225&w=225,
311231017,Tesco All-In-One Dishwasher Tablets 40S Original 680G,https://www.tesco.com/groceries/en-GB/shop/household/all?department=Dishwashing&viewAll=department&page=,£3.65,£5.37/kg,,,/groceries/en-GB/products/311231017,https://digitalcontent.api.tesco.com/v2/media/ghs/53f1bbc6-dab7-47b0-ba61-e001cebf301c/5f5fb501-227b-4286-b319-9cc4f0cfbabe_1604759144.jpeg?h=225&w=225,
272360220,Tesco Dishwasher Rinse Aid Citrus 400Ml,https://www.tesco.com/groceries/en-GB/shop/household/all?department=Dishwashing&viewAll=department&page=,£1.90,£4.75/litre,,,/groceries/en-GB/products/272360220,https://digitalcontent.api.tesco.com/v2/media/ghs/bdde6926-5fdc-4a31-9139-0a0d649f4a46/81d9a455-e39e-4e23-a388-38fb0963d767_294793484.jpeg?h=225&w=225,
312568847,Fairy Platinum Quick Wash Washing Up Liquid 870Ml,https://www.tesco.com/groceries/en-GB/shop/household/all?department=Dishwashing&viewAll=department&page=,£2.49,£2.87/litre,Aldi Price Match,,/groceries/en-GB/products/312568847,https://digitalcontent.api.tesco.com/v2/media/ghs/364583df-013d-4b5d-bb1d-ad9f80baadac/a45c1c86-c701-4936-9c67-2c9a3c37c26e_1969040013.jpeg?h=225&w=225,
255284917,Tesco All Purpose Cloths 25 Pack,https://www.tesco.com/groceries/en-GB/shop/household/all?department=Dishwashing&viewAll=department&page=,£2.50,£0.10/each,,,/groceries/en-GB/products/255284917,https://digitalcontent.api.tesco.com/v2/media/ghs/5d51a3e0-eba8-43a5-a7c5-66ea10864c60/f1745113-6c7e-42f7-a001-cdd6fcf62377_358421174.jpeg?h=225&w=225,
312581977,Fairy Quick Wash Washing Up Liquid Wild Berry 870Ml,https://www.tesco.com/groceries/en-GB/shop/household/all?department=Dishwashing&viewAll=department&page=,£2.49,£2.87/litre,,,/groceries/en-GB/products/312581977,https://digitalcontent.api.tesco.com/v2/media/ghs/953c0c96-fb47-4e31-87b6-06e1d177e03d/b3b5f15d-8ae1-4daa-83ce-4da0df114dbb_767494051.jpeg?h=225&w=225,
261811770,Tesco Round Dish Brush Platinum,https://www.tesco.com/groceries/en-GB/shop/household/all?department=Dishwashing&viewAll=department&page=,£1.50,£1.50/each,,,/groceries/en-GB/products/261811770,https://digitalcontent.api.tesco.com/v2/media/ghs/cd59d389-0187-4918-8b42-0d9a8d492a68/a7ab39c3-3821-43ac-8023-30ad56cef717_150216185.jpeg?h=225&w=225,
263403403,Spontex Tough Scourers 4 Pack,https://www.tesco.com/groceries/en-GB/shop/household/all?department=Dishwashing&viewAll=department&page=,£1.95,£0.49/each,,,/groceries/en-GB/products/263403403,https://digitalcontent.api.tesco.com/v2/media/ghs/6b1bbc11-e6d5-4ce8-9fd1-757c07b92c93/915fd97e-7b38-4224-b277-5df6927ea00b_1628926481.jpeg?h=225&w=225,
251904036,Spontex Easy Sponge Scourers 2 Pack,https://www.tesco.com/groceries/en-GB/shop/household/all?department=Dishwashing&viewAll=department&page=,£1.60,£0.80/each,,,/groceries/en-GB/products/251904036,https://digitalcontent.api.tesco.com/v2/media/ghs/bd6203d1-4c02-43d4-b22a-977ec42bd0fa/b00231a6-553a-4c11-bf98-f715127e0d58_960539910.jpeg?h=225&w=225,
294937346,Tesco 4 Large Cleaning Cloths,https://www.tesco.com/groceries/en-GB/shop/household/all?department=Dishwashing&viewAll=department&page=,£1.55,£0.39/each,,,/groceries/en-GB/products/294937346,https://digitalcontent.api.tesco.com/v2/media/ghs/ebd5da71-5b40-4350-bccc-73e86694d2ab/edf26236-b40a-43c6-bc3a-85a94e5f88fc_622422602.jpeg?h=225&w=225,
299155572,Ecover Washing Up Liquid Lemon And Aloe 950Ml,https://www.tesco.com/groceries/en-GB/shop/household/all?department=Dishwashing&viewAll=department&page=,£2.95,£3.11/litre,,,/groceries/en-GB/products/299155572,https://digitalcontent.api.tesco.com/v2/media/ghs/b48042f3-0875-4dd3-8f6d-dfdfb1caefc0/214da01e-24f6-47ba-9c86-34d3e4b22dcd_1538625030.jpeg?h=225&w=225,
299155664,Ecover Washing Up Liquid Chamomile Clementine 950Ml,https://www.tesco.com/groceries/en-GB/shop/household/all?department=Dishwashing&viewAll=department&page=,£2.95,£3.11/litre,,,/groceries/en-GB/products/299155664,https://digitalcontent.api.tesco.com/v2/media/ghs/814e9ff4-5202-48a8-8234-ee67e5df0d00/e1d795c3-bfd5-4939-9aef-931ff2e9a454_51915594.jpeg?h=225&w=225,
255309153,Tesco Dish Cloth 4 Pack,https://www.tesco.com/groceries/en-GB/shop/household/all?department=Dishwashing&viewAll=department&page=,£1.60,£0.40/each,,,/groceries/en-GB/products/255309153,https://digitalcontent.api.tesco.com/v2/media/ghs/44d7a73f-df86-4dff-90ce-dbc420978f04/47769ef1-1e15-41eb-ad35-e99bb0d609f4_1200719732.jpeg?h=225&w=225,
250364658,Tesco Dishwashing Rubber Gloves Medium,https://www.tesco.com/groceries/en-GB/shop/household/all?department=Dishwashing&viewAll=department&page=,£1.20,£1.20/Pair,,,/groceries/en-GB/products/250364658,https://digitalcontent.api.tesco.com/v2/media/ghs/c0c145c5-500c-43f3-b244-13e930c5e9dc/5fbb4a4f-4159-488e-ad8a-f14508c33f3a_1919693209.jpeg?h=225&w=225,
311253150,Tesco Dishwasher Freshener Lemon 2X6ml,https://www.tesco.com/groceries/en-GB/shop/household/all?department=Dishwashing&viewAll=department&page=,£1.75,£14.59/100ml,,New,/groceries/en-GB/products/311253150,https://digitalcontent.api.tesco.com/v2/media/ghs/8c5dc2bb-5a00-4271-94c2-2472e867b3c4/3a0380c3-708d-46da-8819-8d67dc6161bf_1571537460.jpeg?h=225&w=225,
260332445,Tesco Sponge Cloths 4 Pack,https://www.tesco.com/groceries/en-GB/shop/household/all?department=Dishwashing&viewAll=department&page=,£1.40,£0.35/each,,,/groceries/en-GB/products/260332445,https://digitalcontent.api.tesco.com/v2/media/ghs/210c965b-c757-4c08-bf75-4e80cd3eef23/d9d309e5-c970-4866-a159-bc61beef5e7e_610836100.jpeg?h=225&w=225,
250289776,Spontex Brilliant Scourer,https://www.tesco.com/groceries/en-GB/shop/household/all?department=Dishwashing&viewAll=department&page=,£1.25,£1.25/each,,,/groceries/en-GB/products/250289776,https://digitalcontent.api.tesco.com/v2/media/ghs/f346c449-839e-4e2f-bc2d-a6f390c67833/3c11e751-0b98-4c12-9f8b-419afb5062f0_136412555.jpeg?h=225&w=225,
311802872,Fairy Washing Up Liquid Max Power Antibacterial 660Ml,https://www.tesco.com/groceries/en-GB/shop/household/all?department=Dishwashing&viewAll=department&page=,£3.00,£4.55/litre,£2.50 Clubcard Price,,/groceries/en-GB/products/311802872,https://digitalcontent.api.tesco.com/v2/media/ghs/987734d3-62ad-4409-93fc-77416265682c/09f64b38-e283-4c47-89d9-0ce1b95903a0_1293466512.jpeg?h=225&w=225,
312094088,Tesco Dishwasher Cleaner 250Ml,https://www.tesco.com/groceries/en-GB/shop/household/all?department=Dishwashing&viewAll=department&page=,£2.50,£10.00/litre,,New,/groceries/en-GB/products/312094088,https://digitalcontent.api.tesco.com/v2/media/ghs-mktg/b0b04216-fa73-466d-a9d7-c9fcfa1ce9b3/no-image.jpeg,
311806879,Fairy Washing Up Liquid Max Power Original 660Ml,https://www.tesco.com/groceries/en-GB/shop/household/all?department=Dishwashing&viewAll=department&page=,£3.00,£4.55/litre,£2.50 Clubcard Price,,/groceries/en-GB/products/311806879,https://digitalcontent.api.tesco.com/v2/media/ghs/245c54b2-971c-4e7b-adcd-ef2efa76a4d2/0c0471cf-2811-4d3b-b000-8b65e137bdb3_1354652034.jpeg?h=225&w=225,
257552753,Tesco Super Absorbent Cloths 3 Pack,https://www.tesco.com/groceries/en-GB/shop/household/all?department=Dishwashing&viewAll=department&page=,£1.10,£0.37/each,,,/groceries/en-GB/products/257552753,https://digitalcontent.api.tesco.com/v2/media/ghs/9e873a4b-4a06-46fc-bb8b-87a6d4fc8584/bb3fb21d-d24e-4045-8d26-4e6cc8c3de1a_1757825270.jpeg?h=225&w=225,
290151924,Fairy Original Washing Up Liquid Original 780Ml,https://www.tesco.com/groceries/en-GB/shop/household/all?department=Dishwashing&viewAll=department&page=,£2.00,£2.57/litre,,,/groceries/en-GB/products/290151924,https://digitalcontent.api.tesco.com/v2/media/ghs/76499661-939d-4e74-ac3c-434e386d780a/1d4f2bda-c9c5-444b-9722-2533b5a36554_268643420.jpeg?h=225&w=225,
255284946,Tesco All Purpose Cloths 10 Pack,https://www.tesco.com/groceries/en-GB/shop/household/all?department=Dishwashing&viewAll=department&page=,£1.25,£0.12/each,,,/groceries/en-GB/products/255284946,https://digitalcontent.api.tesco.com/v2/media/ghs/8426eeac-e9fa-4d53-a6ba-1b16ca745e61/c33d44bc-9229-43e1-a3fd-1c34ceb77639_802911742.jpeg?h=225&w=225,
290138630,Fairy Lemon Washing Up Liquid Lemon 780Ml,https://www.tesco.com/groceries/en-GB/shop/household/all?department=Dishwashing&viewAll=department&page=,£2.00,£2.57/litre,,,/groceries/en-GB/products/290138630,https://digitalcontent.api.tesco.com/v2/media/ghs/c718d9cc-8d44-48ce-9cbd-d86352e7dff2/6c66c81e-41f0-495c-ac9e-780dd483e8d5_1485925767.jpeg?h=225&w=225,
311278034,Fairy Citrus Grove Washing Up Liquid 780Ml,https://www.tesco.com/groceries/en-GB/shop/household/all?department=Dishwashing&viewAll=department&page=,£2.00,£2.57/litre,,,/groceries/en-GB/products/311278034,https://digitalcontent.api.tesco.com/v2/media/ghs/d94db80e-c93e-4cad-a8a5-f8437a3a7136/59e22560-1a74-48ea-99a1-069af896b846_1998824941.jpeg?h=225&w=225,
312345397,Fairy Washing Up Liquid Original Lemon 383Ml,https://www.tesco.com/groceries/en-GB/shop/household/all?department=Dishwashing&viewAll=department&page=,£1.00,£2.62/litre,,,/groceries/en-GB/products/312345397,https://digitalcontent.api.tesco.com/v2/media/ghs/04026149-ad48-4b2e-8eb4-40d88a0d3552/5e3dbe6f-14ff-4169-8911-64dd60f895d9_790253206.jpeg?h=225&w=225,
311442865,Fairy Original Washing Up Liquid 383Ml,https://www.tesco.com/groceries/en-GB/shop/household/all?department=Dishwashing&viewAll=department&page=,£1.00,£2.62/litre,,,/groceries/en-GB/products/311442865,https://digitalcontent.api.tesco.com/v2/media/ghs/eccdb487-cd2b-4ca9-9024-e71e4bf3669c/00e43e5b-6a0b-4a81-a73e-6dae29567176_387207454.jpeg?h=225&w=225,
301737250,Springforce Sponge Scourers 8 Pack,https://www.tesco.com/groceries/en-GB/shop/household/all?department=Dishwashing&viewAll=department&page=,£0.43,£0.05/each,,,/groceries/en-GB/products/301737250,https://digitalcontent.api.tesco.com/v2/media/ghs/f73271cb-2530-4155-96d4-fd55e9039dfd/e02fa7d8-22c7-482f-9c2b-13bad89945ac_167815566.jpeg?h=225&w=225,
311958537,Tesco Rhubarb & Rose Washing Up Liquid 500Ml,https://www.tesco.com/groceries/en-GB/shop/household/all?department=Dishwashing&viewAll=department&page=,£0.55,£1.10/litre,,,/groceries/en-GB/products/311958537,https://digitalcontent.api.tesco.com/v2/media/ghs/59c6bbdd-d434-4c1c-8cac-519e5483b0d7/3a3fe779-dcad-4398-a950-f484fa9cd6d5_1013941783.jpeg?h=225&w=225,
311802365,Tesco Antibacterial Eucalyptus Washing Up Liquid 500Ml,https://www.tesco.com/groceries/en-GB/shop/household/all?department=Dishwashing&viewAll=department&page=,,,,,/groceries/en-GB/products/311802365,https://digitalcontent.api.tesco.com/v2/media/ghs/20352709-407c-4fb7-a96a-71054d8d581a/9ec69a8e-b0e9-4e7d-bb02-4d51c1fe1104_278557718.jpeg?h=225&w=225,This product's currently out of stock
301884380,Springforce All Purpose Cloths 10 Pack,https://www.tesco.com/groceries/en-GB/shop/household/all?department=Dishwashing&viewAll=department&page=,£0.41,£0.04/each,Aldi Price Match,,/groceries/en-GB/products/301884380,https://digitalcontent.api.tesco.com/v2/media/ghs/95770a00-9d2f-41f9-8dc1-21e69d238f99/4580b051-2051-4abf-ab69-105bd6be5087_839531055.jpeg?h=225&w=225,
311951717,Tesco Antibacterial Lime & Lemongrass Washing Up Liquid 500Ml,https://www.tesco.com/groceries/en-GB/shop/household/all?department=Dishwashing&viewAll=department&page=,£0.79,£1.58/litre,Aldi Price Match,,/groceries/en-GB/products/311951717,https://digitalcontent.api.tesco.com/v2/media/ghs/390d1b14-ac14-4e98-b163-ffb5145b7b70/snapshotimagehandler_889878296.jpeg?h=225&w=225,
311681604,Clean & Fresh Zesty Lemon Washing Up Liquid 500Ml,https://www.tesco.com/groceries/en-GB/shop/household/all?department=Dishwashing&viewAll=department&page=,£0.45,£0.90/litre,,,/groceries/en-GB/products/311681604,https://digitalcontent.api.tesco.com/v2/media/ghs/39b40ef1-fea6-410c-bd6f-ce4ba837cb82/d362ac5d-273d-422a-97fc-eca44f0c7915_1476837650.jpeg?h=225&w=225,
311945178,Tesco Lemon Washing Up Liquid 500Ml,https://www.tesco.com/groceries/en-GB/shop/household/all?department=Dishwashing&viewAll=department&page=,£0.55,£1.10/litre,Aldi Price Match,,/groceries/en-GB/products/311945178,https://digitalcontent.api.tesco.com/v2/media/ghs/7184951c-a27f-407f-9149-a04e1167d4be/81536f32-6bd7-4115-9835-2ea853b0a2d0_1370330448.jpeg?h=225&w=225,
312109827,Tesco Original Washing Up Liquid 500Ml,https://www.tesco.com/groceries/en-GB/shop/household/all?department=Dishwashing&viewAll=department&page=,£0.55,£1.10/litre,Aldi Price Match,,/groceries/en-GB/products/312109827,https://digitalcontent.api.tesco.com/v2/media/ghs/1ab782cd-1e49-4f9e-936d-3fa202a3cc17/snapshotimagehandler_39860269.jpeg?h=225&w=225,
312365966,Clean & Fresh Original Washing Up Liquid 500Ml,https://www.tesco.com/groceries/en-GB/shop/household/all?department=Dishwashing&viewAll=department&page=,£0.45,£0.90/litre,,,/groceries/en-GB/products/312365966,https://digitalcontent.api.tesco.com/v2/media/ghs/fb76f5ce-88c4-4be7-94ef-cd8bd5b0fd07/e767d2e6-3c90-44f2-8b55-ab8bb324d33c_649921133.jpeg?h=225&w=225,
311213002,Tesco All-In-One Dishwasher Tablets 40S Lemon 680G,https://www.tesco.com/groceries/en-GB/shop/household/all?department=Dishwashing&viewAll=department&page=,£3.65,£5.37/kg,,,/groceries/en-GB/products/311213002,,
311431705,Finish Quantum All In One Dishwasher Tabs 72Pk 748.8G,https://www.tesco.com/groceries/en-GB/shop/household/all?department=Dishwashing&viewAll=department&page=,£11.25,£15.03/kg,,,/groceries/en-GB/products/311431705,https://digitalcontent.api.tesco.com/v2/media/ghs/d518dcc5-c4c3-4452-a0ec-c9b96539551b/e4529841-14a9-4d20-a2d4-8b84e43c2b58_303941003.jpeg?h=225&w=225,
311436591,Finish Quantum All In One Dishwasher Tabs 72Pk 748.8G,https://www.tesco.com/groceries/en-GB/shop/household/all?department=Dishwashing&viewAll=department&page=,£11.25,£15.03/kg,,,/groceries/en-GB/products/311436591,https://digitalcontent.api.tesco.com/v2/media/ghs/a5b6910a-07ba-4b49-9264-180263b1a3ce/b0379743-c4ef-482f-8ae1-68778fc2dfff_539891363.jpeg?h=225&w=225,
312579166,Fairy Platinum Plus All In One Lemon Dishwasher Tablets 51 Pack 791G,https://www.tesco.com/groceries/en-GB/shop/household/all?department=Dishwashing&viewAll=department&page=,£12.00,£15.18/kg,£9.00 Clubcard Price,,/groceries/en-GB/products/312579166,https://digitalcontent.api.tesco.com/v2/media/ghs/8edfe5b6-19d2-4753-9d70-acbf66fa5294/ceec293f-1410-4ff3-86e6-08ba94aa8df7_891032713.jpeg?h=225&w=225,
312097488,Fairy Platinum All In One Lemon Dishwasher Tablets 59 Pack 879G,https://www.tesco.com/groceries/en-GB/shop/household/all?department=Dishwashing&viewAll=department&page=,£10.00,£11.38/kg,£9.00 Clubcard Price,,/groceries/en-GB/products/312097488,https://digitalcontent.api.tesco.com/v2/media/ghs/0ae0bcda-cd63-40fb-8213-b9c5049c236e/c12e2e69-86e9-43c0-b90e-a9fbd5c0e8aa_206275657.jpeg?h=225&w=225,
310168863,Monarch Water Ultimate Water Salt Tablets 10Kg,https://www.tesco.com/groceries/en-GB/shop/household/all?department=Dishwashing&viewAll=department&page=,£8.40,£0.84/kg,,,/groceries/en-GB/products/310168863,https://digitalcontent.api.tesco.com/v2/media/ghs/30bddcd5-2b7a-4fe1-95bf-9c1e5f8062b5/c6bf73b5-fe37-4d90-b377-df2f12e47968_520290445.jpeg?h=225&w=225,
312352837,Fairy Platinum All In One Original Dishwasher Tablets 59 Pack 879G,https://www.tesco.com/groceries/en-GB/shop/household/all?department=Dishwashing&viewAll=department&page=,£10.00,£11.38/kg,£9.00 Clubcard Price,,/groceries/en-GB/products/312352837,https://digitalcontent.api.tesco.com/v2/media/ghs/49293b16-ddbf-4856-993e-937b516dfc9d/da992781-d9bd-44ab-b83b-380820335bda_2003618089.jpeg?h=225&w=225,
312564794,Fairy Platinum Lemon Dishwasher 83 Tablets 1237G,https://www.tesco.com/groceries/en-GB/shop/household/all?department=Dishwashing&viewAll=department&page=,£12.50,£10.11/kg,,,/groceries/en-GB/products/312564794,https://digitalcontent.api.tesco.com/v2/media/ghs/f759a308-fcb5-46ca-87f4-8a14f9a50f32/18f46ff5-032e-44ee-b24c-873957c1025e_924980323.jpeg?h=225&w=225,
299155687,Ecover Dishwasher Tabs All In One 22S 440G,https://www.tesco.com/groceries/en-GB/shop/household/all?department=Dishwashing&viewAll=department&page=,£7.00,£15.91/kg,,,/groceries/en-GB/products/299155687,https://digitalcontent.api.tesco.com/v2/media/ghs/3e6c3f9b-0711-445f-9ae6-94ae6188a8ca/87e0c77e-8620-4b89-a452-b60431850d76_1833361729.jpeg?h=225&w=225,
302798739,Finish All In One Max Original 60 Dishwasher Tablets,https://www.tesco.com/groceries/en-GB/shop/household/all?department=Dishwashing&viewAll=department&page=,£8.50,£0.14/each,,,/groceries/en-GB/products/302798739,https://digitalcontent.api.tesco.com/v2/media/ghs/72760acb-4460-44a4-ac56-3ad4c6bfa964/8c4fa9e5-8d9d-4a43-a4af-7eecc4f7eee0_1017126396.jpeg?h=225&w=225,
302798699,Finish All In One Max Lemon 60 Dishwasher Tablets,https://www.tesco.com/groceries/en-GB/shop/household/all?department=Dishwashing&viewAll=department&page=,£8.50,£0.14/each,,,/groceries/en-GB/products/302798699,https://digitalcontent.api.tesco.com/v2/media/ghs/747c779e-e110-4d4d-83e3-33b70b4e23ca/7cdc9b2a-5c1a-4c82-85b0-ee5d124df1c8_539934044.jpeg?h=225&w=225,
312563227,Finish Quantum All In One 49 Dishwasher Tablets 509.6G,https://www.tesco.com/groceries/en-GB/shop/household/all?department=Dishwashing&viewAll=department&page=,£9.00,£17.67/kg,£7.00 Clubcard Price,,/groceries/en-GB/products/312563227,https://digitalcontent.api.tesco.com/v2/media/ghs/8f1824db-4a7b-47d4-9f2e-ccbafeaae4df/63fbfc65-dd57-47dc-90e6-5dd5265140ef_2068864001.jpeg?h=225&w=225,
312558548,Fairy Platinum All In One Lemon 38 Dishwasher Tablets 566G,https://www.tesco.com/groceries/en-GB/shop/household/all?department=Dishwashing&viewAll=department&page=,£7.00,£12.37/kg,,,/groceries/en-GB/products/312558548,https://digitalcontent.api.tesco.com/v2/media/ghs/dacfbcf6-a9bb-4839-b475-c83e49c3b701/440bb99f-ada5-48c3-9cbf-151753b02b15_874258600.jpeg?h=225&w=225,
312717689,Fairy Original All In One Lemon 37 Dishwasher Tablets 500G,https://www.tesco.com/groceries/en-GB/shop/household/all?department=Dishwashing&viewAll=department&page=,£6.75,£13.50/kg,,,/groceries/en-GB/products/312717689,https://digitalcontent.api.tesco.com/v2/media/ghs/29ba1933-ed2a-43e6-8470-6ed441de0e1b/8cc60353-89e2-4c0b-a64d-a288da2012b7_128931579.jpeg?h=225&w=225,
305024920,Tesco Recycled Cutlery Tray Dark Grey,https://www.tesco.com/groceries/en-GB/shop/household/all?department=Dishwashing&viewAll=department&page=,£4.00,£4.00/each,,,/groceries/en-GB/products/305024920,https://digitalcontent.api.tesco.com/v2/media/ghs/01e65b37-5db6-45b4-9fdc-958d035bb324/f79faca5-9fa4-4f66-8659-968b51ba72ad_643396434.jpeg?h=225&w=225,
250359037,Marigold Extra Life Gloves Kitchen Small,https://www.tesco.com/groceries/en-GB/shop/household/all?department=Dishwashing&viewAll=department&page=,£2.60,£2.60/Pair,,,/groceries/en-GB/products/250359037,https://digitalcontent.api.tesco.com/v2/media/ghs/e2970a3e-7b35-453d-a058-04399cd30aff/5b13490a-7f8b-4973-998a-a1ca6d9d0eb3_1115382879.jpeg?h=225&w=225,
311255833,Finish Quantum All In One 27 Dishwasher T Tablets Lemon 280.8G,https://www.tesco.com/groceries/en-GB/shop/household/all?department=Dishwashing&viewAll=department&page=,£5.50,£19.59/kg,,,/groceries/en-GB/products/311255833,https://digitalcontent.api.tesco.com/v2/media/ghs/d4ac2a54-8b2e-4b1b-9ea7-00e90f08fe08/b8f1f641-444e-489b-90d1-72fd3955c686_818807184.jpeg?h=225&w=225,
252440070,Spontex 40 All Purpose Cloths On A Roll,https://www.tesco.com/groceries/en-GB/shop/household/all?department=Dishwashing&viewAll=department&page=,£3.50,£0.09/each,,,/groceries/en-GB/products/252440070,https://digitalcontent.api.tesco.com/v2/media/ghs/30d1ae05-f2d8-46ec-92bb-088813d3f5fc/28f07275-36a1-4513-9d69-1c43ba5ba73d_1544089698.jpeg?h=225&w=225,
259624251,Spontex Long Lasting Kitchen Cloth 2 Pack,https://www.tesco.com/groceries/en-GB/shop/household/all?department=Dishwashing&viewAll=department&page=,£3.15,£1.58/each,,,/groceries/en-GB/products/259624251,https://digitalcontent.api.tesco.com/v2/media/ghs/410ad7eb-bb4c-411f-a144-6105b2a7a21a/872296c6-64ba-4237-987c-a23062e186bc_83820891.jpeg?h=225&w=225,
310019361,Tesco Recycled Black Washing Up Bowl With Plug,https://www.tesco.com/groceries/en-GB/shop/household/all?department=Dishwashing&viewAll=department&page=,£3.00,£3.00/each,,,/groceries/en-GB/products/310019361,https://digitalcontent.api.tesco.com/v2/media/ghs-mktg/b0b04216-fa73-466d-a9d7-c9fcfa1ce9b3/no-image.jpeg,
311279275,Tesco Ultra Dishwasher Caps Original 40'S 500G,https://www.tesco.com/groceries/en-GB/shop/household/all?department=Dishwashing&viewAll=department&page=,£4.75,£9.50/kg,,,/groceries/en-GB/products/311279275,https://digitalcontent.api.tesco.com/v2/media/ghs-mktg/b0b04216-fa73-466d-a9d7-c9fcfa1ce9b3/no-image.jpeg,
276341714,Tesco Extra Wear Gloves Large,https://www.tesco.com/groceries/en-GB/shop/household/all?department=Dishwashing&viewAll=department&page=,£2.00,£2.00/Pair,,,/groceries/en-GB/products/276341714,https://digitalcontent.api.tesco.com/v2/media/ghs/930e98ee-a6bf-4dcd-98c9-7633b2471d05/709cf82a-1351-4cbf-9112-964a0c8025f6_363874796.jpeg?h=225&w=225,
276341974,Tesco Extra Wear Gloves Medium,https://www.tesco.com/groceries/en-GB/shop/household/all?department=Dishwashing&viewAll=department&page=,£2.00,£2.00/Pair,,,/groceries/en-GB/products/276341974,https://digitalcontent.api.tesco.com/v2/media/ghs/00711e7a-47bd-4ac7-8591-97909c476aa7/82531f5c-fc9a-454c-8a37-1c5d92eee811_2013153905.jpeg?h=225&w=225,
256727157,Tesco Tough Household Gloves Large,https://www.tesco.com/groceries/en-GB/shop/household/all?department=Dishwashing&viewAll=department&page=,£2.30,£2.30/Pair,,,/groceries/en-GB/products/256727157,https://digitalcontent.api.tesco.com/v2/media/ghs/bd14e20f-f4a1-46d3-abf0-6cf7f5a076a9/f6768946-520d-4cf5-badf-19f543ef061e_1149900851.jpeg?h=225&w=225,
277290657,Marigold Sensitive Gloves Medium 1 Pair,https://www.tesco.com/groceries/en-GB/shop/household/all?department=Dishwashing&viewAll=department&page=,£3.30,£3.30/Pair,£2.20 Clubcard Price,,/groceries/en-GB/products/277290657,https://digitalcontent.api.tesco.com/v2/media/ghs/7339319b-8982-4c20-ab8b-5eeda345a5a6/80734857-fd0f-47a4-99b0-4d3b2162a0df_246823389.jpeg?h=225&w=225,
305047547,Finish All In One Max Lemon 30 Dishwasher Tablets 480G,https://www.tesco.com/groceries/en-GB/shop/household/all?department=Dishwashing&viewAll=department&page=,£5.00,£10.42/kg,,,/groceries/en-GB/products/305047547,https://digitalcontent.api.tesco.com/v2/media/ghs/cc588686-9a35-4273-9acd-6793e0aac0e6/0e9c6986-216e-4c44-be14-f64200c3987f_1840115229.jpeg?h=225&w=225,
305043989,Finish All In One Max 30 Dishwasher Tablets 480G,https://www.tesco.com/groceries/en-GB/shop/household/all?department=Dishwashing&viewAll=department&page=,£5.00,£10.42/kg,,,/groceries/en-GB/products/305043989,https://digitalcontent.api.tesco.com/v2/media/ghs/fadfc8e7-e11c-4cc2-a1b7-fa033d9a9332/950c6784-b0f8-4262-8c5a-831b52c77741_170972227.jpeg?h=225&w=225,
262534382,Spontex Style Dish Brush,https://www.tesco.com/groceries/en-GB/shop/household/all?department=Dishwashing&viewAll=department&page=,£2.80,£2.80/each,,,/groceries/en-GB/products/262534382,https://digitalcontent.api.tesco.com/v2/media/ghs/b20a23bd-38db-436b-b94f-efe28cae1977/9e271bc6-d7cd-444c-b4bb-25fa6005e2b8_918899032.jpeg?h=225&w=225,
259550698,Finish Lemon Dishwasher Powder 1 Kilograms,https://www.tesco.com/groceries/en-GB/shop/household/all?department=Dishwashing&viewAll=department&page=,£4.00,£4.00/kg,,,/groceries/en-GB/products/259550698,https://digitalcontent.api.tesco.com/v2/media/ghs/dbcbc128-48ab-4ab7-9c2c-7b5e2ffefab5/4a0da83e-1f53-4cda-91fd-da5bd6c35328_945214700.jpeg?h=225&w=225,
267362830,Tesco Pan Scourers 5 Pack,https://www.tesco.com/groceries/en-GB/shop/household/all?department=Dishwashing&viewAll=department&page=,£1.60,£0.32/each,,,/groceries/en-GB/products/267362830,https://digitalcontent.api.tesco.com/v2/media/ghs/f6184bc8-3400-468d-a6cf-a8cdf9066eab/snapshotimagehandler_2113966849.jpeg?h=225&w=225,
255309239,Tesco Ribbed Cleaning Cloths 4 Pack,https://www.tesco.com/groceries/en-GB/shop/household/all?department=Dishwashing&viewAll=department&page=,£1.90,£0.48/each,,,/groceries/en-GB/products/255309239,https://digitalcontent.api.tesco.com/v2/media/ghs/fb5165b9-75c8-4e46-bf15-76089047e2bb/11138857-a066-43ca-b7c5-e8280ba2d4da_413554103.jpeg?h=225&w=225,
252195025,Spontex Handy Tough Scourer,https://www.tesco.com/groceries/en-GB/shop/household/all?department=Dishwashing&viewAll=department&page=,£1.85,£1.85/each,,,/groceries/en-GB/products/252195025,https://digitalcontent.api.tesco.com/v2/media/ghs/0051b761-1b0d-4782-8b23-162d34c35815/33ad4e52-8dbe-4444-9635-a5d3eadd0757_456010680.jpeg?h=225&w=225,
305024868,Tesco Recycled Square Washing Up Bowl Dark Grey,https://www.tesco.com/groceries/en-GB/shop/household/all?department=Dishwashing&viewAll=department&page=,£2.25,£2.25/each,,,/groceries/en-GB/products/305024868,https://digitalcontent.api.tesco.com/v2/media/ghs/adf75a31-d378-4640-8b15-66230d88cf8a/dd1a8b87-f69a-4657-8bbc-5227b7c4fad9_453437519.jpeg?h=225&w=225,
302798872,Finish In Wash Dishwasher Cleaner 3 Tablets,https://www.tesco.com/groceries/en-GB/shop/household/all?department=Dishwashing&viewAll=department&page=,£4.25,£1.42/each,,,/groceries/en-GB/products/302798872,https://digitalcontent.api.tesco.com/v2/media/ghs/1fb32fad-a8e0-4555-a8ac-8677ac110db2/1c3743c9-4f52-4140-ba0d-4095b8c7715d_1382036014.jpeg?h=225&w=225,
305024908,Tesco Recycled Cutlery Drainer Dark Grey,https://www.tesco.com/groceries/en-GB/shop/household/all?department=Dishwashing&viewAll=department&page=,£2.00,£2.00/each,,,/groceries/en-GB/products/305024908,https://digitalcontent.api.tesco.com/v2/media/ghs/2ce42d83-1520-4b80-a9e4-d7e7fb2c2ca2/e029992f-ab83-4672-9ff8-fca21bf121ec_390045397.jpeg?h=225&w=225,
304863417,Tesco Recycled Square Washing Up Bowl Grey,https://www.tesco.com/groceries/en-GB/shop/household/all?department=Dishwashing&viewAll=department&page=,£2.25,£2.25/each,,,/groceries/en-GB/products/304863417,https://digitalcontent.api.tesco.com/v2/media/ghs/c1ded739-8c17-46f2-8e65-cfc95e06c8fb/ca6ecd5b-1c74-43f5-b96e-2e418b7e5a0f_1111220796.jpeg?h=225&w=225,
311442842,Tesco Ultra Dishwasher Caps Lemon 40'S 500G,https://www.tesco.com/groceries/en-GB/shop/household/all?department=Dishwashing&viewAll=department&page=,£4.75,£9.50/kg,,,/groceries/en-GB/products/311442842,https://digitalcontent.api.tesco.com/v2/media/ghs-mktg/b0b04216-fa73-466d-a9d7-c9fcfa1ce9b3/no-image.jpeg,
250366823,Tesco Dishwashing Rubber Gloves Large,https://www.tesco.com/groceries/en-GB/shop/household/all?department=Dishwashing&viewAll=department&page=,£1.20,£1.20/Pair,,,/groceries/en-GB/products/250366823,https://digitalcontent.api.tesco.com/v2/media/ghs/0d5d90c3-6c29-436c-87d2-785b9198d6f9/52118d7f-4a37-46ab-b30f-8151a051df1b_742999295.jpeg?h=225&w=225,
275444330,Spontex Heavy Duty Scourer Pads 3 Pack,https://www.tesco.com/groceries/en-GB/shop/household/all?department=Dishwashing&viewAll=department&page=,£1.60,£0.53/each,,,/groceries/en-GB/products/275444330,https://digitalcontent.api.tesco.com/v2/media/ghs/e99b65ba-6db3-4615-929c-8aada97267af/65b5ff56-69f8-41ce-822a-d272ab89f7a7_1568859683.jpeg?h=225&w=225,
250358326,Tesco Dishwashing Rubber Gloves Small,https://www.tesco.com/groceries/en-GB/shop/household/all?department=Dishwashing&viewAll=department&page=,£1.20,£1.20/Pair,,,/groceries/en-GB/products/250358326,https://digitalcontent.api.tesco.com/v2/media/ghs/6b761256-f059-4fa7-b50c-963222173c66/64c674df-9016-416b-b73a-768a7a77c1d2_951957317.jpeg?h=225&w=225,
302533380,Spontex Washups Mosaik Scourer 2 Pack,https://www.tesco.com/groceries/en-GB/shop/household/all?department=Dishwashing&viewAll=department&page=,£1.20,£0.60/each,,,/groceries/en-GB/products/302533380,https://digitalcontent.api.tesco.com/v2/media/ghs/b19eaf4b-1cdd-4594-8120-03f8129a71ed/bb89d8f0-2bc0-4cf6-b6c9-6633fa1a0c1d_786885684.jpeg?h=225&w=225,
305250657,Method Washing Up Liquid Coconut Water 532Ml,https://www.tesco.com/groceries/en-GB/shop/household/all?department=Dishwashing&viewAll=department&page=,£3.00,£5.64/litre,,,/groceries/en-GB/products/305250657,https://digitalcontent.api.tesco.com/v2/media/ghs/8ca1ea43-6a84-47f5-b2f3-3d8ca4561ae1/783f8916-2430-48e6-afc4-ec8617a791de_1645458339.jpeg?h=225&w=225,
311668264,Fairy Washing Up Liquid Max Power Pomegranate 660Ml,https://www.tesco.com/groceries/en-GB/shop/household/all?department=Dishwashing&viewAll=department&page=,£3.00,£4.55/litre,£2.50 Clubcard Price,,/groceries/en-GB/products/311668264,https://digitalcontent.api.tesco.com/v2/media/ghs/4b1fa768-f66e-4300-b7a1-164151a07ce6/47185a4d-01a1-477d-86b0-b24ca0f6b6c3_1689193918.jpeg?h=225&w=225,
284843472,Tesco Platinum Nail Brush,https://www.tesco.com/groceries/en-GB/shop/household/all?department=Dishwashing&viewAll=department&page=,£1.00,£1.00/each,,,/groceries/en-GB/products/284843472,https://digitalcontent.api.tesco.com/v2/media/ghs/08819326-5fcd-469f-960b-855972c9c213/ef79830f-6bce-46b7-a744-039de897ca7d_139733111.jpeg?h=225&w=225,
308901252,Hinch Bamboo Kitchen Brush,https://www.tesco.com/groceries/en-GB/shop/household/all?department=Dishwashing&viewAll=department&page=,£2.00,£2.00/each,£1.50 Clubcard Price,,/groceries/en-GB/products/308901252,https://digitalcontent.api.tesco.com/v2/media/ghs/ac54c80c-13c9-4b2b-8fbb-ca1492fe8903/19f6c293-5fb9-427b-bfe0-287729f67c51_575114727.jpeg?h=225&w=225,
264760087,Surcare Washing Up Liquid 450Ml,https://www.tesco.com/groceries/en-GB/shop/household/all?department=Dishwashing&viewAll=department&page=,£1.35,£3.00/litre,,,/groceries/en-GB/products/264760087,https://digitalcontent.api.tesco.com/v2/media/ghs/72ce03ea-ca26-4790-b1c8-b02a1bba8582/snapshotimagehandler_655914381.jpeg?h=225&w=225,
310019424,Tesco Wire Dish And Cutlery Drainer Black,https://www.tesco.com/groceries/en-GB/shop/household/all?department=Dishwashing&viewAll=department&page=,£15.00,£15.00/each,,,/groceries/en-GB/products/310019424,https://digitalcontent.api.tesco.com/v2/media/ghs/9ba6d185-9140-4492-b868-be4a2884c919/e87129cc-07ba-4186-8058-192e42b4289f_106717829.jpeg?h=225&w=225,
310019430,Tesco Rotating Organiser,https://www.tesco.com/groceries/en-GB/shop/household/all?department=Dishwashing&viewAll=department&page=,£8.00,£8.00/each,,,/groceries/en-GB/products/310019430,https://digitalcontent.api.tesco.com/v2/media/ghs/ff8ac24e-a97e-4423-bcda-2f5612779fbe/a8eb1653-3148-4033-a929-e547f65e8faa_443720086.jpeg?h=225&w=225,
308070681,Tesco Wire Plate Rack,https://www.tesco.com/groceries/en-GB/shop/household/all?department=Dishwashing&viewAll=department&page=,£6.00,£6.00/each,,,/groceries/en-GB/products/308070681,https://digitalcontent.api.tesco.com/v2/media/ghs/3052f6b0-85f8-4640-8f26-aa9e90ddabe2/c7bacc32-b0a5-4f64-a13e-722c9182a79e_1390622810.jpeg?h=225&w=225,
263866196,Tesco Stainless Steel Dish Drainer,https://www.tesco.com/groceries/en-GB/shop/household/all?department=Dishwashing&viewAll=department&page=,£9.00,£9.00/each,,,/groceries/en-GB/products/263866196,https://digitalcontent.api.tesco.com/v2/media/ghs/4c3da461-d5e6-4960-a2d4-61334eb76599/656ff389-d692-4c39-a6c3-d267f9407941_1514930286.jpeg?h=225&w=225,
276631821,Febreze Ambi Pur 3Volution Cotton Fresh Refill 20Ml,https://www.tesco.com/groceries/en-GB/shop/household/all?department=Air%20Fresheners%20%26%20Home%20Fragrance&viewAll=department&page=,£4.00,£200.00/litre,Any 2 for £6 Clubcard Price - Selected Febreze Ambi Pur Air Freshener Refill 20ml,,/groceries/en-GB/products/276631821,https://digitalcontent.api.tesco.com/v2/media/ghs/41c89827-e90d-465f-b4ea-3cc6cc5a95e9/a7f08341-7709-4354-9b1f-c7f2656b0015_1709975068.jpeg?h=225&w=225,
295496934,Febreze Ambi Pur 3Volution Pet Odour Refill 20Ml,https://www.tesco.com/groceries/en-GB/shop/household/all?department=Air%20Fresheners%20%26%20Home%20Fragrance&viewAll=department&page=,£4.00,£200.00/litre,Any 2 for £6 Clubcard Price - Selected Febreze Ambi Pur Air Freshener Refill 20ml,,/groceries/en-GB/products/295496934,https://digitalcontent.api.tesco.com/v2/media/ghs/6b12f69c-259f-4d4f-8fe7-519e254e5caa/d76fe7bf-d64b-498f-b5f3-aacb106c22ea_1912115502.jpeg?h=225&w=225,
276615334,Febreze Ambi Pur 3Volution Exotic Fruity Refill 20Ml,https://www.tesco.com/groceries/en-GB/shop/household/all?department=Air%20Fresheners%20%26%20Home%20Fragrance&viewAll=department&page=,£4.00,£200.00/litre,Any 2 for £6 Clubcard Price - Selected Febreze Ambi Pur Air Freshener Refill 20ml,,/groceries/en-GB/products/276615334,https://digitalcontent.api.tesco.com/v2/media/ghs/08d9bb2a-1817-48f4-af6e-9521471bbb13/08517714-217d-45fe-b1dc-afa01e9910eb_1657123704.jpeg?h=225&w=225,
298867036,Febreze Ambi Pur 3Volution Spring Awakening Refill 20Ml,https://www.tesco.com/groceries/en-GB/shop/household/all?department=Air%20Fresheners%20%26%20Home%20Fragrance&viewAll=department&page=,£4.00,£200.00/litre,Any 2 for £6 Clubcard Price - Selected Febreze Ambi Pur Air Freshener Refill 20ml,,/groceries/en-GB/products/298867036,https://digitalcontent.api.tesco.com/v2/media/ghs/07c7fc48-d60f-497c-acb3-aceab89da703/2b824593-247a-4462-9e53-0e87e991be67_2018891834.jpeg?h=225&w=225,
281976492,Glade Automatic Spray Refil Bali Sandal Wood & Jasmine,https://www.tesco.com/groceries/en-GB/shop/household/all?department=Air%20Fresheners%20%26%20Home%20Fragrance&viewAll=department&page=,£3.50,£13.02/litre,,,/groceries/en-GB/products/281976492,https://digitalcontent.api.tesco.com/v2/media/ghs/53dec954-a8b4-40ca-b088-c2992578774e/042b99bf-af8a-4d40-a07a-ccf6ec245cb3_1397019659.jpeg?h=225&w=225,
307959375,Febreze Air Freshener 3Volution Refill Sugarplum 20Ml,https://www.tesco.com/groceries/en-GB/shop/household/all?department=Air%20Fresheners%20%26%20Home%20Fragrance&viewAll=department&page=,£4.00,£200.00/litre,Any 2 for £6 Clubcard Price - Selected Febreze Ambi Pur Air Freshener Refill 20ml,,/groceries/en-GB/products/307959375,https://digitalcontent.api.tesco.com/v2/media/ghs/16c7ad35-0021-495c-9c4e-aafc71e2beaf/62374302-ac85-4f28-8183-93ec5d852e69_1479811178.jpeg?h=225&w=225,
272206404,Airwick Electric Refill Crisp Linen & Lilac,https://www.tesco.com/groceries/en-GB/shop/household/all?department=Air%20Fresheners%20%26%20Home%20Fragrance&viewAll=department&page=,£3.25,£171.06/litre,Any 2 for £5 Clubcard Price - Selected Airwick Air Freshener,,/groceries/en-GB/products/272206404,https://digitalcontent.api.tesco.com/v2/media/ghs/317e9e6a-39a1-4a66-a86d-224b9df0db4b/7867c62b-9cc4-4fcc-b7d2-b9c8c68d60fc_2046736407.jpeg?h=225&w=225,
282121713,Febreze Ambi Pur 3Volution Blossom Breeze Refill 20Ml,https://www.tesco.com/groceries/en-GB/shop/household/all?department=Air%20Fresheners%20%26%20Home%20Fragrance&viewAll=department&page=,£4.00,£200.00/litre,Any 2 for £6 Clubcard Price - Selected Febreze Ambi Pur Air Freshener Refill 20ml,,/groceries/en-GB/products/282121713,https://digitalcontent.api.tesco.com/v2/media/ghs/1cbda52f-fe4a-4f16-b785-8920b9199538/b5b02dd8-7271-4703-8c28-d9229c2bbf40_1384358712.jpeg?h=225&w=225,
312578582,Airwick Essential Oil Electric Refill Mulled Wine 19Ml,https://www.tesco.com/groceries/en-GB/shop/household/all?department=Air%20Fresheners%20%26%20Home%20Fragrance&viewAll=department&page=,£3.25,£17.11/100ml,Any 2 for £5 Clubcard Price - Selected Airwick Air Freshener,,/groceries/en-GB/products/312578582,https://digitalcontent.api.tesco.com/v2/media/ghs/c3be5250-357f-455c-a3c6-e83919c9e31e/9aec645c-6814-4aed-8c8d-9973788f9486_1875606206.jpeg?h=225&w=225,
274260306,Airwick Freshmatic White Vanilla Single Reffil250ml,https://www.tesco.com/groceries/en-GB/shop/household/all?department=Air%20Fresheners%20%26%20Home%20Fragrance&viewAll=department&page=,£3.25,£13.00/litre,Any 2 for £5 Clubcard Price - Selected Airwick Air Freshener,,/groceries/en-GB/products/274260306,https://digitalcontent.api.tesco.com/v2/media/ghs/96a1293b-9aee-4b0a-9a9c-e6d059d6daad/7c0296f2-71d4-42a0-9b9d-07a4ae30b671_896612474.jpeg?h=225&w=225,
281815430,Airwick Air Freshener Freshmatic Sweet Pea Refill 250Ml,https://www.tesco.com/groceries/en-GB/shop/household/all?department=Air%20Fresheners%20%26%20Home%20Fragrance&viewAll=department&page=,£3.25,£13.00/litre,Any 2 for £5 Clubcard Price - Selected Airwick Air Freshener,,/groceries/en-GB/products/281815430,https://digitalcontent.api.tesco.com/v2/media/ghs/074d7b9b-964d-4f6d-9470-c76f9e2ba1f4/f59b14ce-c26a-4cd0-9152-e50b03101206_735050503.jpeg?h=225&w=225,
264943954,Airwick Air Freshener Freshmatic Refill Linen 250 Ml,https://www.tesco.com/groceries/en-GB/shop/household/all?department=Air%20Fresheners%20%26%20Home%20Fragrance&viewAll=department&page=,£3.25,£13.00/litre,Any 2 for £5 Clubcard Price - Selected Airwick Air Freshener,,/groceries/en-GB/products/264943954,https://digitalcontent.api.tesco.com/v2/media/ghs/a4fa640c-7bea-464e-865c-5a1eb9cc9a59/6987d871-68ff-4b93-ba11-5a01dadfffd3_542071021.jpeg?h=225&w=225,
304380873,Glade Candle Honey & Chocolate 129G,https://www.tesco.com/groceries/en-GB/shop/household/all?department=Air%20Fresheners%20%26%20Home%20Fragrance&viewAll=department&page=,£3.00,£23.26/kg,,,/groceries/en-GB/products/304380873,https://digitalcontent.api.tesco.com/v2/media/ghs/cff0c793-3c8e-4b39-9e49-72bb05e44838/50abe0c0-cc8e-4c0e-91f6-fa7d1314208b_1280727883.jpeg?h=225&w=225,
304389132,Airwick Freshmatic Refill Mulled Wine 250Ml,https://www.tesco.com/groceries/en-GB/shop/household/all?department=Air%20Fresheners%20%26%20Home%20Fragrance&viewAll=department&page=,£3.25,£13.00/litre,Any 2 for £5 Clubcard Price - Selected Airwick Air Freshener,,/groceries/en-GB/products/304389132,https://digitalcontent.api.tesco.com/v2/media/ghs/e6934117-f0a1-427c-b879-f3afe9d17ba3/51f6f8e1-a963-4c25-899a-b0b1dbddae80_932209715.jpeg?h=225&w=225,
312227514,Glade Pumpkin Spice Latte Candle 129G,https://www.tesco.com/groceries/en-GB/shop/household/all?department=Air%20Fresheners%20%26%20Home%20Fragrance&viewAll=department&page=,£3.00,£23.26/kg,,,/groceries/en-GB/products/312227514,https://digitalcontent.api.tesco.com/v2/media/ghs/4754c5dc-055b-424e-ba22-1b814fb888bc/ca5529fd-7f25-409b-a8d4-b3dfdc095828_1954533872.jpeg?h=225&w=225,
312223772,Febreze 3Volution Refill Orange & Cinnamon 20Ml,https://www.tesco.com/groceries/en-GB/shop/household/all?department=Air%20Fresheners%20%26%20Home%20Fragrance&viewAll=department&page=,£4.00,£200.00/litre,Any 2 for £6 Clubcard Price - Selected Febreze Ambi Pur Air Freshener Refill 20ml,,/groceries/en-GB/products/312223772,https://digitalcontent.api.tesco.com/v2/media/ghs/ed457643-08cf-4375-99fb-0748d06786ff/f5df43e1-aceb-47c8-aa96-f2f263fbf56e_261032693.jpeg?h=225&w=225,
312365062,Glade Merry Berry & Wine Candle 129G,https://www.tesco.com/groceries/en-GB/shop/household/all?department=Air%20Fresheners%20%26%20Home%20Fragrance&viewAll=department&page=,£3.00,£23.26/kg,,,/groceries/en-GB/products/312365062,https://digitalcontent.api.tesco.com/v2/media/ghs/2ee19c58-7fb3-4900-9893-ed4d0d92817e/6f8c3a5c-c416-4291-b3a7-e336fa02026d_1419229292.jpeg?h=225&w=225,
297774775,Febreze Ambi Pur 3Volution Spiced Apple Refill 20Ml,https://www.tesco.com/groceries/en-GB/shop/household/all?department=Air%20Fresheners%20%26%20Home%20Fragrance&viewAll=department&page=,£4.00,£200.00/litre,Any 2 for £6 Clubcard Price - Selected Febreze Ambi Pur Air Freshener Refill 20ml,,/groceries/en-GB/products/297774775,https://digitalcontent.api.tesco.com/v2/media/ghs/7eb6f31a-930e-4502-b798-a07d44f7b801/986f7351-1647-4e9e-917f-dbb79fd147a7_2048591426.jpeg?h=225&w=225,
255283400,Neutradol Original Gel 135G,https://www.tesco.com/groceries/en-GB/shop/household/all?department=Air%20Fresheners%20%26%20Home%20Fragrance&viewAll=department&page=,£1.75,£12.97/kg,,,/groceries/en-GB/products/255283400,https://digitalcontent.api.tesco.com/v2/media/ghs/a49a0f28-7f2e-4453-8fb9-cd186eccab54/0ef6950e-3091-4985-93c0-e24c3a018aee_821970940.jpeg?h=225&w=225,
312224431,Airwick Stacey Freshmatic Refill Winter Walks 250Ml,https://www.tesco.com/groceries/en-GB/shop/household/all?department=Air%20Fresheners%20%26%20Home%20Fragrance&viewAll=department&page=,£3.25,£13.00/litre,Any 2 for £5 Clubcard Price - Selected Airwick Air Freshener,,/groceries/en-GB/products/312224431,https://digitalcontent.api.tesco.com/v2/media/ghs/e050cfc5-3abd-4af1-8d39-abd2ea80dfe7/172eb283-6130-47df-8ba1-18cad57bc8ac_1667499218.jpeg?h=225&w=225,
289879669,Airwick Air Freshener Pure Spring Aerosol 250 Ml,https://www.tesco.com/groceries/en-GB/shop/household/all?department=Air%20Fresheners%20%26%20Home%20Fragrance&viewAll=department&page=,£2.50,£10.00/litre,,,/groceries/en-GB/products/289879669,https://digitalcontent.api.tesco.com/v2/media/ghs/c3180c0b-5140-4348-ac72-382eae77525f/40d76930-2dfb-4a60-b68e-ac58f60175e8_893547643.jpeg?h=225&w=225,
279467803,1001 Carpet Fresh Pet Thai 300Ml,https://www.tesco.com/groceries/en-GB/shop/household/all?department=Air%20Fresheners%20%26%20Home%20Fragrance&viewAll=department&page=,£2.10,£7.00/litre,,,/groceries/en-GB/products/279467803,https://digitalcontent.api.tesco.com/v2/media/ghs/efc6041d-692f-4695-9039-035a8552d52d/7e6ac838-1517-492d-9580-53a87877986f_1997909970.jpeg?h=225&w=225,
309470407,Zolofora Midnight Blooms Disinfectant Mist 300Ml,https://www.tesco.com/groceries/en-GB/shop/household/all?department=Air%20Fresheners%20%26%20Home%20Fragrance&viewAll=department&page=,£2.50,£8.34/litre,,,/groceries/en-GB/products/309470407,https://digitalcontent.api.tesco.com/v2/media/ghs/a100c01a-f3ee-469c-ba9a-9979d30fa261/086ef2ce-d087-4f1d-a352-78793a7ec9f1_466799868.jpeg?h=225&w=225,
304380176,Airwick Essential Oils Mulled Wine Candle 105G,https://www.tesco.com/groceries/en-GB/shop/household/all?department=Air%20Fresheners%20%26%20Home%20Fragrance&viewAll=department&page=,£2.00,£19.05/kg,,,/groceries/en-GB/products/304380176,https://digitalcontent.api.tesco.com/v2/media/ghs/03d1a9d8-f290-4321-954b-f1ab730f5046/9f49cf1e-1a55-458a-abfa-6b9b11647108_740297178.jpeg?h=225&w=225,
309754913,Zoflora Linen Fresh Disinfectant Mist 300Ml,https://www.tesco.com/groceries/en-GB/shop/household/all?department=Air%20Fresheners%20%26%20Home%20Fragrance&viewAll=department&page=,£2.50,£8.34/litre,,,/groceries/en-GB/products/309754913,https://digitalcontent.api.tesco.com/v2/media/ghs/db4e72be-9599-46f4-8cf6-e59907412b13/7f36b781-ae9c-4d2a-a9a5-b3c7768dd897_1946911347.jpeg?h=225&w=225,
307959853,Febreze Air Freshener Sugar Plum Delight 300Ml,https://www.tesco.com/groceries/en-GB/shop/household/all?department=Air%20Fresheners%20%26%20Home%20Fragrance&viewAll=department&page=,£2.25,£7.50/litre,,,/groceries/en-GB/products/307959853,https://digitalcontent.api.tesco.com/v2/media/ghs/f49fc3a0-d908-4497-a573-d8915ff126a5/4d4556bc-4348-4a1d-a8ab-01f441588016_46275725.jpeg?h=225&w=225,
262481306,Febreze Aerosol 300Ml Cotton Fresh,https://www.tesco.com/groceries/en-GB/shop/household/all?department=Air%20Fresheners%20%26%20Home%20Fragrance&viewAll=department&page=,£2.25,£7.50/litre,,,/groceries/en-GB/products/262481306,https://digitalcontent.api.tesco.com/v2/media/ghs/a7ce3501-a194-4412-b33a-eb658f7d8eb1/71a57541-d8db-49d2-9a5d-97d639df3dcd_42275010.jpeg?h=225&w=225,
262369082,Glade Solid Air Freshener Lavender,https://www.tesco.com/groceries/en-GB/shop/household/all?department=Air%20Fresheners%20%26%20Home%20Fragrance&viewAll=department&page=,£1.25,£8.34/kg,,,/groceries/en-GB/products/262369082,https://digitalcontent.api.tesco.com/v2/media/ghs/452c6860-aefc-4eed-855c-b03f639cc1cc/fc84f87b-fdaa-4290-8956-763a92429353_1948138610.jpeg?h=225&w=225,
282110916,Febreze Aerosol Air Freshener Vanilla Cookie 300Ml,https://www.tesco.com/groceries/en-GB/shop/household/all?department=Air%20Fresheners%20%26%20Home%20Fragrance&viewAll=department&page=,£2.25,£7.50/litre,,,/groceries/en-GB/products/282110916,https://digitalcontent.api.tesco.com/v2/media/ghs/ca5049f4-4365-4fe8-91f7-f7d4bba21dad/24a877ae-c8b9-43e9-82a4-24dbbfacea11_487327636.jpeg?h=225&w=225,
312364190,Febreze Air Freshener Orange & Cinnamon 300Ml,https://www.tesco.com/groceries/en-GB/shop/household/all?department=Air%20Fresheners%20%26%20Home%20Fragrance&viewAll=department&page=,£2.25,£7.50/litre,,New,/groceries/en-GB/products/312364190,https://digitalcontent.api.tesco.com/v2/media/ghs/a36fab1a-03f9-45e0-8a0a-feddb0eca4cd/a1307d02-1eb7-46c2-904e-58f63c1d6ea7_2009587451.jpeg?h=225&w=225,
253094431,Glade Solid Gel Lily Of The Valley,https://www.tesco.com/groceries/en-GB/shop/household/all?department=Air%20Fresheners%20%26%20Home%20Fragrance&viewAll=department&page=,£1.25,£8.34/kg,,,/groceries/en-GB/products/253094431,https://digitalcontent.api.tesco.com/v2/media/ghs/3babfd27-4151-4743-a209-3d83ccb859dd/47c958e8-3540-4294-b104-4c4c33114abf_160277729.jpeg?h=225&w=225,
309475074,Febreze Bathroom Air Freshener Spiced Apple 7.5Ml,https://www.tesco.com/groceries/en-GB/shop/household/all?department=Air%20Fresheners%20%26%20Home%20Fragrance&viewAll=department&page=,£2.00,£266.67/litre,,,/groceries/en-GB/products/309475074,https://digitalcontent.api.tesco.com/v2/media/ghs/5190e52a-1e92-4d39-983a-e36bd5d3255e/5e89b442-fbe6-42cd-aff7-def68cf9ba2c_761343681.jpeg?h=225&w=225,
298866953,Febreze Lenor Spring Awakening Air Freshener 300 Ml,https://www.tesco.com/groceries/en-GB/shop/household/all?department=Air%20Fresheners%20%26%20Home%20Fragrance&viewAll=department&page=,£2.25,£7.50/litre,,,/groceries/en-GB/products/298866953,https://digitalcontent.api.tesco.com/v2/media/ghs/f86beb9b-5f1b-4f53-8dbc-b218b0433506/65433f4e-6cec-4d83-8ed7-2fec605ea0ed_104457902.jpeg?h=225&w=225,
307959398,Febreze Bathroom Air Freshener Cotton Fresh 7.5Ml,https://www.tesco.com/groceries/en-GB/shop/household/all?department=Air%20Fresheners%20%26%20Home%20Fragrance&viewAll=department&page=,£2.00,£266.67/litre,,,/groceries/en-GB/products/307959398,https://digitalcontent.api.tesco.com/v2/media/ghs/48b5ec62-926a-4182-8bb9-ef068319aafa/e5d484f3-b196-407d-91f4-9c27f501225d_1913483718.jpeg?h=225&w=225,
307934519,Febreze Bathroom Air Freshener Blossom & Breeze 7.5Ml,https://www.tesco.com/groceries/en-GB/shop/household/all?department=Air%20Fresheners%20%26%20Home%20Fragrance&viewAll=department&page=,£2.00,£266.67/litre,,,/groceries/en-GB/products/307934519,https://digitalcontent.api.tesco.com/v2/media/ghs/2d86dc36-6f4b-449e-9268-9873bfc26088/044943a3-8bb0-40cf-9984-005f86315dfc_381826652.jpeg?h=225&w=225,
309494517,Febreze Bathroom Air Freshener Frosted Pine 7.5Ml,https://www.tesco.com/groceries/en-GB/shop/household/all?department=Air%20Fresheners%20%26%20Home%20Fragrance&viewAll=department&page=,£2.00,£266.67/litre,,,/groceries/en-GB/products/309494517,https://digitalcontent.api.tesco.com/v2/media/ghs/f1a03f91-ad02-444b-a1ac-271015bf3040/c9708fae-c7cf-4b76-98ca-2b32f60c485a_1930274529.jpeg?h=225&w=225,
291590068,Febreze Fabric Refresher Cotton 375 Ml,https://www.tesco.com/groceries/en-GB/shop/household/all?department=Air%20Fresheners%20%26%20Home%20Fragrance&viewAll=department&page=,£2.00,£5.34/litre,,,/groceries/en-GB/products/291590068,https://digitalcontent.api.tesco.com/v2/media/ghs/cb57a8d7-93ec-4415-b9e1-8f82291c9d65/2f430de2-5e22-4581-8be8-95bc215f2778_330822427.jpeg?h=225&w=225,
298866999,Febreze Pet Fabric Refresher 375 Ml,https://www.tesco.com/groceries/en-GB/shop/household/all?department=Air%20Fresheners%20%26%20Home%20Fragrance&viewAll=department&page=,£2.00,£5.34/litre,,,/groceries/en-GB/products/298866999,https://digitalcontent.api.tesco.com/v2/media/ghs/5f4b8317-d1e2-4862-8497-2bb9f724a108/ccb3b556-9aa1-4094-b834-87e0b6de1355_1154672865.jpeg?h=225&w=225,
295496813,Febreze Fabric Refresher Blossom Breeze 375Ml,https://www.tesco.com/groceries/en-GB/shop/household/all?department=Air%20Fresheners%20%26%20Home%20Fragrance&viewAll=department&page=,£2.00,£5.34/litre,,,/groceries/en-GB/products/295496813,https://digitalcontent.api.tesco.com/v2/media/ghs/a66092e8-7690-4054-8d4b-d7eefc4d6e27/71f3f66a-3196-4fb6-90ed-d4ee7382807a_1887655798.jpeg?h=225&w=225,
254179255,Tesco Solid Gel Air Freshener Cotton Fresh,https://www.tesco.com/groceries/en-GB/shop/household/all?department=Air%20Fresheners%20%26%20Home%20Fragrance&viewAll=department&page=,£0.85,£7.09/kg,,,/groceries/en-GB/products/254179255,https://digitalcontent.api.tesco.com/v2/media/ghs/b9b30a1c-df7a-48c1-b432-6622edb77df7/snapshotimagehandler_1560546337.jpeg?h=225&w=225,
302957638,Glade Foral Blossom Aerosol 300Ml,https://www.tesco.com/groceries/en-GB/shop/household/all?department=Air%20Fresheners%20%26%20Home%20Fragrance&viewAll=department&page=,£1.25,£4.17/litre,,,/groceries/en-GB/products/302957638,https://digitalcontent.api.tesco.com/v2/media/ghs/d60f4b91-10ec-4019-936e-5847e323c7b1/f60ebbfa-bd8f-4fce-837d-8c88a646ef54_798376318.jpeg?h=225&w=225,
312209542,Glade Air Freshener Apple Cosy Cider 300Ml,https://www.tesco.com/groceries/en-GB/shop/household/all?department=Air%20Fresheners%20%26%20Home%20Fragrance&viewAll=department&page=,£1.25,£4.17/litre,,,/groceries/en-GB/products/312209542,https://digitalcontent.api.tesco.com/v2/media/ghs/2b3d748c-fc4d-4ff8-b797-23830c6a16a4/33003dbe-cf89-4bcd-a9ec-ce489caaf383_436509229.jpeg?h=225&w=225,
302949199,Glade Soft Cotton Aerosol 300Ml,https://www.tesco.com/groceries/en-GB/shop/household/all?department=Air%20Fresheners%20%26%20Home%20Fragrance&viewAll=department&page=,£1.25,£4.17/litre,,,/groceries/en-GB/products/302949199,https://digitalcontent.api.tesco.com/v2/media/ghs/1da688c3-1cfe-4f8a-acce-5a7b4adf5357/58357bdd-aae9-4ca4-8a05-f4be2e75276d_1716665504.jpeg?h=225&w=225,
266594292,Glade Shake & Vacuum Citrus 500G,https://www.tesco.com/groceries/en-GB/shop/household/all?department=Air%20Fresheners%20%26%20Home%20Fragrance&viewAll=department&page=,£1.00,£2.00/kg,,,/groceries/en-GB/products/266594292,https://digitalcontent.api.tesco.com/v2/media/ghs/ac439bb0-c9bf-4177-b1bf-5ddda759451b/22779ac7-a708-42fe-81e4-c6f04588c1c9_501701574.jpeg?h=225&w=225,
305247351,Botanica Vanilla & Magnolia Reed Diffuser 80Ml,https://www.tesco.com/groceries/en-GB/shop/household/all?department=Air%20Fresheners%20%26%20Home%20Fragrance&viewAll=department&page=,£7.00,£87.50/litre,,,/groceries/en-GB/products/305247351,https://digitalcontent.api.tesco.com/v2/media/ghs/4bedaec0-58db-4467-a56c-a781b4a6d388/68a55677-4f67-42c9-8591-b40707cfdf4d_920754653.jpeg?h=225&w=225,
306826528,Glade Automatic Spray Refill Apple Cosy Cider 269Ml,https://www.tesco.com/groceries/en-GB/shop/household/all?department=Air%20Fresheners%20%26%20Home%20Fragrance&viewAll=department&page=,£3.50,£13.02/litre,,,/groceries/en-GB/products/306826528,https://digitalcontent.api.tesco.com/v2/media/ghs/40c0631f-81c6-4feb-923d-bfdbf60ad692/caf7347f-b4c4-4f81-902b-18353aebccd4_451969438.jpeg?h=225&w=225,
305042119,Botanica Rose & Geranium Reed Diffuser 80Ml,https://www.tesco.com/groceries/en-GB/shop/household/all?department=Air%20Fresheners%20%26%20Home%20Fragrance&viewAll=department&page=,£7.00,£87.50/litre,,,/groceries/en-GB/products/305042119,https://digitalcontent.api.tesco.com/v2/media/ghs/5b006398-f9b4-448d-8ed1-ba8b629802eb/ad36d19b-2e9d-481b-a447-ebce9bf7483a_119239246.jpeg?h=225&w=225,
281976578,Glade Automatic Spray Refill Clean Linen,https://www.tesco.com/groceries/en-GB/shop/household/all?department=Air%20Fresheners%20%26%20Home%20Fragrance&viewAll=department&page=,£3.50,£13.02/litre,,,/groceries/en-GB/products/281976578,https://digitalcontent.api.tesco.com/v2/media/ghs/99227368-0b46-4a00-a540-3349c8e56905/e9cbfce7-755e-49a7-84a0-e880fb5bbae9_582134318.jpeg?h=225&w=225,
276633393,Price's Open Window Reed Diffuser,https://www.tesco.com/groceries/en-GB/shop/household/all?department=Air%20Fresheners%20%26%20Home%20Fragrance&viewAll=department&page=,£8.40,£84.00/litre,£4.00 Clubcard Price,,/groceries/en-GB/products/276633393,https://digitalcontent.api.tesco.com/v2/media/ghs/1988b4e8-1bc1-40d3-a50c-341fd10369b9/b5ca00fb-072d-4dbd-a3a1-5d2acc33657a_1042441977.jpeg?h=225&w=225,
312235781,Glade Automatic Merry Berry & Wine Spray 269Ml,https://www.tesco.com/groceries/en-GB/shop/household/all?department=Air%20Fresheners%20%26%20Home%20Fragrance&viewAll=department&page=,£3.50,£13.02/litre,,,/groceries/en-GB/products/312235781,https://digitalcontent.api.tesco.com/v2/media/ghs/b72bc5e5-d0b4-46a7-adeb-10eda7edd357/5b0d6726-37f4-4cbf-b256-004d4d8f3e99_971645374.jpeg?h=225&w=225,
306809676,Glade Sense & Spray Refill Apple Cosy Cider 18Ml,https://www.tesco.com/groceries/en-GB/shop/household/all?department=Air%20Fresheners%20%26%20Home%20Fragrance&viewAll=department&page=,£4.00,£222.23/litre,,,/groceries/en-GB/products/306809676,https://digitalcontent.api.tesco.com/v2/media/ghs/adb1d7c1-123b-46fd-8e95-e45607337c5a/1ff3399d-2384-498b-a9bd-43f3edbf1d09_1416696731.jpeg?h=225&w=225,
304421768,Febreze Ambi Pur 3Volution Frosted Pine Refill 20Ml,https://www.tesco.com/groceries/en-GB/shop/household/all?department=Air%20Fresheners%20%26%20Home%20Fragrance&viewAll=department&page=,£4.00,£200.00/litre,Any 2 for £6 Clubcard Price - Selected Febreze Ambi Pur Air Freshener Refill 20ml,,/groceries/en-GB/products/304421768,https://digitalcontent.api.tesco.com/v2/media/ghs/4cb311bc-3aee-409d-9c6f-a08a0396bfad/48268780-1423-4981-aeb1-d0e57f257b9c_755670095.jpeg?h=225&w=225,
312103816,Glade Sense & Spray Refill Merry Berry & Wine 18Ml,https://www.tesco.com/groceries/en-GB/shop/household/all?department=Air%20Fresheners%20%26%20Home%20Fragrance&viewAll=department&page=,£4.00,£222.23/litre,,,/groceries/en-GB/products/312103816,https://digitalcontent.api.tesco.com/v2/media/ghs/8be5e9cd-f65e-4825-81f1-28b6d5113765/4250c4c7-9ff0-47b9-9259-9d7d75960a6a_375094518.jpeg?h=225&w=225,
276633491,Prices Open Window Jar,https://www.tesco.com/groceries/en-GB/shop/household/all?department=Air%20Fresheners%20%26%20Home%20Fragrance&viewAll=department&page=,£4.00,£4.00/each,£2.50 Clubcard Price,,/groceries/en-GB/products/276633491,https://digitalcontent.api.tesco.com/v2/media/ghs/59b6febd-c71a-432b-9394-8e16d6ca5699/144f2351-a3e0-42a6-ba4e-ce7c68310d94_906642097.jpeg?h=225&w=225,
298821874,Glade Auto Refill Vanilla,https://www.tesco.com/groceries/en-GB/shop/household/all?department=Air%20Fresheners%20%26%20Home%20Fragrance&viewAll=department&page=,£3.50,£13.02/litre,,,/groceries/en-GB/products/298821874,https://digitalcontent.api.tesco.com/v2/media/ghs/8f11f64b-f124-4f64-b31b-d1e3b12ceaaf/e4d107af-44d4-4080-8a9b-996d844ece8c_1753868005.jpeg?h=225&w=225,
306823508,Glade Automatic Spray Refill Tropical Blossoms 269Ml,https://www.tesco.com/groceries/en-GB/shop/household/all?department=Air%20Fresheners%20%26%20Home%20Fragrance&viewAll=department&page=,£3.50,£13.02/litre,,,/groceries/en-GB/products/306823508,https://digitalcontent.api.tesco.com/v2/media/ghs/64068d2c-7ef4-4f9d-907b-d705dadd0cfb/099f6a21-f27f-409d-89c3-aa28fc916ebf_1979245149.jpeg?h=225&w=225,
272206370,Airwick Electric Refill Lavender,https://www.tesco.com/groceries/en-GB/shop/household/all?department=Air%20Fresheners%20%26%20Home%20Fragrance&viewAll=department&page=,£3.25,£171.06/litre,Any 2 for £5 Clubcard Price - Selected Airwick Air Freshener,,/groceries/en-GB/products/272206370,https://digitalcontent.api.tesco.com/v2/media/ghs/5592e5dc-e4cc-4b8d-bb45-730a47943f7d/ad22f75f-ad89-41fc-802e-de8818b6c518_338035641.jpeg?h=225&w=225,
311443207,Febreze 3Volution Plug In Refill Exotic Bloom 20Ml,https://www.tesco.com/groceries/en-GB/shop/household/all?department=Air%20Fresheners%20%26%20Home%20Fragrance&viewAll=department&page=,£4.00,£200.00/litre,Any 2 for £6 Clubcard Price - Selected Febreze Ambi Pur Air Freshener Refill 20ml,,/groceries/en-GB/products/311443207,https://digitalcontent.api.tesco.com/v2/media/ghs/06e37106-d71e-4d3a-bd7e-6c055d98fc1b/9ef8e08e-16d1-4a65-8947-94f20c085ca7_1334984822.jpeg?h=225&w=225,
272207754,Airwick Electric Refill White Vanilla Bean.,https://www.tesco.com/groceries/en-GB/shop/household/all?department=Air%20Fresheners%20%26%20Home%20Fragrance&viewAll=department&page=,£3.25,£171.06/litre,Any 2 for £5 Clubcard Price - Selected Airwick Air Freshener,,/groceries/en-GB/products/272207754,https://digitalcontent.api.tesco.com/v2/media/ghs/271a83cb-74c2-45d0-91c8-303f483250b1/be0ed1ec-e990-47b6-8935-84fd18b60e51_428103454.jpeg?h=225&w=225,
295527398,Airwick Air Freshener Linen Lilac Plug In Kit,https://www.tesco.com/groceries/en-GB/shop/household/all?department=Air%20Fresheners%20%26%20Home%20Fragrance&viewAll=department&page=,£4.00,£4.00/each,,,/groceries/en-GB/products/295527398,https://digitalcontent.api.tesco.com/v2/media/ghs/ca768fcd-1a63-4c96-aa86-2c44d7fce8b5/27943893-9389-411f-a0ff-9cec97170589_159837013.jpeg?h=225&w=225,
312342786,Febreze 3Volution Plug-In Refill Fresh Linen 20Ml,https://www.tesco.com/groceries/en-GB/shop/household/all?department=Air%20Fresheners%20%26%20Home%20Fragrance&viewAll=department&page=,£4.00,£200.00/litre,Any 2 for £6 Clubcard Price - Selected Febreze Ambi Pur Air Freshener Refill 20ml,,/groceries/en-GB/products/312342786,https://digitalcontent.api.tesco.com/v2/media/ghs/2962e686-b2d0-465a-9b75-2e8b4fcbcd07/35ddb31a-2ccb-4aa2-83f4-668fb747f136_1697078880.jpeg?h=225&w=225,
304398795,Glade Air Freshener Sandlewood & Jasmine 20Ml,https://www.tesco.com/groceries/en-GB/shop/household/all?department=Air%20Fresheners%20%26%20Home%20Fragrance&viewAll=department&page=,£3.50,£175.00/litre,,,/groceries/en-GB/products/304398795,https://digitalcontent.api.tesco.com/v2/media/ghs/e8d184c5-42b1-4b18-a224-623bb1dbf4f5/1d984373-4789-4f5a-8700-cbc3770ad1ff_484199600.jpeg?h=225&w=225,
312568093,Febreze 3Volution Plugin Refill Lenor Ruby Jasmine20ml,https://www.tesco.com/groceries/en-GB/shop/household/all?department=Air%20Fresheners%20%26%20Home%20Fragrance&viewAll=department&page=,£4.00,£200.00/litre,Any 2 for £6 Clubcard Price - Selected Febreze Ambi Pur Air Freshener Refill 20ml,,/groceries/en-GB/products/312568093,https://digitalcontent.api.tesco.com/v2/media/ghs/3301fe61-4423-4e35-8aba-f939816ac9ab/850afec2-e428-4386-b42c-13ecf0a5dd2d_518568210.jpeg?h=225&w=225,
312099019,Airwick Plug In Diffuser Winter Walks 19Ml,https://www.tesco.com/groceries/en-GB/shop/household/all?department=Air%20Fresheners%20%26%20Home%20Fragrance&viewAll=department&page=,£4.00,£210.53/litre,,,/groceries/en-GB/products/312099019,https://digitalcontent.api.tesco.com/v2/media/ghs/e83d04a4-3ce3-4330-9f1c-fd27472e25fe/d31fb9d0-2637-4f2c-9423-f91a563bfca4_652293493.jpeg?h=225&w=225,
291375865,Glade Sense And Spray Duo Refill Clean Linen,https://www.tesco.com/groceries/en-GB/shop/household/all?department=Air%20Fresheners%20%26%20Home%20Fragrance&viewAll=department&page=,£4.00,£111.12/litre,,,/groceries/en-GB/products/291375865,https://digitalcontent.api.tesco.com/v2/media/ghs/dedacd2c-8926-4be0-b89b-007d2fb1dbf9/274968e4-30cc-4e5b-8918-5409859c0fe9_236740769.jpeg?h=225&w=225,
298911606,Glade Sense & Spray Refill Twin Bali Sandalwood,https://www.tesco.com/groceries/en-GB/shop/household/all?department=Air%20Fresheners%20%26%20Home%20Fragrance&viewAll=department&page=,£4.00,£111.12/litre,,,/groceries/en-GB/products/298911606,https://digitalcontent.api.tesco.com/v2/media/ghs/ce219c9c-a647-405e-82dc-ff934f51cf74/a6bb0abb-3b7c-42c5-a911-7ca996807dc7_1011261882.jpeg?h=225&w=225,
312564391,Febreze Lenor 3Volution Gold Orchid Plug In Refill 20Ml,https://www.tesco.com/groceries/en-GB/shop/household/all?department=Air%20Fresheners%20%26%20Home%20Fragrance&viewAll=department&page=,£4.00,£200.00/litre,Any 2 for £6 Clubcard Price - Selected Febreze Ambi Pur Air Freshener Refill 20ml,,/groceries/en-GB/products/312564391,https://digitalcontent.api.tesco.com/v2/media/ghs/8ca46736-1723-46e3-bf5c-8aadc8cdb71c/2f6e1c02-b14d-4383-a3e2-9395be3793fe_176194987.jpeg?h=225&w=225,
312341355,Airwick Plug In Refill Winter Walks 19Ml,https://www.tesco.com/groceries/en-GB/shop/household/all?department=Air%20Fresheners%20%26%20Home%20Fragrance&viewAll=department&page=,£3.25,£171.06/litre,Any 2 for £5 Clubcard Price - Selected Airwick Air Freshener,,/groceries/en-GB/products/312341355,https://digitalcontent.api.tesco.com/v2/media/ghs/41b3087f-39a4-4ffe-a16a-b83a8b06dfe0/f67901d1-33b3-461a-9781-c5a713d4c790_258078390.jpeg?h=225&w=225,
306819249,Glade Candle Apple Cosy Cider 129G,https://www.tesco.com/groceries/en-GB/shop/household/all?department=Air%20Fresheners%20%26%20Home%20Fragrance&viewAll=department&page=,£3.00,£23.26/kg,,,/groceries/en-GB/products/306819249,https://digitalcontent.api.tesco.com/v2/media/ghs/f37fd777-285b-4650-975e-6f6fdf843fb3/885ea284-83c7-4a74-be3c-3d5bc676db52_947765967.jpeg?h=225&w=225,
306803855,Glade Electric Refill Apple Cosy Cider 20Ml,https://www.tesco.com/groceries/en-GB/shop/household/all?department=Air%20Fresheners%20%26%20Home%20Fragrance&viewAll=department&page=,£3.50,£175.00/litre,,,/groceries/en-GB/products/306803855,https://digitalcontent.api.tesco.com/v2/media/ghs/a61676c6-2fb9-48f6-9165-5f3443b46265/8b5fa4a8-f258-4367-8981-5bfdff3d22da_771986062.jpeg?h=225&w=225,
312348699,Glade Scented Oil Refill Pumpkin Spice Latte 20Ml,https://www.tesco.com/groceries/en-GB/shop/household/all?department=Air%20Fresheners%20%26%20Home%20Fragrance&viewAll=department&page=,£3.50,£175.00/litre,,,/groceries/en-GB/products/312348699,https://digitalcontent.api.tesco.com/v2/media/ghs/5e4bd0c5-8ecf-4acd-9fae-90a511ee1cf9/73ec6e76-3174-4b0c-a2d5-f510556d6b14_1184970341.jpeg?h=225&w=225,
312367866,Airwick Warm Apple Crumble Freshmatic Refill 250Ml,https://www.tesco.com/groceries/en-GB/shop/household/all?department=Air%20Fresheners%20%26%20Home%20Fragrance&viewAll=department&page=,£3.25,£13.00/litre,Any 2 for £5 Clubcard Price - Selected Airwick Air Freshener,,/groceries/en-GB/products/312367866,https://digitalcontent.api.tesco.com/v2/media/ghs/2383938e-a52b-4953-b07e-96936b4c5873/534e0ddc-6e39-4c75-9890-19b747e6668f_452095432.jpeg?h=225&w=225,
298866544,Febreze Pet Odour Air Freshener 300Ml,https://www.tesco.com/groceries/en-GB/shop/household/all?department=Air%20Fresheners%20%26%20Home%20Fragrance&viewAll=department&page=,£3.00,£10.00/litre,,,/groceries/en-GB/products/298866544,https://digitalcontent.api.tesco.com/v2/media/ghs/e835dea1-9592-4f68-8263-73b96bc66c65/0d6eef35-0995-4469-aae4-55982df54773_663093528.jpeg?h=225&w=225,
281821892,Airwick Air Freshener Plug In Refill Pink Sweet Pea 17 Ml,https://www.tesco.com/groceries/en-GB/shop/household/all?department=Air%20Fresheners%20%26%20Home%20Fragrance&viewAll=department&page=,£3.25,£191.18/litre,Any 2 for £5 Clubcard Price - Selected Airwick Air Freshener,,/groceries/en-GB/products/281821892,https://digitalcontent.api.tesco.com/v2/media/ghs/5235e125-1d0a-4617-9380-a67af89646b1/eb4bc0c1-6c60-4dd5-8b8f-a39af47f7920_1112945201.jpeg?h=225&w=225,
311949491,Airwick Mulled Wine Scented Oil & Defuser Set 19Ml,https://www.tesco.com/groceries/en-GB/shop/household/all?department=Air%20Fresheners%20%26%20Home%20Fragrance&viewAll=department&page=,£4.00,£210.53/litre,,,/groceries/en-GB/products/311949491,https://digitalcontent.api.tesco.com/v2/media/ghs/513fa904-e61a-4c57-8259-8922c775eead/d30c9541-6bfc-4e87-a101-328f7c5fa2ca_1086917371.jpeg?h=225&w=225,
302861117,Airwick Air Freshener Pure Freshmatic Refill Mango 250Ml,https://www.tesco.com/groceries/en-GB/shop/household/all?department=Air%20Fresheners%20%26%20Home%20Fragrance&viewAll=department&page=,£3.25,£13.00/litre,Any 2 for £5 Clubcard Price - Selected Airwick Air Freshener,,/groceries/en-GB/products/302861117,https://digitalcontent.api.tesco.com/v2/media/ghs/465b5340-6528-4f56-89f9-27949a6c5ec3/8b07f3b3-29d5-4a32-aa4f-8d8e419b71ce_894313263.jpeg?h=225&w=225,
258291057,Airwick Freshmatic Max Freshmatic Refill Purple Lavender 250 Ml,https://www.tesco.com/groceries/en-GB/shop/household/all?department=Air%20Fresheners%20%26%20Home%20Fragrance&viewAll=department&page=,£3.25,£13.00/litre,Any 2 for £5 Clubcard Price - Selected Airwick Air Freshener,,/groceries/en-GB/products/258291057,https://digitalcontent.api.tesco.com/v2/media/ghs/cab8bc86-e67b-454b-b741-d50a783a7551/78384ab3-07db-4c30-baa3-8032549584c2_1060237949.jpeg?h=225&w=225,
295527330,Airwick Air Freshener Freshmatic Refill Mediterranean 250 Ml,https://www.tesco.com/groceries/en-GB/shop/household/all?department=Air%20Fresheners%20%26%20Home%20Fragrance&viewAll=department&page=,£3.25,£13.00/litre,Any 2 for £5 Clubcard Price - Selected Airwick Air Freshener,,/groceries/en-GB/products/295527330,https://digitalcontent.api.tesco.com/v2/media/ghs/3b785c6c-a12f-46ab-b2c4-b494212def3e/ca9ab6cb-f78e-4074-bcbf-1a74fdd44736_1235540082.jpeg?h=225&w=225,
295497030,Airwick Air Freshener Freshmatic Pure Spring Refill 250Ml,https://www.tesco.com/groceries/en-GB/shop/household/all?department=Air%20Fresheners%20%26%20Home%20Fragrance&viewAll=department&page=,£3.25,£13.00/litre,Any 2 for £5 Clubcard Price - Selected Airwick Air Freshener,,/groceries/en-GB/products/295497030,https://digitalcontent.api.tesco.com/v2/media/ghs/91affdb4-e586-4e8c-9d74-b9eda6b33c9f/2c4cfa9b-0253-4ac3-87b8-cbab45ee6b76_827132980.jpeg?h=225&w=225,
311782272,Airwick Room Spray Winter Walks 250Ml,https://www.tesco.com/groceries/en-GB/shop/household/all?department=Air%20Fresheners%20%26%20Home%20Fragrance&viewAll=department&page=,£2.50,£10.00/litre,,,/groceries/en-GB/products/311782272,https://digitalcontent.api.tesco.com/v2/media/ghs/ccc2af86-5c2b-4efc-8e22-6372f7643832/776c5fbe-b4fb-428a-aa49-bfaee812f6b5_1039485721.jpeg?h=225&w=225,
276616724,Febreze Ambi Pur 3Volution Plug In Device,https://www.tesco.com/groceries/en-GB/shop/household/all?department=Air%20Fresheners%20%26%20Home%20Fragrance&viewAll=department&page=,£3.50,£3.50/each,,,/groceries/en-GB/products/276616724,https://digitalcontent.api.tesco.com/v2/media/ghs/20d212ba-ebd4-4ca1-9d6a-c9e6766ff6ae/eb0b39f4-065b-4ba8-a218-56fc0199143d_559475282.jpeg?h=225&w=225,
312345881,Febreeze Bathroom Air Freshener Exotic Bloom 7.5Ml,https://www.tesco.com/groceries/en-GB/shop/household/all?department=Air%20Fresheners%20%26%20Home%20Fragrance&viewAll=department&page=,£2.00,£266.67/litre,,,/groceries/en-GB/products/312345881,https://digitalcontent.api.tesco.com/v2/media/ghs/feb01e49-9028-49a4-b5ff-dbd6985a5b43/29924cd2-4794-466a-9eba-1c06ae45514d_517312559.jpeg?h=225&w=225,
312352238,Airwick Festive Citrus Spritz Freshmatic Refill 250Ml,https://www.tesco.com/groceries/en-GB/shop/household/all?department=Air%20Fresheners%20%26%20Home%20Fragrance&viewAll=department&page=,£3.25,£13.00/litre,Any 2 for £5 Clubcard Price - Selected Airwick Air Freshener,,/groceries/en-GB/products/312352238,https://digitalcontent.api.tesco.com/v2/media/ghs/d8a29ac0-1176-4e9e-a1bd-3cf6255430ba/10701ea9-1953-48fb-86fb-478f57af037f_1056668877.jpeg?h=225&w=225,
297348278,Febreze Aerosol Spiced Apple 300Ml,https://www.tesco.com/groceries/en-GB/shop/household/all?department=Air%20Fresheners%20%26%20Home%20Fragrance&viewAll=department&page=,£2.25,£7.50/litre,,,/groceries/en-GB/products/297348278,https://digitalcontent.api.tesco.com/v2/media/ghs/56d25367-44b4-4a4f-aeed-49a1f005fd84/c9f22171-f4d3-42da-a9a0-f18f43da31d4_1797834171.jpeg?h=225&w=225,
312361734,Airwick Warm Apple Crumble Candle 105G,https://www.tesco.com/groceries/en-GB/shop/household/all?department=Air%20Fresheners%20%26%20Home%20Fragrance&viewAll=department&page=,£2.00,£19.05/kg,,,/groceries/en-GB/products/312361734,https://digitalcontent.api.tesco.com/v2/media/ghs/0151fcc0-2516-47c2-ab58-a59359f0f5f2/2b5a7fd9-9969-4d5e-b859-379fe81f04aa_845141337.jpeg?h=225&w=225,
309494667,Glade Bathroom Gel Luscious Cherry & Peony 180G,https://www.tesco.com/groceries/en-GB/shop/household/all?department=Air%20Fresheners%20%26%20Home%20Fragrance&viewAll=department&page=,£2.00,£11.12/kg,£1.50 Clubcard Price,,/groceries/en-GB/products/309494667,https://digitalcontent.api.tesco.com/v2/media/ghs/24c853cc-cf7b-48ab-8f91-a95e5f6c3d6d/ad4e2908-cfa8-4a9e-8ce3-3c5e93941f4f_1973998554.jpeg?h=225&w=225,
291590114,Febreze Fabric Refresher Thai 375Ml,https://www.tesco.com/groceries/en-GB/shop/household/all?department=Air%20Fresheners%20%26%20Home%20Fragrance&viewAll=department&page=,£2.00,£5.34/litre,,,/groceries/en-GB/products/291590114,https://digitalcontent.api.tesco.com/v2/media/ghs/8278f80e-8611-4d24-b575-cf7d4d1d63be/93aaf3b8-7b9c-4dca-8110-e1d9c2246596_107883442.jpeg?h=225&w=225,
309462256,Glade Bathroom Gel Sensual Sandal & Jasmine 180G,https://www.tesco.com/groceries/en-GB/shop/household/all?department=Air%20Fresheners%20%26%20Home%20Fragrance&viewAll=department&page=,£2.00,£11.12/kg,£1.50 Clubcard Price,,/groceries/en-GB/products/309462256,https://digitalcontent.api.tesco.com/v2/media/ghs/18d2a057-2ac4-4036-9841-c36b57420376/38083147-e38e-44d5-9a68-73e3a07c7697_1894552307.jpeg?h=225&w=225,
309524103,Natures Wick Scented Candle Golden Hay,https://www.tesco.com/groceries/en-GB/shop/household/all?department=Air%20Fresheners%20%26%20Home%20Fragrance&viewAll=department&page=,£12.50,£12.50/each,,,/groceries/en-GB/products/309524103,https://digitalcontent.api.tesco.com/v2/media/ghs/a6ff0b19-aa5c-4a09-88cf-c3840ce79fba/108f7ca8-0b66-4213-af0f-20ed30f8d362_1652017673.jpeg?h=225&w=225,
309465852,Glade Aromatherapy Candle Zen 260G,https://www.tesco.com/groceries/en-GB/shop/household/all?department=Air%20Fresheners%20%26%20Home%20Fragrance&viewAll=department&page=,£9.00,£34.62/kg,,,/groceries/en-GB/products/309465852,https://digitalcontent.api.tesco.com/v2/media/ghs/ab38eb8e-0314-4db4-8473-8f99f0ebafc4/50d9aade-ace0-4d93-8c4a-515d5ba80df8_1112977992.jpeg?h=225&w=225,
309474622,Glade Aromatherapy Reed Diffuser Moment Of Zen 80Ml,https://www.tesco.com/groceries/en-GB/shop/household/all?department=Air%20Fresheners%20%26%20Home%20Fragrance&viewAll=department&page=,£9.00,£112.50/litre,,,/groceries/en-GB/products/309474622,https://digitalcontent.api.tesco.com/v2/media/ghs/83e64d15-f123-4d94-a87b-b9e833cc6e67/7e92b666-c84e-444e-a95e-86c059c84c39_1024750978.jpeg?h=225&w=225,
299153620,Airwick Air Freshener Essential Mist Peony And Jasmine Kit,https://www.tesco.com/groceries/en-GB/shop/household/all?department=Air%20Fresheners%20%26%20Home%20Fragrance&viewAll=department&page=,£10.00,£10.00/each,,,/groceries/en-GB/products/299153620,https://digitalcontent.api.tesco.com/v2/media/ghs/4d6c97f2-6d2f-40a7-ad61-14d3878690f4/36f1f36d-d6e5-4e58-8459-b382b88a6f37_439253471.jpeg?h=225&w=225,
312368669,Airwick Freshmatic Crisp Linen & Lilac 250Ml,https://www.tesco.com/groceries/en-GB/shop/household/all?department=Air%20Fresheners%20%26%20Home%20Fragrance&viewAll=department&page=,£7.80,£31.20/litre,,,/groceries/en-GB/products/312368669,https://digitalcontent.api.tesco.com/v2/media/ghs/c67f0ca2-17a8-4811-a7b7-c3920f853938/8f2e9ebc-b2eb-40a6-8bd9-ede00a747155_346809094.jpeg?h=225&w=225,
296223738,Yankee Candle Large Jar Cherry Vanilla,https://www.tesco.com/groceries/en-GB/shop/household/all?department=Air%20Fresheners%20%26%20Home%20Fragrance&viewAll=department&page=,£15.00,£15.00/each,Any 3 for 2 Clubcard Price - Cheapest Product Free - Selected Yankee Candle,,/groceries/en-GB/products/296223738,https://digitalcontent.api.tesco.com/v2/media/ghs/0d9e504c-01aa-4a2c-a8dc-8f3e511c4551/c877df71-95e2-4333-96c0-77d2ee069f5a_1939494867.jpeg?h=225&w=225,
307725709,Tesco Apothecary Large Scented Candle - Neroli and Bergamot,https://www.tesco.com/groceries/en-GB/shop/household/all?department=Air%20Fresheners%20%26%20Home%20Fragrance&viewAll=department&page=,£8.50,£24.29/kg,£6.35 Clubcard Price,,/groceries/en-GB/products/307725709,https://digitalcontent.api.tesco.com/v2/media/ghs/61cca3c3-cdd3-445b-a26d-97d9a069031d/1cd58ef3-13fd-43ad-9eca-9283278da622_1210882514.jpeg?h=225&w=225,
306660533,Glade Automatic Spray Holder Apple Cosy Cider 269Ml,https://www.tesco.com/groceries/en-GB/shop/household/all?department=Air%20Fresheners%20%26%20Home%20Fragrance&viewAll=department&page=,£7.00,£26.03/litre,,,/groceries/en-GB/products/306660533,https://digitalcontent.api.tesco.com/v2/media/ghs/9a34ffcb-ba97-4764-b415-bf169cb25f25/18b63163-305d-4c3e-a8c1-72278131e1ff_780195787.jpeg?h=225&w=225,
302843491,Glade Automatic Spray Sandalwood & Jasmine Set,https://www.tesco.com/groceries/en-GB/shop/household/all?department=Air%20Fresheners%20%26%20Home%20Fragrance&viewAll=department&page=,£7.00,£26.03/litre,,,/groceries/en-GB/products/302843491,https://digitalcontent.api.tesco.com/v2/media/ghs/40d33ee2-de9d-4c30-a9f2-9243ef47f5df/e3612f56-99e5-4aa9-8682-e046252bb479_942865803.jpeg?h=225&w=225,
255090196,Glade Auto Sense & Spray Clean Linen,https://www.tesco.com/groceries/en-GB/shop/household/all?department=Air%20Fresheners%20%26%20Home%20Fragrance&viewAll=department&page=,£7.00,£388.89/litre,,,/groceries/en-GB/products/255090196,https://digitalcontent.api.tesco.com/v2/media/ghs/e79aae2b-f22a-419b-95a5-4f859e98b579/6bbd59cb-969f-408f-8332-9de500a3ef23_1777464386.jpeg?h=225&w=225,
312103880,Glade Pumpkin Spice Latte Candle 224G,https://www.tesco.com/groceries/en-GB/shop/household/all?department=Air%20Fresheners%20%26%20Home%20Fragrance&viewAll=department&page=,£6.00,£26.79/kg,£4.50 Clubcard Price,,/groceries/en-GB/products/312103880,https://digitalcontent.api.tesco.com/v2/media/ghs/c4e25a89-1584-42ca-98e5-f5de3af6a60a/411c2dc4-2981-4e26-bcdb-765292504992_2019270433.jpeg?h=225&w=225,
306808896,Glade Large Candle Apple Cosy Cider 224G,https://www.tesco.com/groceries/en-GB/shop/household/all?department=Air%20Fresheners%20%26%20Home%20Fragrance&viewAll=department&page=,£6.00,£26.79/kg,£4.50 Clubcard Price,,/groceries/en-GB/products/306808896,https://digitalcontent.api.tesco.com/v2/media/ghs/b900698b-aea0-47e2-aa4f-b460edf5b602/3eb87d9a-e294-4eb2-9e59-e366fe39ba0d_1666917725.jpeg?h=225&w=225,
307725744,Tesco Apothecary 2 x 40ml Reed Diffuser Set - Neroli and Bergamot,https://www.tesco.com/groceries/en-GB/shop/household/all?department=Air%20Fresheners%20%26%20Home%20Fragrance&viewAll=department&page=,£8.00,£4.00/each,£6.00 Clubcard Price,,/groceries/en-GB/products/307725744,https://digitalcontent.api.tesco.com/v2/media/ghs/d73fe4cb-fdca-4fc8-9231-1fdd5f857238/319bc657-05b9-4f9f-9580-9345c05f09c5_1504286305.jpeg?h=225&w=225,
311780280,Glade Electric Oil & Holder Pumpkin Spice Latte 20Ml,https://www.tesco.com/groceries/en-GB/shop/household/all?department=Air%20Fresheners%20%26%20Home%20Fragrance&viewAll=department&page=,£5.00,£250.00/litre,£3.75 Clubcard Price,,/groceries/en-GB/products/311780280,https://digitalcontent.api.tesco.com/v2/media/ghs/15da6d43-11f1-4023-ae14-58becd457183/4d7a8438-364c-49c9-ba27-9bfe3f793ba9_1403525492.jpeg?h=225&w=225,
312353456,Airwick Mulled Wine Reed Diffuser 42Ml,https://www.tesco.com/groceries/en-GB/shop/household/all?department=Air%20Fresheners%20%26%20Home%20Fragrance&viewAll=department&page=,£7.00,£166.67/litre,£4.00 Clubcard Price,,/groceries/en-GB/products/312353456,https://digitalcontent.api.tesco.com/v2/media/ghs/987a8910-bc48-4f12-b846-0c50bdd95fd6/6607f2a7-f825-4d8f-9d69-43c9d6ef20f0_792902376.jpeg?h=225&w=225,
309481884,Airwick Botanica Zest & Mint Reed Diffuser 80Ml,https://www.tesco.com/groceries/en-GB/shop/household/all?department=Air%20Fresheners%20%26%20Home%20Fragrance&viewAll=department&page=,£7.00,£87.50/litre,,,/groceries/en-GB/products/309481884,https://digitalcontent.api.tesco.com/v2/media/ghs/45ade1a1-3a8a-4eba-97c0-d551f75f7d9e/783c76fb-02be-4088-a05a-82af53fe212e_1277997494.jpeg?h=225&w=225,
312225467,Airwick Reed Diffuser Winter Walks 42Ml,https://www.tesco.com/groceries/en-GB/shop/household/all?department=Air%20Fresheners%20%26%20Home%20Fragrance&viewAll=department&page=,£7.00,£166.67/litre,£4.00 Clubcard Price,,/groceries/en-GB/products/312225467,https://digitalcontent.api.tesco.com/v2/media/ghs/29da0525-3a35-407d-bd3b-866100896b4c/e394bb93-23fa-4d65-a069-1a76fa4d663d_506784844.jpeg?h=225&w=225,
306816327,Glade Electric Holder & Refill Apple Cosy Cider 20Ml,https://www.tesco.com/groceries/en-GB/shop/household/all?department=Air%20Fresheners%20%26%20Home%20Fragrance&viewAll=department&page=,£5.00,£250.00/litre,£3.75 Clubcard Price,,/groceries/en-GB/products/306816327,https://digitalcontent.api.tesco.com/v2/media/ghs/249bd7ec-82f9-4890-b855-a54f246669f4/60c46a75-3a93-48d0-b15f-fce339232b28_2005699880.jpeg?h=225&w=225,
289999037,Febreze Ambi Pur 3Volution Starter Kit Vanilla 20Ml,https://www.tesco.com/groceries/en-GB/shop/household/all?department=Air%20Fresheners%20%26%20Home%20Fragrance&viewAll=department&page=,£6.00,£300.00/litre,,,/groceries/en-GB/products/289999037,https://digitalcontent.api.tesco.com/v2/media/ghs/e6e93470-e8c8-41e5-b4ab-c358969adf76/fa237801-2596-4f53-b758-8fca2a210195_278829234.jpeg?h=225&w=225,
304367976,Glade Electric Sandalwood & Jasmine 20Ml,https://www.tesco.com/groceries/en-GB/shop/household/all?department=Air%20Fresheners%20%26%20Home%20Fragrance&viewAll=department&page=,£5.00,£250.00/litre,£3.75 Clubcard Price,,/groceries/en-GB/products/304367976,https://digitalcontent.api.tesco.com/v2/media/ghs/ca158fd2-73fb-4c1b-929c-0984024d285b/8dc2d45c-0502-4684-933f-765236ed9ce2_1682735257.jpeg?h=225&w=225,
312207567,Air Wick Air Freshener Stacey Solomon Winter Walks Refill 20Ml,https://www.tesco.com/groceries/en-GB/shop/household/all?department=Air%20Fresheners%20%26%20Home%20Fragrance&viewAll=department&page=,£4.00,£200.00/litre,,,/groceries/en-GB/products/312207567,https://digitalcontent.api.tesco.com/v2/media/ghs/2a424fe0-7b4d-4d1e-a0e5-da2f7fc8309b/30976c17-2f76-47b4-9144-07b0bd347df7_747934287.jpeg?h=225&w=225,
293821058,Febreze Ambi Pur 3Volution Starter Kit Cotton Fresh 20Ml,https://www.tesco.com/groceries/en-GB/shop/household/all?department=Air%20Fresheners%20%26%20Home%20Fragrance&viewAll=department&page=,£6.00,£300.00/litre,,,/groceries/en-GB/products/293821058,https://digitalcontent.api.tesco.com/v2/media/ghs/b1c5c4fa-69fa-467f-a2c2-7e7bbbe0217c/c7477120-d397-49aa-9ca9-dc7fa41c5eee_1153616.jpeg?h=225&w=225,
276633214,Price's Chef's Reed Diffuser,https://www.tesco.com/groceries/en-GB/shop/household/all?department=Air%20Fresheners%20%26%20Home%20Fragrance&viewAll=department&page=,£8.40,£84.00/litre,£4.00 Clubcard Price,,/groceries/en-GB/products/276633214,https://digitalcontent.api.tesco.com/v2/media/ghs/42e8272e-61dc-473c-8677-f96a2cee0dd4/a5838464-71b4-43bf-93b2-148cb3e62920_1367722321.jpeg?h=225&w=225,
307725669,Tesco Apothecary Scented Candle - Neroli and Bergamot,https://www.tesco.com/groceries/en-GB/shop/household/all?department=Air%20Fresheners%20%26%20Home%20Fragrance&viewAll=department&page=,£4.00,£28.58/kg,£3.00 Clubcard Price,,/groceries/en-GB/products/307725669,https://digitalcontent.api.tesco.com/v2/media/ghs/cf4788c8-9650-410f-be16-3f986dc3000b/f2f2389a-33c7-43ac-921d-4da74e77f499_970015322.jpeg?h=225&w=225,
302872035,Airwick Air Freshener Essential Mist Lavender Refill 20Ml,https://www.tesco.com/groceries/en-GB/shop/household/all?department=Air%20Fresheners%20%26%20Home%20Fragrance&viewAll=department&page=,£4.00,£200.00/litre,,,/groceries/en-GB/products/302872035,https://digitalcontent.api.tesco.com/v2/media/ghs/16b49734-e62c-4da3-8f22-84b36a6a2c3a/fd65b8fc-f8d1-4fed-b75c-dfb6b4814930_1621887084.jpeg?h=225&w=225,
306813780,Glade Candle Tropical Blossoms Air Freshener 129G,https://www.tesco.com/groceries/en-GB/shop/household/all?department=Air%20Fresheners%20%26%20Home%20Fragrance&viewAll=department&page=,£3.00,£23.26/kg,,,/groceries/en-GB/products/306813780,https://digitalcontent.api.tesco.com/v2/media/ghs/6faa5b90-f3a0-487a-95ba-a726bd074664/a34c626f-2f39-4965-a5e6-315ec057bb30_782175657.jpeg?h=225&w=225,
304384667,Glade Electric Scented Oil Pure Clean Linen 20Ml,https://www.tesco.com/groceries/en-GB/shop/household/all?department=Air%20Fresheners%20%26%20Home%20Fragrance&viewAll=department&page=,£3.50,£175.00/litre,,,/groceries/en-GB/products/304384667,https://digitalcontent.api.tesco.com/v2/media/ghs/1b16c758-a1a3-4402-b4f8-7f30fbde0f7a/ca5da671-1f05-4535-b006-d7245ede9b2f_795840828.jpeg?h=225&w=225,
304403894,Glade Electric Scented Oil Vanilla Blossom 20Ml,https://www.tesco.com/groceries/en-GB/shop/household/all?department=Air%20Fresheners%20%26%20Home%20Fragrance&viewAll=department&page=,£3.50,£175.00/litre,,,/groceries/en-GB/products/304403894,https://digitalcontent.api.tesco.com/v2/media/ghs/6154de5e-5fec-4de0-8b93-a08f131a4383/a6de9092-59ff-4062-af32-7255c46a7859_330972846.jpeg?h=225&w=225,
312109931,Glade Scented Oil Merry Berry & Wine Refill 20Ml,https://www.tesco.com/groceries/en-GB/shop/household/all?department=Air%20Fresheners%20%26%20Home%20Fragrance&viewAll=department&page=,£3.50,£175.00/litre,,,/groceries/en-GB/products/312109931,https://digitalcontent.api.tesco.com/v2/media/ghs/169f0004-155f-4e87-acb0-6b6811a302e3/692ec3a9-3c04-46e8-9542-cda9f6fbac7a_1340427625.jpeg?h=225&w=225,
302862139,Airwick Air Freshener Island Mango Plug In Refill 19Ml,https://www.tesco.com/groceries/en-GB/shop/household/all?department=Air%20Fresheners%20%26%20Home%20Fragrance&viewAll=department&page=,£3.25,£171.06/litre,Any 2 for £5 Clubcard Price - Selected Airwick Air Freshener,,/groceries/en-GB/products/302862139,https://digitalcontent.api.tesco.com/v2/media/ghs/c447220a-c661-466e-8372-d2f944c02b60/f216e12c-654e-43a3-84f6-094b6f41fae1_805341136.jpeg?h=225&w=225,
272206364,Airwick Electric Refill Smooth Satin,https://www.tesco.com/groceries/en-GB/shop/household/all?department=Air%20Fresheners%20%26%20Home%20Fragrance&viewAll=department&page=,£3.25,£3.25/each,Any 2 for £5 Clubcard Price - Selected Airwick Air Freshener,,/groceries/en-GB/products/272206364,https://digitalcontent.api.tesco.com/v2/media/ghs/c270ebb8-823e-47e6-9ab2-f1164e7ec7e3/afec0650-9bd4-4cce-bbbd-ee283f04b6ac_1271619282.jpeg?h=225&w=225,
312224074,Airwick Pure Citrus Spritz Room Spray 250Ml,https://www.tesco.com/groceries/en-GB/shop/household/all?department=Air%20Fresheners%20%26%20Home%20Fragrance&viewAll=department&page=,£2.50,£10.00/litre,,,/groceries/en-GB/products/312224074,https://digitalcontent.api.tesco.com/v2/media/ghs/87442163-e8f9-496d-9722-afb1c8dd7cd5/0e4340c4-dd88-423f-a1c0-fc82e34ad0ab_1391323221.jpeg?h=225&w=225,
266985987,Airwick Freshmatic Max Smooth Satin Single Refill250ml,https://www.tesco.com/groceries/en-GB/shop/household/all?department=Air%20Fresheners%20%26%20Home%20Fragrance&viewAll=department&page=,£3.25,£13.00/litre,Any 2 for £5 Clubcard Price - Selected Airwick Air Freshener,,/groceries/en-GB/products/266985987,https://digitalcontent.api.tesco.com/v2/media/ghs/1d3f163e-ba39-4e13-b3d1-d6d7e20ab1c5/e158d5ed-b0a0-439a-9dc4-eb1a5f53aee1_149826830.jpeg?h=225&w=225,
312582501,Febreze Air Freshener Fresh Linen 300Ml,https://www.tesco.com/groceries/en-GB/shop/household/all?department=Air%20Fresheners%20%26%20Home%20Fragrance&viewAll=department&page=,£2.25,£7.50/litre,,,/groceries/en-GB/products/312582501,https://digitalcontent.api.tesco.com/v2/media/ghs/be2fc535-dbce-4661-8ca8-661373780cba/7675e015-3b33-4dbe-b303-9040de596649_1044206974.jpeg?h=225&w=225,
312228323,Febreze Air Freshener Lenor Exotic Bloom 300Ml,https://www.tesco.com/groceries/en-GB/shop/household/all?department=Air%20Fresheners%20%26%20Home%20Fragrance&viewAll=department&page=,£2.25,£7.50/litre,,,/groceries/en-GB/products/312228323,https://digitalcontent.api.tesco.com/v2/media/ghs/e635bf7d-4650-4fff-aa9e-235289beb0b7/d5c87f88-e6a0-453f-b9f5-68b71a5aa751_1469300568.jpeg?h=225&w=225,
309751323,Air Wick Pink Sweet Pea Reed Diffuser 42Ml,https://www.tesco.com/groceries/en-GB/shop/household/all?department=Air%20Fresheners%20%26%20Home%20Fragrance&viewAll=department&page=,£7.00,£166.67/litre,£4.00 Clubcard Price,,/groceries/en-GB/products/309751323,https://digitalcontent.api.tesco.com/v2/media/ghs/ee5ae11c-6e73-443e-ad91-b61fe45e0825/9824727f-346b-4b72-9477-9f4b08785d2f_745145057.jpeg?h=225&w=225,
312365937,Airwick Festive Citrus Spritz Plug In Refill 19Ml,https://www.tesco.com/groceries/en-GB/shop/household/all?department=Air%20Fresheners%20%26%20Home%20Fragrance&viewAll=department&page=,£3.25,£171.06/litre,Any 2 for £5 Clubcard Price - Selected Airwick Air Freshener,,/groceries/en-GB/products/312365937,https://digitalcontent.api.tesco.com/v2/media/ghs/3006c927-130e-4409-bc3b-ed4a056d61e7/9d728ea0-525e-4793-9f94-72f436c8d78e_1769207162.jpeg?h=225&w=225,
310674776,Air Wick Cotton & Apple Blossom Air Spray 236Ml,https://www.tesco.com/groceries/en-GB/shop/household/all?department=Air%20Fresheners%20%26%20Home%20Fragrance&viewAll=department&page=,£2.10,£8.90/litre,,,/groceries/en-GB/products/310674776,https://digitalcontent.api.tesco.com/v2/media/ghs/0ffdc090-d628-4b5e-8d59-a759c7780651/6bf2b627-0b80-4632-829c-74df4bafd29a_1047935319.jpeg?h=225&w=225,
307747833,Air Wick Rainy Eucalyptus & Freesia Air Spray 236Ml,https://www.tesco.com/groceries/en-GB/shop/household/all?department=Air%20Fresheners%20%26%20Home%20Fragrance&viewAll=department&page=,£2.10,£8.90/litre,,,/groceries/en-GB/products/307747833,https://digitalcontent.api.tesco.com/v2/media/ghs/ea3047e7-08ea-4909-ad85-f3fd406a351a/8d48e30e-a85d-4198-b788-65cd9f849a5b_1679373073.jpeg?h=225&w=225,
310668755,Air Wick Fresh Grapefruit & Orange Blossom Spray236ml,https://www.tesco.com/groceries/en-GB/shop/household/all?department=Air%20Fresheners%20%26%20Home%20Fragrance&viewAll=department&page=,£2.10,£8.90/litre,,,/groceries/en-GB/products/310668755,https://digitalcontent.api.tesco.com/v2/media/ghs/100bb58d-adb2-4401-a3ff-5c55c7fae848/7e747250-2bdb-4665-8114-d426c9eea4af_2087687816.jpeg?h=225&w=225,
310670878,Air Wick Crisp Linen&Lilac Reed Reeddiffuser42ml,https://www.tesco.com/groceries/en-GB/shop/household/all?department=Air%20Fresheners%20%26%20Home%20Fragrance&viewAll=department&page=,£7.00,£166.67/litre,£4.00 Clubcard Price,,/groceries/en-GB/products/310670878,https://digitalcontent.api.tesco.com/v2/media/ghs/5381cc1d-76e3-4e28-8be4-442ee3caedf1/58cd80df-66ac-4691-9cbc-06514e2ee57b_310157869.jpeg?h=225&w=225,
307754127,Air Wick Air Freshener Fresh Dew & White Jasmine 236Ml,https://www.tesco.com/groceries/en-GB/shop/household/all?department=Air%20Fresheners%20%26%20Home%20Fragrance&viewAll=department&page=,£2.10,£8.90/litre,,,/groceries/en-GB/products/307754127,https://digitalcontent.api.tesco.com/v2/media/ghs/9b3a4cab-a811-401f-9c52-10ef43753afa/80256ae8-d0a1-4e67-bf5b-1b0e6a729a65_1394548088.jpeg?h=225&w=225,
312207596,Airwick Limited Edition Stacey Winter Walks 105G,https://www.tesco.com/groceries/en-GB/shop/household/all?department=Air%20Fresheners%20%26%20Home%20Fragrance&viewAll=department&page=,£2.00,£19.05/kg,,,/groceries/en-GB/products/312207596,https://digitalcontent.api.tesco.com/v2/media/ghs/b999d731-a560-4f1d-affe-dc5081978335/c72657f7-d105-4271-8522-0b0f4af173ef_1752919549.jpeg?h=225&w=225,
297348290,Febreze Aerosol Pine 300Ml,https://www.tesco.com/groceries/en-GB/shop/household/all?department=Air%20Fresheners%20%26%20Home%20Fragrance&viewAll=department&page=,£2.25,£7.50/litre,,,/groceries/en-GB/products/297348290,https://digitalcontent.api.tesco.com/v2/media/ghs/df533843-32aa-4945-b76d-018af634de7c/ae443cf6-75b3-4575-9e8d-9ffc283b4da1_816089605.jpeg?h=225&w=225,
306753032,Natures Wick Large Candle Cashmere Wool,https://www.tesco.com/groceries/en-GB/shop/household/all?department=Air%20Fresheners%20%26%20Home%20Fragrance&viewAll=department&page=,£16.50,£16.50/each,,,/groceries/en-GB/products/306753032,https://digitalcontent.api.tesco.com/v2/media/ghs/1c2fa3b2-88c2-4735-998f-9edf9da4f7b0/6f19a96e-7512-4efc-b307-10a8f004711b_249916140.jpeg?h=225&w=225,
310146486,Yankee Candle Aromatherapy Diffuser Kit Black Cherry,https://www.tesco.com/groceries/en-GB/shop/household/all?department=Air%20Fresheners%20%26%20Home%20Fragrance&viewAll=department&page=,£28.00,£28.00/each,Any 3 for 2 Clubcard Price - Cheapest Product Free - Selected Yankee Candle,,/groceries/en-GB/products/310146486,https://digitalcontent.api.tesco.com/v2/media/ghs/f82f1988-cd5a-46c6-8587-f5d3efb11d84/1d662ac4-ac47-4371-a340-9801fec4601b_1392247810.jpeg?h=225&w=225,
306752959,Nature Wick Scented Candle Cashmere Wool,https://www.tesco.com/groceries/en-GB/shop/household/all?department=Air%20Fresheners%20%26%20Home%20Fragrance&viewAll=department&page=,£12.50,£12.50/each,,,/groceries/en-GB/products/306752959,https://digitalcontent.api.tesco.com/v2/media/ghs/a310fe35-32bf-431c-97a3-9178fa5d569d/58283ec9-7d15-45e4-a4f5-74f519155338_1256040403.jpeg?h=225&w=225,
310096890,Glade Aromatherapy Mist Diffuser Zen Kit 17.4Ml,https://www.tesco.com/groceries/en-GB/shop/household/all?department=Air%20Fresheners%20%26%20Home%20Fragrance&viewAll=department&page=,£15.00,£862.07/litre,,,/groceries/en-GB/products/310096890,https://digitalcontent.api.tesco.com/v2/media/ghs/8c12b1b0-92da-4e6d-a3d6-812109b6c458/bbaea1a9-c0e7-4d8b-946f-a60277290dd0_930020808.jpeg?h=225&w=225,
308499842,Natures Wick 433G Candle- Woodland Rose,https://www.tesco.com/groceries/en-GB/shop/household/all?department=Air%20Fresheners%20%26%20Home%20Fragrance&viewAll=department&page=,£16.50,£38.11/kg,,,/groceries/en-GB/products/308499842,https://digitalcontent.api.tesco.com/v2/media/ghs/51497bf3-b9c1-409b-9d73-0ab2ecf88bd6/snapshotimagehandler_1415680640.jpeg?h=225&w=225,
306753061,Natures Wick Large Candle Sage & White Pepper,https://www.tesco.com/groceries/en-GB/shop/household/all?department=Air%20Fresheners%20%26%20Home%20Fragrance&viewAll=department&page=,£16.50,£16.50/each,,,/groceries/en-GB/products/306753061,https://digitalcontent.api.tesco.com/v2/media/ghs/4d347d20-18e8-44c1-b128-821b4d716d08/ea7f9684-7ee4-4b32-a8b4-1241d1a45100_786508623.jpeg?h=225&w=225,
306725969,Yankee Candle Large 538G Jar Vanilla Frosting,https://www.tesco.com/groceries/en-GB/shop/household/all?department=Air%20Fresheners%20%26%20Home%20Fragrance&viewAll=department&page=,£15.00,£27.89/kg,Any 3 for 2 Clubcard Price - Cheapest Product Free - Selected Yankee Candle,,/groceries/en-GB/products/306725969,https://digitalcontent.api.tesco.com/v2/media/ghs/3e3bd399-3ad3-47c9-9a52-35da6a61feda/68ce3a59-9dd9-4d32-850e-f5dee699e18c_1641572213.jpeg?h=225&w=225,
310525118,Natures Wick 284G Candle Bergamot,https://www.tesco.com/groceries/en-GB/shop/household/all?department=Air%20Fresheners%20%26%20Home%20Fragrance&viewAll=department&page=,£12.50,£44.02/kg,,,/groceries/en-GB/products/310525118,https://digitalcontent.api.tesco.com/v2/media/ghs/35108923-7c8b-4714-b989-777721a70c01/2dda6476-0143-4b5c-ab34-b6ff96b20949_2095784244.jpeg?h=225&w=225,
308499836,Natures Wick 284G Candle- Woodland Rose,https://www.tesco.com/groceries/en-GB/shop/household/all?department=Air%20Fresheners%20%26%20Home%20Fragrance&viewAll=department&page=,£12.50,£44.02/kg,,,/groceries/en-GB/products/308499836,https://digitalcontent.api.tesco.com/v2/media/ghs/a793684a-c7c3-4c93-a501-e9f939e1320e/9b2e89a4-7a2c-4618-a57e-c9d3f6165444_496025171.jpeg?h=225&w=225,
299876710,Yankee Candle Medium 340G Jar Vanilla Frosting,https://www.tesco.com/groceries/en-GB/shop/household/all?department=Air%20Fresheners%20%26%20Home%20Fragrance&viewAll=department&page=,£12.00,£35.30/kg,Any 3 for 2 Clubcard Price - Cheapest Product Free - Selected Yankee Candle,,/groceries/en-GB/products/299876710,https://digitalcontent.api.tesco.com/v2/media/ghs/459304bc-996c-4a02-ad46-b0c42739a0df/snapshotimagehandler_1975408837.jpeg?h=225&w=225,
307808128,Yankee Candle Medium 340G Jar Fairy Floss,https://www.tesco.com/groceries/en-GB/shop/household/all?department=Air%20Fresheners%20%26%20Home%20Fragrance&viewAll=department&page=,£12.00,£35.30/kg,Any 3 for 2 Clubcard Price - Cheapest Product Free - Selected Yankee Candle,,/groceries/en-GB/products/307808128,https://digitalcontent.api.tesco.com/v2/media/ghs/5082583e-f279-4748-ba7e-ff14f7e33688/36bbb50a-f787-4048-9bf9-9c9a9e86588a_905170536.jpeg?h=225&w=225,
306119104,Yankee Candle Medium 340G Jar Happy Birthday,https://www.tesco.com/groceries/en-GB/shop/household/all?department=Air%20Fresheners%20%26%20Home%20Fragrance&viewAll=department&page=,£12.00,£35.30/kg,Any 3 for 2 Clubcard Price - Cheapest Product Free - Selected Yankee Candle,,/groceries/en-GB/products/306119104,https://digitalcontent.api.tesco.com/v2/media/ghs/a51bbff5-2da7-48fa-bd28-ad03f8d1c645/7a7e8f10-8688-4af4-9788-60ee074a8c27_531282852.jpeg?h=225&w=225,
307808128,Yankee Candle Medium 340G Jar Fairy Floss,https://www.tesco.com/groceries/en-GB/shop/household/all?department=Air%20Fresheners%20%26%20Home%20Fragrance&viewAll=department&page=,£12.00,£35.30/kg,Any 3 for 2 Clubcard Price - Cheapest Product Free - Selected Yankee Candle,,/groceries/en-GB/products/307808128,https://digitalcontent.api.tesco.com/v2/media/ghs/5082583e-f279-4748-ba7e-ff14f7e33688/36bbb50a-f787-4048-9bf9-9c9a9e86588a_905170536.jpeg?h=225&w=225,
309484368,Glade Aromatherapy Candle Calm Mind 260G,https://www.tesco.com/groceries/en-GB/shop/household/all?department=Air%20Fresheners%20%26%20Home%20Fragrance&viewAll=department&page=,£9.00,£34.62/kg,,,/groceries/en-GB/products/309484368,https://digitalcontent.api.tesco.com/v2/media/ghs/64c0fbf4-a6fc-451e-941d-60975039a76f/5abc5d36-bb46-429e-97af-89d43023c28b_527711670.jpeg?h=225&w=225,
307830383,Yankee Candle Large 538G Jar Fairy Floss,https://www.tesco.com/groceries/en-GB/shop/household/all?department=Air%20Fresheners%20%26%20Home%20Fragrance&viewAll=department&page=,£15.00,£27.89/kg,Any 3 for 2 Clubcard Price - Cheapest Product Free - Selected Yankee Candle,,/groceries/en-GB/products/307830383,https://digitalcontent.api.tesco.com/v2/media/ghs/d8ba36f4-6dc8-4b0d-b39b-c1623bd9a5bf/05966973-065d-460f-89b3-c2268f1e333d_394771021.jpeg?h=225&w=225,
306753049,Nature Wick Scented Multi Wick Candle Smoked Vanilla,https://www.tesco.com/groceries/en-GB/shop/household/all?department=Air%20Fresheners%20%26%20Home%20Fragrance&viewAll=department&page=,£16.50,£16.50/each,,,/groceries/en-GB/products/306753049,https://digitalcontent.api.tesco.com/v2/media/ghs/60066006-c3e4-4941-824b-f61f024668f7/86d956a6-7513-49f4-8641-e79acf0e920f_924273461.jpeg?h=225&w=225,
296225736,Yankee Candle Medium Jar Cosy Up,https://www.tesco.com/groceries/en-GB/shop/household/all?department=Air%20Fresheners%20%26%20Home%20Fragrance&viewAll=department&page=,£12.00,£12.00/each,Any 3 for 2 Clubcard Price - Cheapest Product Free - Selected Yankee Candle,,/groceries/en-GB/products/296225736,https://digitalcontent.api.tesco.com/v2/media/ghs/8d148539-a3c9-4ee1-a495-40d46a09aa1d/f9876180-95dc-41ba-bbcf-d154d4891fd9_2116062814.jpeg?h=225&w=225,
307808186,Yankee Candle Large 538G Jar Mango Lemonade,https://www.tesco.com/groceries/en-GB/shop/household/all?department=Air%20Fresheners%20%26%20Home%20Fragrance&viewAll=department&page=,£15.00,£27.89/kg,Any 3 for 2 Clubcard Price - Cheapest Product Free - Selected Yankee Candle,,/groceries/en-GB/products/307808186,https://digitalcontent.api.tesco.com/v2/media/ghs/ab8fd377-6bad-4732-a8e7-045c2f980f81/755714e5-9a49-499b-b743-9182b983138d_568144407.jpeg?h=225&w=225,
296225483,Yankee Candle Medium Jar White Linen & Lace,https://www.tesco.com/groceries/en-GB/shop/household/all?department=Air%20Fresheners%20%26%20Home%20Fragrance&viewAll=department&page=,£12.00,£115.39/kg,Any 3 for 2 Clubcard Price - Cheapest Product Free - Selected Yankee Candle,,/groceries/en-GB/products/296225483,https://digitalcontent.api.tesco.com/v2/media/ghs/0b612786-e239-48ce-84c0-bffdae647732/15da95b2-56cc-4a5f-be91-134d6addd800_1905734115.jpeg?h=225&w=225,
296225720,Yankee Candle Large Jar Cosy Up,https://www.tesco.com/groceries/en-GB/shop/household/all?department=Air%20Fresheners%20%26%20Home%20Fragrance&viewAll=department&page=,£15.00,£15.00/each,Any 3 for 2 Clubcard Price - Cheapest Product Free - Selected Yankee Candle,,/groceries/en-GB/products/296225720,https://digitalcontent.api.tesco.com/v2/media/ghs/525f8b99-7153-4841-9c80-73eaab668453/d3b917c7-c1f7-4595-ba04-a7fd7b5d89cc_956695020.jpeg?h=225&w=225,
312207437,Airwick Mulled Wine Freshmatic Kit 250Ml,https://www.tesco.com/groceries/en-GB/shop/household/all?department=Air%20Fresheners%20%26%20Home%20Fragrance&viewAll=department&page=,£7.80,£31.20/litre,,,/groceries/en-GB/products/312207437,https://digitalcontent.api.tesco.com/v2/media/ghs/36bc9fc6-da15-43df-a059-5e1c44901557/657b710f-e9a8-4687-b70d-43aefdfedf29_1382543006.jpeg?h=225&w=225,
296225454,Yankee Candle Large Jar White Linen & Lace,https://www.tesco.com/groceries/en-GB/shop/household/all?department=Air%20Fresheners%20%26%20Home%20Fragrance&viewAll=department&page=,£15.00,£15.00/each,Any 3 for 2 Clubcard Price - Cheapest Product Free - Selected Yankee Candle,,/groceries/en-GB/products/296225454,https://digitalcontent.api.tesco.com/v2/media/ghs/41224e3a-8684-4421-aaeb-496b42a23a42/923b85ad-53b4-4fba-a4d6-9019c57d8c7b_1501068567.jpeg?h=225&w=225,
306800052,Glade Sense & Spray Holder Apple Cosy Cider 18Ml,https://www.tesco.com/groceries/en-GB/shop/household/all?department=Air%20Fresheners%20%26%20Home%20Fragrance&viewAll=department&page=,£7.00,£388.89/litre,,,/groceries/en-GB/products/306800052,https://digitalcontent.api.tesco.com/v2/media/ghs/ab0d3198-2ac7-40c9-a498-4cc3a74a1618/5db30aab-fb5f-4eb4-875f-518a8e9f2cf6_872992325.jpeg?h=225&w=225,
296225460,Yankee Candle Medium Jar Cherry Vanilla,https://www.tesco.com/groceries/en-GB/shop/household/all?department=Air%20Fresheners%20%26%20Home%20Fragrance&viewAll=department&page=,£12.00,£12.00/each,Any 3 for 2 Clubcard Price - Cheapest Product Free - Selected Yankee Candle,,/groceries/en-GB/products/296225460,https://digitalcontent.api.tesco.com/v2/media/ghs/d28b7547-175a-44e1-a816-ac278d52900a/d74b5cb8-6254-42e4-9d0d-e4126d6cb924_964196922.jpeg?h=225&w=225,
307725789,Tesco Apothecary 100ml Reed Diffuser - Neroli and Bergamot,https://www.tesco.com/groceries/en-GB/shop/household/all?department=Air%20Fresheners%20%26%20Home%20Fragrance&viewAll=department&page=,£8.50,£85.00/litre,£6.35 Clubcard Price,,/groceries/en-GB/products/307725789,https://digitalcontent.api.tesco.com/v2/media/ghs/c886aebd-1fe5-4d5e-a381-bd6d3a64ef7d/044ad588-4186-4827-81b8-4e5963cf74f2_1559390624.jpeg?h=225&w=225,
312569190,Airwick Pink Sweet Pea Triple Plug In Refills 3X19ml,https://www.tesco.com/groceries/en-GB/shop/household/all?department=Air%20Fresheners%20%26%20Home%20Fragrance&viewAll=department&page=,£6.75,£118.43/litre,,,/groceries/en-GB/products/312569190,https://digitalcontent.api.tesco.com/v2/media/ghs/f29f450a-676c-4b18-a6e1-deb86b43cef7/499eddf5-bebe-49a2-898e-2b9f47db62b5_1805272590.jpeg?h=225&w=225,
296953415,Yankee Candle Large Jar Exotic Fruits,https://www.tesco.com/groceries/en-GB/shop/household/all?department=Air%20Fresheners%20%26%20Home%20Fragrance&viewAll=department&page=,£15.00,£15.00/each,Any 3 for 2 Clubcard Price - Cheapest Product Free - Selected Yankee Candle,,/groceries/en-GB/products/296953415,https://digitalcontent.api.tesco.com/v2/media/ghs/cd0d3b65-3a9d-4adf-8ff7-b77597f3ae4d/4a4015e9-7119-4a6b-9790-82345d5cd17c_510307238.jpeg?h=225&w=225,
302738408,Yankee Candle Large 538G Jar Sugared Blossom,https://www.tesco.com/groceries/en-GB/shop/household/all?department=Air%20Fresheners%20%26%20Home%20Fragrance&viewAll=department&page=,£15.00,£27.89/kg,Any 3 for 2 Clubcard Price - Cheapest Product Free - Selected Yankee Candle,,/groceries/en-GB/products/302738408,https://digitalcontent.api.tesco.com/v2/media/ghs/0119076f-3fb1-412a-ad3e-cf4b84e5d97e/905ec676-69a5-4bcd-b07c-ae432944d429_786084262.jpeg?h=225&w=225,
307725773,Tesco Apothecary 100ml Reed Diffuser - Ylang Ylang and Orange,https://www.tesco.com/groceries/en-GB/shop/household/all?department=Air%20Fresheners%20%26%20Home%20Fragrance&viewAll=department&page=,£8.50,£85.00/litre,£6.35 Clubcard Price,,/groceries/en-GB/products/307725773,https://digitalcontent.api.tesco.com/v2/media/ghs/1f7d937d-d3d0-4ca5-bc39-2e0aa9732f5d/e173cd1c-e101-49d4-8558-675d5d5e63dd_1473546605.jpeg?h=225&w=225,
312227785,Airwick Stacey F/Mkit Winter Walks 250Ml,https://www.tesco.com/groceries/en-GB/shop/household/all?department=Air%20Fresheners%20%26%20Home%20Fragrance&viewAll=department&page=,£7.80,£31.20/litre,,,/groceries/en-GB/products/312227785,https://digitalcontent.api.tesco.com/v2/media/ghs/4b7c46c7-fe01-4d5a-9950-aedcb7aa79c3/6a43a20f-987d-43e4-8019-5d6c1695ad1d_1597324834.jpeg?h=225&w=225,
307725738,Tesco Apothecary 2 x 40ml Reed Diffusers - Ylang Ylang and Orange Blossom,https://www.tesco.com/groceries/en-GB/shop/household/all?department=Air%20Fresheners%20%26%20Home%20Fragrance&viewAll=department&page=,£8.00,£4.00/each,£6.00 Clubcard Price,,/groceries/en-GB/products/307725738,https://digitalcontent.api.tesco.com/v2/media/ghs/e2d0bcf3-d0c8-4bb6-a9e1-30901d67d366/2311d028-8d8d-4ed7-83d1-3c7a266d5bb9_815473105.jpeg?h=225&w=225,
312208848,Airwick Citrus Spritz Device & 250Ml Refill,https://www.tesco.com/groceries/en-GB/shop/household/all?department=Air%20Fresheners%20%26%20Home%20Fragrance&viewAll=department&page=,£7.80,£31.20/litre,,,/groceries/en-GB/products/312208848,https://digitalcontent.api.tesco.com/v2/media/ghs/ab732b79-b544-4a48-9948-9ef07e87233b/8a7b34e2-5355-4384-9e3e-7e4b42a931f2_695941410.jpeg?h=225&w=225,
309524092,Natures Wick Scented Candle Wild Honey,https://www.tesco.com/groceries/en-GB/shop/household/all?department=Air%20Fresheners%20%26%20Home%20Fragrance&viewAll=department&page=,£12.50,£12.50/each,,,/groceries/en-GB/products/309524092,https://digitalcontent.api.tesco.com/v2/media/ghs/bb2a8846-9cab-40e9-a792-bad266a11f22/9059d586-041f-4dbf-8ff5-d6ad389db3b6_1502967284.jpeg?h=225&w=225,
309492681,Febreze Zero% Air Freshener Mist Kit Orchid 300Ml,https://www.tesco.com/groceries/en-GB/shop/household/all?department=Air%20Fresheners%20%26%20Home%20Fragrance&viewAll=department&page=,£4.80,£16.00/litre,,,/groceries/en-GB/products/309492681,https://digitalcontent.api.tesco.com/v2/media/ghs/577f6851-b772-44fd-b543-e41d22188a2a/587cfc10-de62-4718-9790-a75cf692a8ca_154258168.jpeg?h=225&w=225,
310673512,Glade Aromatherapy Mist Diffuser Refill Calm Mind 17.4Ml,https://www.tesco.com/groceries/en-GB/shop/household/all?department=Air%20Fresheners%20%26%20Home%20Fragrance&viewAll=department&page=,£5.00,£287.36/litre,,,/groceries/en-GB/products/310673512,https://digitalcontent.api.tesco.com/v2/media/ghs/858e637c-18a0-4698-97d5-cefc622896de/e21f614c-0c0d-4e1f-85e4-ac16603204b7_477631427.jpeg?h=225&w=225,
310154211,Glade Aromatherapy Refill Momentof Zen Lavender Sandalwood17.4Ml,https://www.tesco.com/groceries/en-GB/shop/household/all?department=Air%20Fresheners%20%26%20Home%20Fragrance&viewAll=department&page=,£5.00,£287.36/litre,,,/groceries/en-GB/products/310154211,https://digitalcontent.api.tesco.com/v2/media/ghs/f769e761-34e1-4975-9bf1-1ce9d9c25d6f/4db811e4-9e3a-404c-890e-49cc9c0efe03_2019025211.jpeg?h=225&w=225,
307725698,Tesco Apothecary Large Scented Candle – Ylang Ylang and Orange Blossom,https://www.tesco.com/groceries/en-GB/shop/household/all?department=Air%20Fresheners%20%26%20Home%20Fragrance&viewAll=department&page=,£8.50,£24.29/kg,£6.35 Clubcard Price,,/groceries/en-GB/products/307725698,https://digitalcontent.api.tesco.com/v2/media/ghs/448649ce-4576-4733-9c2b-82492a1044f3/a13a7920-0546-4d28-9b0e-59bfa8d70593_1344395862.jpeg?h=225&w=225,
309177467,Febreze Zero % Air Freshener Mist Kit Aqua 300Ml,https://www.tesco.com/groceries/en-GB/shop/household/all?department=Air%20Fresheners%20%26%20Home%20Fragrance&viewAll=department&page=,£4.80,£16.00/litre,,,/groceries/en-GB/products/309177467,https://digitalcontent.api.tesco.com/v2/media/ghs/71922d1d-ddc7-46ff-a19d-c93111160f12/b374533a-5bb0-4423-97c2-d34ded2bc8f4_1443509821.jpeg?h=225&w=225,
307725404,Hinch Scented 100Ml Pillow Spray Lavender,https://www.tesco.com/groceries/en-GB/shop/household/all?department=Air%20Fresheners%20%26%20Home%20Fragrance&viewAll=department&page=,£6.00,£60.00/litre,£4.50 Clubcard Price,,/groceries/en-GB/products/307725404,https://digitalcontent.api.tesco.com/v2/media/ghs/dc24165f-510d-4572-a61c-fd050179620a/b56cd2aa-a6cf-4e55-956d-f4614336eb16_707779654.jpeg?h=225&w=225,
310675487,Yankee Clean Cotton Aromatherapy Oil 10Ml,https://www.tesco.com/groceries/en-GB/shop/household/all?department=Air%20Fresheners%20%26%20Home%20Fragrance&viewAll=department&page=,£6.00,£600.00/litre,Any 3 for 2 Clubcard Price - Cheapest Product Free - Selected Yankee Candle,,/groceries/en-GB/products/310675487,https://digitalcontent.api.tesco.com/v2/media/ghs/cfd9b0f6-3e96-4e7d-a411-260b3280a215/7de4f990-310b-464d-87f5-dc08214a8a11_687718390.jpeg?h=225&w=225,
302738351,Yankee Candle Small Jar Cosy Up,https://www.tesco.com/groceries/en-GB/shop/household/all?department=Air%20Fresheners%20%26%20Home%20Fragrance&viewAll=department&page=,£5.50,£5.50/each,Any 3 for 2 Clubcard Price - Cheapest Product Free - Selected Yankee Candle,,/groceries/en-GB/products/302738351,https://digitalcontent.api.tesco.com/v2/media/ghs/2422e176-0c4b-418d-a113-b417beb44c23/d9251605-0532-4e72-87b5-5c5ba1852e07_83058806.jpeg?h=225&w=225,
302738374,Yankee Candle Small Jar - Cherry Vanilla,https://www.tesco.com/groceries/en-GB/shop/household/all?department=Air%20Fresheners%20%26%20Home%20Fragrance&viewAll=department&page=,£5.50,£5.50/each,Any 3 for 2 Clubcard Price - Cheapest Product Free - Selected Yankee Candle,,/groceries/en-GB/products/302738374,https://digitalcontent.api.tesco.com/v2/media/ghs/95d747ea-b53b-406e-b7a6-9e12d781003e/4be66100-9894-45af-a443-eb51169a9175_1185022419.jpeg?h=225&w=225,
304320640,Yankee Candle Small 104G Jar Sugared Blossom,https://www.tesco.com/groceries/en-GB/shop/household/all?department=Air%20Fresheners%20%26%20Home%20Fragrance&viewAll=department&page=,£5.50,£52.89/kg,Any 3 for 2 Clubcard Price - Cheapest Product Free - Selected Yankee Candle,,/groceries/en-GB/products/304320640,https://digitalcontent.api.tesco.com/v2/media/ghs/0156029f-31d9-486d-8b31-08788874bfa2/021d9552-a756-444c-ad61-c920719840b7_1945656113.jpeg?h=225&w=225,
307725652,Tesco Apothecary Scented Candle – Ylang Ylang and Orange Blossom,https://www.tesco.com/groceries/en-GB/shop/household/all?department=Air%20Fresheners%20%26%20Home%20Fragrance&viewAll=department&page=,£4.00,£28.58/kg,£3.00 Clubcard Price,,/groceries/en-GB/products/307725652,https://digitalcontent.api.tesco.com/v2/media/ghs/8860aab0-6b8d-4d38-a796-89cf092afd73/acbec90a-1156-4d95-912b-7893867e6ef4_2051047100.jpeg?h=225&w=225,
307830331,Yankee Candle Small 104G Jar Fairy Floss,https://www.tesco.com/groceries/en-GB/shop/household/all?department=Air%20Fresheners%20%26%20Home%20Fragrance&viewAll=department&page=,£5.50,£52.89/kg,Any 3 for 2 Clubcard Price - Cheapest Product Free - Selected Yankee Candle,,/groceries/en-GB/products/307830331,https://digitalcontent.api.tesco.com/v2/media/ghs/0e124b89-4995-4142-985c-f90e5619df3b/cb1ca18d-c289-48fc-bfa7-9bf643040d54_740064634.jpeg?h=225&w=225,
309172000,Febreze Zero % Air Freshener Mist Refill Orchid 300Ml,https://www.tesco.com/groceries/en-GB/shop/household/all?department=Air%20Fresheners%20%26%20Home%20Fragrance&viewAll=department&page=,£3.00,£10.00/litre,,,/groceries/en-GB/products/309172000,https://digitalcontent.api.tesco.com/v2/media/ghs/b59448df-63ee-4e01-9609-2262d692d0ab/b4d744af-53bc-408f-a36c-f10096d345e5_1467121993.jpeg?h=225&w=225,
309475828,Febreze 0% Refill Air Freshener Mist Aqua 300Ml,https://www.tesco.com/groceries/en-GB/shop/household/all?department=Air%20Fresheners%20%26%20Home%20Fragrance&viewAll=department&page=,£3.00,£10.00/litre,,,/groceries/en-GB/products/309475828,https://digitalcontent.api.tesco.com/v2/media/ghs/6313c5b0-9a2a-4074-a084-5647b00fe392/d29238a2-9177-4d8c-bf20-d760d3bc8f8f_341809210.jpeg?h=225&w=225,
306752966,Nature Wick Scented Candle Smoked Vanilla,https://www.tesco.com/groceries/en-GB/shop/household/all?department=Air%20Fresheners%20%26%20Home%20Fragrance&viewAll=department&page=,£12.50,£12.50/each,,,/groceries/en-GB/products/306752966,https://digitalcontent.api.tesco.com/v2/media/ghs/31850267-f5e1-4e2b-97cc-4064f84d3a51/2a14f5ef-a9c0-461a-a619-3af077b883b1_1034944980.jpeg?h=225&w=225,
309524132,Natures Wick Multi Wick Candle Wild Honey,https://www.tesco.com/groceries/en-GB/shop/household/all?department=Air%20Fresheners%20%26%20Home%20Fragrance&viewAll=department&page=,£16.50,£16.50/each,,,/groceries/en-GB/products/309524132,https://digitalcontent.api.tesco.com/v2/media/ghs/cfe72494-a294-4687-b0e2-4ecfe517e4ca/06166af0-fe4b-4f3d-ae6f-c16d2293497f_1581454840.jpeg?h=225&w=225,
309524149,Natures Wick Multi Wick Candle Golden Hay,https://www.tesco.com/groceries/en-GB/shop/household/all?department=Air%20Fresheners%20%26%20Home%20Fragrance&viewAll=department&page=,£16.50,£16.50/each,,,/groceries/en-GB/products/309524149,https://digitalcontent.api.tesco.com/v2/media/ghs/f0a44427-b1dc-4d36-9fb9-de88cdfc3ecf/61510070-2513-4cf8-994c-4ed1464545e1_639820183.jpeg?h=225&w=225,
306752989,Nature Wick Scented Candle Sage & White Pepper,https://www.tesco.com/groceries/en-GB/shop/household/all?department=Air%20Fresheners%20%26%20Home%20Fragrance&viewAll=department&page=,£12.50,£12.50/each,,,/groceries/en-GB/products/306752989,https://digitalcontent.api.tesco.com/v2/media/ghs/e5408af5-8cf9-49e2-bea6-849723290600/c049f0ee-fd7a-4eee-86e3-3d58cb0d8791_1842967627.jpeg?h=225&w=225,
307808163,Yankee Candle Medium 340G Jar Mango Lemonade,https://www.tesco.com/groceries/en-GB/shop/household/all?department=Air%20Fresheners%20%26%20Home%20Fragrance&viewAll=department&page=,£12.00,£35.30/kg,Any 3 for 2 Clubcard Price - Cheapest Product Free - Selected Yankee Candle,,/groceries/en-GB/products/307808163,https://digitalcontent.api.tesco.com/v2/media/ghs/d08e693c-2368-4b69-861d-564f1b93867b/8877578f-cda7-451f-b9da-7c11993ef8fc_699067215.jpeg?h=225&w=225,
302747530,Yankee Candle Medium 340G Jar Sugared Blossom,https://www.tesco.com/groceries/en-GB/shop/household/all?department=Air%20Fresheners%20%26%20Home%20Fragrance&viewAll=department&page=,£12.00,£35.30/kg,Any 3 for 2 Clubcard Price - Cheapest Product Free - Selected Yankee Candle,,/groceries/en-GB/products/302747530,https://digitalcontent.api.tesco.com/v2/media/ghs/17e82577-18aa-457e-a2da-da1a3e7f3b90/030fcd73-0d93-4760-9b8a-653cf0aa80ef_163279956.jpeg?h=225&w=225,
296953409,Yankee Candle Medium Jar Exotic Fruits,https://www.tesco.com/groceries/en-GB/shop/household/all?department=Air%20Fresheners%20%26%20Home%20Fragrance&viewAll=department&page=,£12.00,£12.00/each,Any 3 for 2 Clubcard Price - Cheapest Product Free - Selected Yankee Candle,,/groceries/en-GB/products/296953409,https://digitalcontent.api.tesco.com/v2/media/ghs/fa1271fd-211b-4fb0-9a27-376ec22031d1/5a287e25-a32e-419f-861b-d7fe9c765c75_743676688.jpeg?h=225&w=225,
310172811,Yankee Pink Sands Aromatherapy Oil 10Ml,https://www.tesco.com/groceries/en-GB/shop/household/all?department=Air%20Fresheners%20%26%20Home%20Fragrance&viewAll=department&page=,£6.00,£600.00/litre,Any 3 for 2 Clubcard Price - Cheapest Product Free - Selected Yankee Candle,,/groceries/en-GB/products/310172811,https://digitalcontent.api.tesco.com/v2/media/ghs/011654cf-a672-41ef-a1ee-ac3e45a7a3c9/d013c9c0-9979-45ca-b57a-5e60073e1052_1046384119.jpeg?h=225&w=225,
310187828,Yankee Black Cherry Aromatherapy Oil 10Ml,https://www.tesco.com/groceries/en-GB/shop/household/all?department=Air%20Fresheners%20%26%20Home%20Fragrance&viewAll=department&page=,£6.00,£600.00/litre,Any 3 for 2 Clubcard Price - Cheapest Product Free - Selected Yankee Candle,,/groceries/en-GB/products/310187828,https://digitalcontent.api.tesco.com/v2/media/ghs/eccbec19-3fb0-4559-9466-f5c11adf8d1d/33cbe6a3-7595-4b47-922d-b3efe2cd7912_11458549.jpeg?h=225&w=225,
302738368,Yankee Small Jar Exotic Fruits,https://www.tesco.com/groceries/en-GB/shop/household/all?department=Air%20Fresheners%20%26%20Home%20Fragrance&viewAll=department&page=,£5.50,£5.50/each,Any 3 for 2 Clubcard Price - Cheapest Product Free - Selected Yankee Candle,,/groceries/en-GB/products/302738368,https://digitalcontent.api.tesco.com/v2/media/ghs/754b3ca5-7444-4a52-b85f-6b7f66cb0124/ec3e6152-86e4-4846-9894-e16d48c944a8_1283273838.jpeg?h=225&w=225,
305979665,Tesco Tall & Chunky Click Lid 30Pack 50L Bin Liners,https://www.tesco.com/groceries/en-GB/shop/household/all?department=Household%20Essentials&viewAll=department&page=,£6.00,£0.20/each,,,/groceries/en-GB/products/305979665,https://digitalcontent.api.tesco.com/v2/media/ghs/89df3eea-089b-48ff-8dcb-7b7b8b67b698/283d1e57-2a48-4ed8-b7f5-698e9f779c09.jpeg?h=225&w=225,
305976432,Tesco 50 Refuse Sacks 50L,https://www.tesco.com/groceries/en-GB/shop/household/all?department=Household%20Essentials&viewAll=department&page=,£5.00,£0.10/each,,,/groceries/en-GB/products/305976432,https://digitalcontent.api.tesco.com/v2/media/ghs/bdd30957-1222-47a1-a5b2-13daf4e5e32d/18fcfc71-703b-4aff-9553-ffbe172408db.jpeg?h=225&w=225,
298498985,Henry Genuine Bags 5 Pack,https://www.tesco.com/groceries/en-GB/shop/household/all?department=Household%20Essentials&viewAll=department&page=,£8.00,£1.60/each,2 for £14 or 3 for £17 Clubcard Price - Henry Genuine Bags 5  Pack ,,/groceries/en-GB/products/298498985,https://digitalcontent.api.tesco.com/v2/media/ghs/27eeff50-9066-495f-9c8f-46afc43f64b7/feec5b55-18b2-48cd-93a4-1611d9f07ef9_251429454.jpeg?h=225&w=225,
305981621,Tesco 30 Tall Pedal Bin Liners 30L,https://www.tesco.com/groceries/en-GB/shop/household/all?department=Household%20Essentials&viewAll=department&page=,£4.35,£0.14/each,,,/groceries/en-GB/products/305981621,https://digitalcontent.api.tesco.com/v2/media/ghs/7ad41d67-684c-4c98-90e2-fe4b416ff727/78be62c8-6852-47ff-b305-e257445f8bea.jpeg?h=225&w=225,
278902803,Zip 16 Fast & Clean Wrapped Firelighters,https://www.tesco.com/groceries/en-GB/shop/household/all?department=Household%20Essentials&viewAll=department&page=,£3.90,£0.24/each,,,/groceries/en-GB/products/278902803,https://digitalcontent.api.tesco.com/v2/media/ghs/eb2e0907-baba-4c83-9a50-84f0b47ae748/6c01c7f4-ab86-411d-be7a-6f8867f68afe_1651985160.jpeg?h=225&w=225,
261204452,Zip Firelighters Pack 30,https://www.tesco.com/groceries/en-GB/shop/household/all?department=Household%20Essentials&viewAll=department&page=,£3.40,£0.11/each,,,/groceries/en-GB/products/261204452,https://digitalcontent.api.tesco.com/v2/media/ghs/876009b4-92a3-4763-8b23-a210700c0c40/fc7f5c4d-2452-4336-a838-87c89e1ef0d6_1707264305.jpeg?h=225&w=225,
305970029,Tesco 20 Extra Strong Refuse Sacks 100L,https://www.tesco.com/groceries/en-GB/shop/household/all?department=Household%20Essentials&viewAll=department&page=,£4.00,£0.20/each,,,/groceries/en-GB/products/305970029,https://digitalcontent.api.tesco.com/v2/media/ghs/777f7d70-aa6d-4527-ac4a-b790aaaf7ed4/17d435c6-6a9b-4804-93d3-23005fa9afd3_728859516.jpeg?h=225&w=225,
305530925,Zip 100% Natural Twisted Firestarters X16,https://www.tesco.com/groceries/en-GB/shop/household/all?department=Household%20Essentials&viewAll=department&page=,£3.90,£0.24/each,,,/groceries/en-GB/products/305530925,https://digitalcontent.api.tesco.com/v2/media/ghs/14eecf93-3017-41dd-a2fc-bedfd0dcac05/01b20772-b807-4913-8883-39da52172979_1043568184.jpeg?h=225&w=225,
256892622,Cricket Firepower Utility Lighter,https://www.tesco.com/groceries/en-GB/shop/household/all?department=Household%20Essentials&viewAll=department&page=,£3.30,£3.30/each,,,/groceries/en-GB/products/256892622,https://digitalcontent.api.tesco.com/v2/media/ghs/c26775a6-a1c2-4874-9be4-e5b396de8e4a/3ab8ab6c-704e-44b2-85de-eaaeed1d32f4_25703572.jpeg?h=225&w=225,
308478562,Beast Super Strong 50L Drawstring Bin Bags 10 Pack,https://www.tesco.com/groceries/en-GB/shop/household/all?department=Household%20Essentials&viewAll=department&page=,£3.50,£0.35/each,,,/groceries/en-GB/products/308478562,https://digitalcontent.api.tesco.com/v2/media/ghs/80f490db-0072-444a-ba35-4ecc9b1d6a5f/9def7eb5-4535-46da-aa7a-deb52d5833d3.jpeg?h=225&w=225,
312105137,Beast Super Strong 70L Drawstring Bin Bags 10 Pack,https://www.tesco.com/groceries/en-GB/shop/household/all?department=Household%20Essentials&viewAll=department&page=,£3.75,£0.38/each,,New,/groceries/en-GB/products/312105137,https://digitalcontent.api.tesco.com/v2/media/ghs/103e5d90-0d05-4987-b68c-ca913e519941/3a49afe3-3f74-4fa2-91cd-62274c751064_1294943365.jpeg?h=225&w=225,
295025560,Tesco Flat Top Compostable Caddy Liners 10 Pack 25L,https://www.tesco.com/groceries/en-GB/shop/household/all?department=Household%20Essentials&viewAll=department&page=,£3.25,£0.32/each,,,/groceries/en-GB/products/295025560,https://digitalcontent.api.tesco.com/v2/media/ghs/6624a2ba-c7e3-4e3c-b5d3-731d0c788aab/5f07335d-c726-4594-87a2-7d943d3e6dd5_832296635.jpeg?h=225&w=225,
303138316,Wham 17L Box With Lid Clear,https://www.tesco.com/groceries/en-GB/shop/household/all?department=Household%20Essentials&viewAll=department&page=,£4.00,£4.00/each,,,/groceries/en-GB/products/303138316,https://digitalcontent.api.tesco.com/v2/media/ghs/61d8c881-7438-433b-83ed-02dc82ff3bf1/627ad482-6e1b-435a-9bb4-170b97676e50_1874544451.jpeg?h=225&w=225,
294937409,Tesco 20 Drawstring Clear Recycling Bin Bags 70L,https://www.tesco.com/groceries/en-GB/shop/household/all?department=Household%20Essentials&viewAll=department&page=,£3.00,£0.15/each,,,/groceries/en-GB/products/294937409,https://digitalcontent.api.tesco.com/v2/media/ghs/17944988-e5b8-4926-b17f-4dc49b07f8b2/90489f22-ac07-4e51-a09a-3f0b731efafc.jpeg?h=225&w=225,
308494070,Beast Super Strong 30L Tall & Slim Bin Bags 10 Pack,https://www.tesco.com/groceries/en-GB/shop/household/all?department=Household%20Essentials&viewAll=department&page=,£2.80,£0.28/each,,,/groceries/en-GB/products/308494070,https://digitalcontent.api.tesco.com/v2/media/ghs/4a8cc2d7-c1b3-49c6-9938-831220f69a57/a598cfe5-6429-4b00-8d25-d5e703e90790.jpeg?h=225&w=225,
307949341,Curver Your Style Recycled Large Grey,https://www.tesco.com/groceries/en-GB/shop/household/all?department=Household%20Essentials&viewAll=department&page=,£4.00,£4.00/each,,,/groceries/en-GB/products/307949341,https://digitalcontent.api.tesco.com/v2/media/ghs/678af650-71cf-4973-8af2-14eb77319240/7a91f9d3-2eab-476f-b563-e08c0f7ff700_1255228372.jpeg?h=225&w=225,
258195540,Korbond Lint Roller Refills,https://www.tesco.com/groceries/en-GB/shop/household/all?department=Household%20Essentials&viewAll=department&page=,£3.20,£0.15/each,,,/groceries/en-GB/products/258195540,https://digitalcontent.api.tesco.com/v2/media/ghs/6951d003-5e9f-46bb-895b-8b2ba2a9cc87/1b72138e-e9fd-4e87-a736-59d7f7262485_182160439.jpeg?h=225&w=225,
279059590,Poppell Electronic Lighters 3 Pack,https://www.tesco.com/groceries/en-GB/shop/household/all?department=Household%20Essentials&viewAll=department&page=,£2.65,£0.88/each,,,/groceries/en-GB/products/279059590,https://digitalcontent.api.tesco.com/v2/media/ghs/f52ac10c-e805-4e05-8d80-3d347ad933b8/3b6e307a-94cf-4db8-bdce-3459e1b0a952_1864148678.jpeg?h=225&w=225,
306503438,Hero 40 Tie Handle Waste Basket Liner 15L,https://www.tesco.com/groceries/en-GB/shop/household/all?department=Household%20Essentials&viewAll=department&page=,£2.50,£0.06/each,,,/groceries/en-GB/products/306503438,https://digitalcontent.api.tesco.com/v2/media/ghs/ba00bcd8-22f2-4814-989b-29a71c761c79/54d0fdb7-e15a-4384-8e37-07ab8b73707c_24826152.jpeg?h=225&w=225,
255284088,Raid Fly And Wasp Killer 300Ml,https://www.tesco.com/groceries/en-GB/shop/household/all?department=Household%20Essentials&viewAll=department&page=,£3.10,£10.34/litre,,,/groceries/en-GB/products/255284088,https://digitalcontent.api.tesco.com/v2/media/ghs/ac2c4a06-6d6c-4b71-932e-4c5e8eb22ec9/165a17e5-95f6-4961-b6b9-036508980060_1333437411.jpeg?h=225&w=225,
310145936,Tesco 20 Extra Strong Refuse Sacks 75L,https://www.tesco.com/groceries/en-GB/shop/household/all?department=Household%20Essentials&viewAll=department&page=,£3.50,£0.18/each,,,/groceries/en-GB/products/310145936,https://digitalcontent.api.tesco.com/v2/media/ghs/a463f802-f577-459b-9c3a-8a87e37f8e3b/1d99e69c-56fa-48bb-857f-7ddf5d27bb11_498285786.jpeg?h=225&w=225,
312993216,Beast Drawstring 10L Compostable Caddy Liners 16S,https://www.tesco.com/groceries/en-GB/shop/household/all?department=Household%20Essentials&viewAll=department&page=,£3.40,£0.21/each,,New,/groceries/en-GB/products/312993216,https://digitalcontent.api.tesco.com/v2/media/ghs/aa937c2b-1b4d-4d47-869f-d443286fbc53/7c227e98-956b-401c-b775-4ebe21431c03_1450419131.jpeg?h=225&w=225,
258786820,Raid Fly/Waspmosquito Killer 300Ml,https://www.tesco.com/groceries/en-GB/shop/household/all?department=Household%20Essentials&viewAll=department&page=,£3.10,£10.34/litre,,,/groceries/en-GB/products/258786820,https://digitalcontent.api.tesco.com/v2/media/ghs/e5f9f400-6956-40cb-98d8-657c7c9031e0/1cf344b1-e22e-44de-9aab-3f5a04b7e5ff_1347053255.jpeg?h=225&w=225,
305942121,Tesco 30 Pedal Bin Liners 22L,https://www.tesco.com/groceries/en-GB/shop/household/all?department=Household%20Essentials&viewAll=department&page=,£2.25,£0.08/each,,,/groceries/en-GB/products/305942121,https://digitalcontent.api.tesco.com/v2/media/ghs/63738a98-dd4f-42e2-a923-9189088a9a19/5afcfd37-aefe-4ea0-a3fc-c604fbaa106c.jpeg?h=225&w=225,
301691734,Tesco Tie Top Bin Bags 50L X 20 Pack,https://www.tesco.com/groceries/en-GB/shop/household/all?department=Household%20Essentials&viewAll=department&page=,£2.75,£0.14/each,,,/groceries/en-GB/products/301691734,https://digitalcontent.api.tesco.com/v2/media/ghs/41a83213-ae9b-4caf-ba07-3a538fa40d0c/b02d876f-18b4-4b20-9967-df9a93f02b02.jpeg?h=225&w=225,
305962039,Tesco 20 Extra Strong Drawstring Refuse Sacks 50L,https://www.tesco.com/groceries/en-GB/shop/household/all?department=Household%20Essentials&viewAll=department&page=,£2.75,£0.14/each,,,/groceries/en-GB/products/305962039,https://digitalcontent.api.tesco.com/v2/media/ghs/e88793b8-6d2e-4e51-924a-f8446efff68d/5fcba3f2-a01e-48c2-acd1-3e23cd1697ce.jpeg?h=225&w=225,
294937467,Tesco Tie Top Garden Sacks 10 Pack (80L),https://www.tesco.com/groceries/en-GB/shop/household/all?department=Household%20Essentials&viewAll=department&page=,£2.40,£0.24/each,,,/groceries/en-GB/products/294937467,https://digitalcontent.api.tesco.com/v2/media/ghs/f6763c0e-b90a-429a-ad0e-aab16191cb31/3e3bfaa0-0249-492f-b997-f1b2ec48c303.jpeg?h=225&w=225,
302429544,Tesco 10 Paper Caddy Liners,https://www.tesco.com/groceries/en-GB/shop/household/all?department=Household%20Essentials&viewAll=department&page=,£2.40,£0.24/each,,,/groceries/en-GB/products/302429544,https://digitalcontent.api.tesco.com/v2/media/ghs/2bf1a64f-477e-41d9-8f9e-ab33f7533f1c/7e451490-9c93-4514-9e70-48b31c6e0222_550588726.jpeg?h=225&w=225,
254124044,Tesco Flat Top Wheelie Bin Liners 10 Pack 240L,https://www.tesco.com/groceries/en-GB/shop/household/all?department=Household%20Essentials&viewAll=department&page=,£2.40,£0.24/each,,,/groceries/en-GB/products/254124044,https://digitalcontent.api.tesco.com/v2/media/ghs/e3df1dfa-0a15-419f-bd16-02002ce040ab/12e728d1-8dd9-4b1c-bcb1-938842a1c80c.jpeg?h=225&w=225,
278634054,7M Lint Roller,https://www.tesco.com/groceries/en-GB/shop/household/all?department=Household%20Essentials&viewAll=department&page=,£2.10,£0.04/each,,,/groceries/en-GB/products/278634054,https://digitalcontent.api.tesco.com/v2/media/ghs/18065eac-02c0-46c4-bfe6-ebf4451d4392/285f59e8-e26a-4f97-8351-1218de679d30_456934097.jpeg?h=225&w=225,
301800895,Tesco Lint Roller,https://www.tesco.com/groceries/en-GB/shop/household/all?department=Household%20Essentials&viewAll=department&page=,£2.00,£2.00/each,,,/groceries/en-GB/products/301800895,https://digitalcontent.api.tesco.com/v2/media/ghs/2fb26c8e-0372-49c4-98c5-db34d0c53c1f/b9809c5c-53fd-4dd9-a806-5fc6168adbb2_261975634.jpeg?h=225&w=225,
307949306,Curver Your Style Recycled Small Grey,https://www.tesco.com/groceries/en-GB/shop/household/all?department=Household%20Essentials&viewAll=department&page=,£2.50,£2.50/each,,,/groceries/en-GB/products/307949306,https://digitalcontent.api.tesco.com/v2/media/ghs/60304122-22a1-4be3-a2b4-5633ef354c47/2a3f7241-6675-499d-97c9-65250580d74f_1719217910.jpeg?h=225&w=225,
307949329,Curver Your Style Recycled Medium Grey,https://www.tesco.com/groceries/en-GB/shop/household/all?department=Household%20Essentials&viewAll=department&page=,£3.00,£3.00/each,,,/groceries/en-GB/products/307949329,https://digitalcontent.api.tesco.com/v2/media/ghs/2a249585-4d0a-4b2e-8e6a-1d6382b96088/000fa877-9654-4584-a2db-66390a9064d6_862773386.jpeg?h=225&w=225,
312569662,Tesco 12 Extra Strong Refuse Sacks 90L,https://www.tesco.com/groceries/en-GB/shop/household/all?department=Household%20Essentials&viewAll=department&page=,£4.00,£0.33/each,,New,/groceries/en-GB/products/312569662,https://digitalcontent.api.tesco.com/v2/media/ghs/d6bdd8ca-200e-4061-ba73-f61f52c9ea5e/47b90465-4d40-4507-a66f-8a7938a46eab_58480126.jpeg?h=225&w=225,
299355047,Zip The Firelog 700G,https://www.tesco.com/groceries/en-GB/shop/household/all?department=Household%20Essentials&viewAll=department&page=,£2.20,£3.15/kg,,,/groceries/en-GB/products/299355047,https://digitalcontent.api.tesco.com/v2/media/ghs/7a6ae578-7b1b-43b3-a883-976218064fc2/6fee6688-c2c4-4a86-8967-a3806e2f9a56_824047470.jpeg?h=225&w=225,
302442798,Tesco Drawstring Scented Bin Liners 12Lx 25Pk,https://www.tesco.com/groceries/en-GB/shop/household/all?department=Household%20Essentials&viewAll=department&page=,£1.70,£0.07/each,,,/groceries/en-GB/products/302442798,https://digitalcontent.api.tesco.com/v2/media/ghs/5f523b91-b1e5-42b0-a2d7-634d4c1a180d/6a633f90-a9fd-4136-8d59-092e8e370347_1368526182.jpeg?h=225&w=225,
302533466,Tesco Tie Top Compostable Caddy Liners 20 Pack 10L,https://www.tesco.com/groceries/en-GB/shop/household/all?department=Household%20Essentials&viewAll=department&page=,£2.00,£0.10/each,,,/groceries/en-GB/products/302533466,https://digitalcontent.api.tesco.com/v2/media/ghs/6f31d8fa-8347-46ba-bae7-2663c82adae4/fc967831-04c7-4ef0-a553-c0a324c499b2.jpeg?h=225&w=225,
311432791,Cherry Blossom Shoe Polish Black 80G,https://www.tesco.com/groceries/en-GB/shop/household/all?department=Household%20Essentials&viewAll=department&page=,£2.40,£3.00/100g,,,/groceries/en-GB/products/311432791,https://digitalcontent.api.tesco.com/v2/media/ghs/797be913-887e-427a-a532-0e3a23748c13/4b182800-5fe8-4a55-8f47-9b14e4c323fd_1814999588.jpeg?h=225&w=225,
305983066,Tesco Tie Handle Swing Bin Liners 30Pk (50L),https://www.tesco.com/groceries/en-GB/shop/household/all?department=Household%20Essentials&viewAll=department&page=,£1.75,£0.06/each,,,/groceries/en-GB/products/305983066,https://digitalcontent.api.tesco.com/v2/media/ghs/a03ef8c7-fae4-4ed3-ba66-14d3211d1775/1ea8d289-8b47-4743-9332-a0690a450e0a.jpeg?h=225&w=225,
255284157,Bryant & May Extra Long Matches Av 45 Matches,https://www.tesco.com/groceries/en-GB/shop/household/all?department=Household%20Essentials&viewAll=department&page=,£1.00,£1.00/each,,,/groceries/en-GB/products/255284157,https://digitalcontent.api.tesco.com/v2/media/ghs/7aa01252-1a6e-4b57-bb96-ec9b543bf235/eab7c538-6dd0-48a4-b5f1-1f07f9ec5346_418878595.jpeg?h=225&w=225,
254602360,The Original Cooks Matches Av 220 Matches,https://www.tesco.com/groceries/en-GB/shop/household/all?department=Household%20Essentials&viewAll=department&page=,£1.00,£0.00/each,,,/groceries/en-GB/products/254602360,https://digitalcontent.api.tesco.com/v2/media/ghs/df6e9513-e98a-4893-9fef-85a96b59c582/01302c93-9f5e-4b97-ab78-71e1c675cfea_1677737216.jpeg?h=225&w=225,
250191211,Tesco Drawstring Swing Bin Liners 50L 30Pk,https://www.tesco.com/groceries/en-GB/shop/household/all?department=Household%20Essentials&viewAll=department&page=,£1.90,£0.06/each,,,/groceries/en-GB/products/250191211,https://digitalcontent.api.tesco.com/v2/media/ghs/a992656c-9d29-4089-bf6d-4a5a6566367c/6bc28cfc-c137-41e9-8693-7317b70928fe.jpeg?h=225&w=225,
285160152,Tesco Soft Grip Pegs 24 Pack,https://www.tesco.com/groceries/en-GB/shop/household/all?department=Household%20Essentials&viewAll=department&page=,£2.00,£0.08/each,,,/groceries/en-GB/products/285160152,https://digitalcontent.api.tesco.com/v2/media/ghs/060998e6-d129-49e9-93e4-9da9a4c3bde2/2e10d816-516f-4ee0-8cf3-6eb1fa7e1b41_1300935789.jpeg?h=225&w=225,
273772520,Tesco Wooden Storm Pegs 24 Pack,https://www.tesco.com/groceries/en-GB/shop/household/all?department=Household%20Essentials&viewAll=department&page=,£2.00,£0.08/each,,,/groceries/en-GB/products/273772520,https://digitalcontent.api.tesco.com/v2/media/ghs/94b441d9-61f4-46be-8a5d-0ad961abf1f6/3161449b-fb84-4f68-98c4-1f89ae20e36a_1033579841.jpeg?h=225&w=225,
312994517,Springforce Bin Liners 30 Pack,https://www.tesco.com/groceries/en-GB/shop/household/all?department=Household%20Essentials&viewAll=department&page=,£0.95,£0.03/each,,,/groceries/en-GB/products/312994517,https://digitalcontent.api.tesco.com/v2/media/ghs/48abdbf4-287f-44f2-9b1a-68ed80fb1419/d81829d4-6350-4bd8-92a4-f72053dd3804_1911610177.jpeg?h=225&w=225,
310019378,Tesco Wire Stacking Basket Large Black,https://www.tesco.com/groceries/en-GB/shop/household/all?department=Household%20Essentials&viewAll=department&page=,£10.00,£10.00/each,,,/groceries/en-GB/products/310019378,https://digitalcontent.api.tesco.com/v2/media/ghs/29acef53-897d-422f-889b-416c3b9744b3/3e30a038-e334-4495-a1aa-e531f7c3aefb_1897646900.jpeg?h=225&w=225,
301680816,Tesco Water Hyacinth Medium Storage Basket,https://www.tesco.com/groceries/en-GB/shop/household/all?department=Household%20Essentials&viewAll=department&page=,£10.00,£10.00/each,,,/groceries/en-GB/products/301680816,https://digitalcontent.api.tesco.com/v2/media/ghs/466cda35-9225-4105-aff8-7194edb6d404/59ab1fbe-1c0d-43cf-8e42-468e8fb4bb30_1604365831.jpeg?h=225&w=225,
312233155,Tontarelli Rhino Box With Lid 15L,https://www.tesco.com/groceries/en-GB/shop/household/all?department=Household%20Essentials&viewAll=department&page=,£9.00,£9.00/each,,New,/groceries/en-GB/products/312233155,https://digitalcontent.api.tesco.com/v2/media/ghs-mktg/b0b04216-fa73-466d-a9d7-c9fcfa1ce9b3/no-image.jpeg,
307278086,Mighty Mat Charcoal Barrier Mat 40 X 60Cm,https://www.tesco.com/groceries/en-GB/shop/household/all?department=Household%20Essentials&viewAll=department&page=,£6.00,£6.00/each,,,/groceries/en-GB/products/307278086,https://digitalcontent.api.tesco.com/v2/media/ghs/3f7e5a93-e9de-41ca-92ba-c1235fbe48fa/4cf2461a-f3b9-4162-b718-abf499469217_1644711471.jpeg?h=225&w=225,
305975789,Tesco 10 Extra Strong Diy Sacks 45L,https://www.tesco.com/groceries/en-GB/shop/household/all?department=Household%20Essentials&viewAll=department&page=,£3.80,£0.38/each,,,/groceries/en-GB/products/305975789,https://digitalcontent.api.tesco.com/v2/media/ghs/bddd7f7b-c5d8-4df6-bde4-fa2e7b7cf32f/a390c1b2-5140-4965-8729-08ac260978e9_1831761961.jpeg?h=225&w=225,
301680822,Tesco Water Hyacinth Small Storage Basket,https://www.tesco.com/groceries/en-GB/shop/household/all?department=Household%20Essentials&viewAll=department&page=,£6.00,£6.00/each,,,/groceries/en-GB/products/301680822,https://digitalcontent.api.tesco.com/v2/media/ghs/9aec1906-b1ef-4be6-a5de-2c622951b253/dcecb978-ea92-41db-b625-366322eb3aa9_1302840546.jpeg?h=225&w=225,
307153343,Lumiere Refillable Candle Lighter,https://www.tesco.com/groceries/en-GB/shop/household/all?department=Household%20Essentials&viewAll=department&page=,£3.15,£3.15/each,,,/groceries/en-GB/products/307153343,https://digitalcontent.api.tesco.com/v2/media/ghs/c2e7d75e-40bc-4acc-8b1c-2170e8875ccb/snapshotimagehandler_612861663.jpeg?h=225&w=225,
297624222,Tesco Radiator Clothes Airer Pack Of 3,https://www.tesco.com/groceries/en-GB/shop/household/all?department=Household%20Essentials&viewAll=department&page=,£5.00,£1.67/each,,,/groceries/en-GB/products/297624222,https://digitalcontent.api.tesco.com/v2/media/ghs/ee0e385c-a3c1-4184-be46-4bba0f010185/85de0e87-e678-4039-8fb5-64b710e86b39_197642471.jpeg?h=225&w=225,
307053790,Tesco Wire Hanging Shelf Mug Storage,https://www.tesco.com/groceries/en-GB/shop/household/all?department=Household%20Essentials&viewAll=department&page=,£5.00,£5.00/each,,,/groceries/en-GB/products/307053790,https://digitalcontent.api.tesco.com/v2/media/ghs/fd23cee8-adf9-4a96-84d2-0293edf69fac/9f52ee0d-3a50-4c3c-9cd8-3273db589adb_1257584669.jpeg?h=225&w=225,
310019453,Tesco Fabric Storage Bag Large,https://www.tesco.com/groceries/en-GB/shop/household/all?department=Household%20Essentials&viewAll=department&page=,£5.00,£5.00/each,,,/groceries/en-GB/products/310019453,https://digitalcontent.api.tesco.com/v2/media/ghs/22f78c8f-27fe-423c-9656-7f526d5308fc/e1e22ed2-1b58-4dca-b013-b3b94f181d2b_1938343946.jpeg?h=225&w=225,
310019467,Tesco Fabric Underbed Storage Bag,https://www.tesco.com/groceries/en-GB/shop/household/all?department=Household%20Essentials&viewAll=department&page=,£5.00,£5.00/each,,,/groceries/en-GB/products/310019467,https://digitalcontent.api.tesco.com/v2/media/ghs/a1c514fc-1d99-472a-8216-572237c95681/2da44d9d-7be3-4cad-8653-4d2c6c595c74_424185305.jpeg?h=225&w=225,
262546137,Profoot Double Cushion Insoles 1 Pair,https://www.tesco.com/groceries/en-GB/shop/household/all?department=Household%20Essentials&viewAll=department&page=,£4.00,£4.00/Pair,,,/groceries/en-GB/products/262546137,https://digitalcontent.api.tesco.com/v2/media/ghs/cd574cad-cdfc-4af8-a18c-437fbd9e74a7/26325abf-5a6c-4230-80f7-2f72bd11f531_1241014762.jpeg?h=225&w=225,
310772458,Mighty Mat Hello Navy Washable Mat 40 X 60Cm,https://www.tesco.com/groceries/en-GB/shop/household/all?department=Household%20Essentials&viewAll=department&page=,£4.00,£4.00/each,Reduced to Clear Was £5.00 Now £4.00,,/groceries/en-GB/products/310772458,https://digitalcontent.api.tesco.com/v2/media/ghs/13680bbd-c080-4d28-af29-f3f9f441158b/107f4158-10a0-44f8-b857-587bb01e3b4a_1955250693.jpeg?h=225&w=225,
296243530,Johnson Raid Moth Paper 12 Pack,https://www.tesco.com/groceries/en-GB/shop/household/all?department=Household%20Essentials&viewAll=department&page=,£3.30,£0.28/each,,,/groceries/en-GB/products/296243530,https://digitalcontent.api.tesco.com/v2/media/ghs/8f4bf510-771b-4b4b-9042-13704a464335/3e26d667-f644-4432-8ed2-dc4aa58dd40b_564354993.jpeg?h=225&w=225,
264237805,Pet Lint Roller Refill 2 X 4.9M (Fragranced),https://www.tesco.com/groceries/en-GB/shop/household/all?department=Household%20Essentials&viewAll=department&page=,£3.25,£0.10/each,,,/groceries/en-GB/products/264237805,https://digitalcontent.api.tesco.com/v2/media/ghs/85335db0-4188-4cd8-9d70-b58d48c58630/f79b99eb-a5c1-44aa-a8f8-816b2a0b90ff_562353109.jpeg?h=225&w=225,
308901298,Hinch Doormat,https://www.tesco.com/groceries/en-GB/shop/household/all?department=Household%20Essentials&viewAll=department&page=,£4.00,£4.00/each,,,/groceries/en-GB/products/308901298,https://digitalcontent.api.tesco.com/v2/media/ghs/6e057944-6622-45ef-a9af-f209b6438d8f/f08447bf-48d0-4af4-a400-fcf1cc89b6f3_731441193.jpeg?h=225&w=225,
251995969,Odor-Eaters Ultra Comfort 1 Pair,https://www.tesco.com/groceries/en-GB/shop/household/all?department=Household%20Essentials&viewAll=department&page=,£3.75,£3.75/Pair,,,/groceries/en-GB/products/251995969,https://digitalcontent.api.tesco.com/v2/media/ghs/074504a9-d29d-4a72-bb52-641150955966/e46e431e-44c1-4c99-90ed-22adaf23b61a_1493849919.jpeg?h=225&w=225,
252834938,Odor-Eaters Foot & Shoe Spray 150Ml,https://www.tesco.com/groceries/en-GB/shop/household/all?department=Household%20Essentials&viewAll=department&page=,£4.00,£2.67/100ml,,,/groceries/en-GB/products/252834938,https://digitalcontent.api.tesco.com/v2/media/ghs/cf554e48-e687-4eef-89d9-72bfb2800348/98e0de68-3634-4331-b464-5412d51b6214_1616083947.jpeg?h=225&w=225,
310600717,Curver Your Style Recycled Large Blush,https://www.tesco.com/groceries/en-GB/shop/household/all?department=Household%20Essentials&viewAll=department&page=,£4.00,£4.00/each,,,/groceries/en-GB/products/310600717,https://digitalcontent.api.tesco.com/v2/media/ghs/464a56a7-c125-4d16-9c43-ec46694db47d/c575771e-568e-4c37-998d-084c2c945503_349604220.jpeg?h=225&w=225,
310600726,Curver Your Style Recycled Large Off White,https://www.tesco.com/groceries/en-GB/shop/household/all?department=Household%20Essentials&viewAll=department&page=,£4.00,£4.00/each,,,/groceries/en-GB/products/310600726,https://digitalcontent.api.tesco.com/v2/media/ghs/b2f8164b-b9d5-49ad-aa33-a5622f961f3a/325eabc8-3a80-4aa5-bf42-62deebe389de_1572719143.jpeg?h=225&w=225,
273772917,Tesco Hangers 6 Pack Grey,https://www.tesco.com/groceries/en-GB/shop/household/all?department=Household%20Essentials&viewAll=department&page=,£3.00,£0.50/each,,,/groceries/en-GB/products/273772917,https://digitalcontent.api.tesco.com/v2/media/ghs/0b9454c1-a58a-4dc0-ad0d-2da066b7b524/8500c390-d7b8-4108-b29a-27f5efaadc82.jpeg?h=225&w=225,
252775762,Raid Ant Plus Cockroach Killer 300Ml,https://www.tesco.com/groceries/en-GB/shop/household/all?department=Household%20Essentials&viewAll=department&page=,£3.10,£10.34/litre,,,/groceries/en-GB/products/252775762,https://digitalcontent.api.tesco.com/v2/media/ghs/1f951984-1433-4045-8177-62eb52a2b2cd/c40fbdda-f797-4e5e-bc67-05af7ee393e6_1730273868.jpeg?h=225&w=225,
312356211,Tontarelli Rhino Box With Lid 6L,https://www.tesco.com/groceries/en-GB/shop/household/all?department=Household%20Essentials&viewAll=department&page=,£4.00,£4.00/each,,New,/groceries/en-GB/products/312356211,https://digitalcontent.api.tesco.com/v2/media/ghs-mktg/b0b04216-fa73-466d-a9d7-c9fcfa1ce9b3/no-image.jpeg,
273772595,Tesco Hangers 40 Pack Black,https://www.tesco.com/groceries/en-GB/shop/household/all?department=Household%20Essentials&viewAll=department&page=,£6.50,£0.16/each,,,/groceries/en-GB/products/273772595,https://digitalcontent.api.tesco.com/v2/media/ghs/e70c6c05-7129-4df6-a0d1-a2d48f4e9b64/02c71984-8308-42b7-b54d-9c4800d5e439_1712352223.jpeg?h=225&w=225,
311422549,Cherry Blossom Ready Wax Black 85Ml,https://www.tesco.com/groceries/en-GB/shop/household/all?department=Household%20Essentials&viewAll=department&page=,£2.60,£3.06/100ml,,,/groceries/en-GB/products/311422549,https://digitalcontent.api.tesco.com/v2/media/ghs/ce09b376-810a-43cf-8f20-94ba785f05a9/113e8296-efd0-4629-862d-dea706bf0655_946014605.jpeg?h=225&w=225,
288421654,Chalk Wheel,https://www.tesco.com/groceries/en-GB/shop/household/all?department=Household%20Essentials&viewAll=department&page=,£3.20,£3.20/each,,,/groceries/en-GB/products/288421654,https://digitalcontent.api.tesco.com/v2/media/ghs/09bc8270-5fa0-43db-8730-a59b0401415d/7eb845ff-828f-400d-9787-7aa87213fb9e_1158296382.jpeg?h=225&w=225,
288421648,Pin Cushion,https://www.tesco.com/groceries/en-GB/shop/household/all?department=Household%20Essentials&viewAll=department&page=,£3.20,£3.20/each,,,/groceries/en-GB/products/288421648,https://digitalcontent.api.tesco.com/v2/media/ghs/51e494d3-defa-411e-8e59-6d915d27807b/6539d45f-8cbe-46a0-809e-0f560e694e55_1141246363.jpeg?h=225&w=225,
307053853,Tesco Soft Touch Hangers 10 Pack,https://www.tesco.com/groceries/en-GB/shop/household/all?department=Household%20Essentials&viewAll=department&page=,£4.00,£0.40/each,,,/groceries/en-GB/products/307053853,https://digitalcontent.api.tesco.com/v2/media/ghs/fee891ec-9ed5-4487-be66-eeedc4127a47/a286d029-5d4a-4f7a-9dc0-d8729b1e84fe_1940148207.jpeg?h=225&w=225,
311438116,Cherry Blossom Platinum Shine & Go Deluxe Black 6Ml,https://www.tesco.com/groceries/en-GB/shop/household/all?department=Household%20Essentials&viewAll=department&page=,£2.75,£45.84/100ml,,,/groceries/en-GB/products/311438116,https://digitalcontent.api.tesco.com/v2/media/ghs/b42f0c79-7038-4877-84b9-3bcd95aa60a2/2b7beb04-0755-4462-b6a7-ad3f535cb455_2093147299.jpeg?h=225&w=225,
310605934,Curver Your Style Recycled Small Off White,https://www.tesco.com/groceries/en-GB/shop/household/all?department=Household%20Essentials&viewAll=department&page=,£2.50,£2.50/each,,,/groceries/en-GB/products/310605934,https://digitalcontent.api.tesco.com/v2/media/ghs/7dda2ad3-ff83-40e7-a05b-63c99449fef7/69d908cd-3e1b-4e06-9a43-2b240b304fae_1272502560.jpeg?h=225&w=225,
310600703,Curver Your Style Recycled Medium Off White,https://www.tesco.com/groceries/en-GB/shop/household/all?department=Household%20Essentials&viewAll=department&page=,£3.00,£3.00/each,,,/groceries/en-GB/products/310600703,https://digitalcontent.api.tesco.com/v2/media/ghs/e9560df9-2e47-4e57-96d3-85b7d8d7aa28/5b11e12e-c456-4a02-b4b4-4e815e50d519_658897807.jpeg?h=225&w=225,
297467730,Tesco 10 Pack Wooden Hanger,https://www.tesco.com/groceries/en-GB/shop/household/all?department=Household%20Essentials&viewAll=department&page=,£6.00,£0.60/each,,,/groceries/en-GB/products/297467730,https://digitalcontent.api.tesco.com/v2/media/ghs/860a17a6-b3a7-425f-ab9d-7c325df24e17/3d3d7d79-5289-485a-b860-be19a398cbe3_2101729104.jpeg?h=225&w=225,
307632560,Wham Studio 4.02 Grey,https://www.tesco.com/groceries/en-GB/shop/household/all?department=Household%20Essentials&viewAll=department&page=,£2.50,£2.50/each,,,/groceries/en-GB/products/307632560,https://digitalcontent.api.tesco.com/v2/media/ghs/bd4abdbb-ac33-403b-b139-9c5a16fa89ef/74da98dc-9023-4bda-b9fc-d842c130986a_1168593885.jpeg?h=225&w=225,
255289970,Korbond Needles Machine,https://www.tesco.com/groceries/en-GB/shop/household/all?department=Household%20Essentials&viewAll=department&page=,£1.80,£0.30/each,,,/groceries/en-GB/products/255289970,https://digitalcontent.api.tesco.com/v2/media/ghs/243f559c-45d4-42fd-837b-696f90ed6dac/432e716b-22f4-4f84-b3f5-f486eb99cc69_845960346.jpeg?h=225&w=225,
307632599,Wham Studio 4.02 White,https://www.tesco.com/groceries/en-GB/shop/household/all?department=Household%20Essentials&viewAll=department&page=,£2.50,£2.50/each,,,/groceries/en-GB/products/307632599,https://digitalcontent.api.tesco.com/v2/media/ghs/767c4567-d806-4520-8a07-11cc8e1aea84/d4a4ccc7-46bf-41d4-aa5f-b4364975638a_1454682900.jpeg?h=225&w=225,
310600686,Curver Your Style Recycled Small Blush,https://www.tesco.com/groceries/en-GB/shop/household/all?department=Household%20Essentials&viewAll=department&page=,£2.50,£2.50/each,,,/groceries/en-GB/products/310600686,https://digitalcontent.api.tesco.com/v2/media/ghs/61e3485a-9e82-4697-a223-00b0274916fd/b48445ac-ad10-4879-b343-898ce993ff5e_708679154.jpeg?h=225&w=225,
311201327,Cherry Blossom Regimental Gloss Black Shoe Polish 40G,https://www.tesco.com/groceries/en-GB/shop/household/all?department=Household%20Essentials&viewAll=department&page=,£2.10,£5.25/100g,,,/groceries/en-GB/products/311201327,https://digitalcontent.api.tesco.com/v2/media/ghs/abe4b2fe-1921-4473-996b-e1f3123f0f5f/0b44d40e-c12d-4e23-9d52-c51c6c6be28e_361644026.jpeg?h=225&w=225,
311252197,Cherry Blossom Regimental Gloss Dark Tan Polish 40G,https://www.tesco.com/groceries/en-GB/shop/household/all?department=Household%20Essentials&viewAll=department&page=,£2.10,£5.25/100g,,,/groceries/en-GB/products/311252197,https://digitalcontent.api.tesco.com/v2/media/ghs/8e6646a8-f5b4-456f-8cc3-40c86fbe501d/2a682dba-e639-48f7-857a-96ce380c44bc_1033821361.jpeg?h=225&w=225,
310019574,Tesco Neo Non Slip Hangers Grey 4 Pack,https://www.tesco.com/groceries/en-GB/shop/household/all?department=Household%20Essentials&viewAll=department&page=,£3.00,£0.75/each,,,/groceries/en-GB/products/310019574,https://digitalcontent.api.tesco.com/v2/media/ghs/d0ef6158-747c-460d-80e3-22bc6ed291bf/117a1138-15d5-4f06-ad8b-33b7db2ec0b0_2135054926.jpeg?h=225&w=225,
310600692,Curver Your Style Recycled Medium Blush,https://www.tesco.com/groceries/en-GB/shop/household/all?department=Household%20Essentials&viewAll=department&page=,£3.00,£3.00/each,,,/groceries/en-GB/products/310600692,https://digitalcontent.api.tesco.com/v2/media/ghs/62c733de-d9c6-48bb-a7ed-aa2ab55f11e5/68e271da-d054-43d2-a666-35a14db308ab_480204590.jpeg?h=225&w=225,
307632554,Wham Studio 4.01 Grey,https://www.tesco.com/groceries/en-GB/shop/household/all?department=Household%20Essentials&viewAll=department&page=,£2.00,£2.00/each,,,/groceries/en-GB/products/307632554,https://digitalcontent.api.tesco.com/v2/media/ghs/80881924-27b9-44a2-a4c0-51faa5694388/120aef98-51cb-4719-976c-fac9f582861f_1113242222.jpeg?h=225&w=225,
307632583,Wham Studio 4.01 White,https://www.tesco.com/groceries/en-GB/shop/household/all?department=Household%20Essentials&viewAll=department&page=,£2.00,£2.00/each,,,/groceries/en-GB/products/307632583,https://digitalcontent.api.tesco.com/v2/media/ghs/2bfff377-1c01-4eaf-b78f-6d6cba5b6b60/f02a8b2b-34b7-44f0-9193-c1312c592f4f_1025904721.jpeg?h=225&w=225,
261909626,Iron On Hook & Loop,https://www.tesco.com/groceries/en-GB/shop/household/all?department=Household%20Essentials&viewAll=department&page=,£2.10,£2.10/each,,,/groceries/en-GB/products/261909626,https://digitalcontent.api.tesco.com/v2/media/ghs/91cf9711-26c6-4e2e-85c2-bd5edfc046b1/59004c2e-4e20-4ea5-9511-bbb92001f78a_1834481416.jpeg?h=225&w=225,
311437745,Cherry Blossom Regimental Gloss Tan Shoe Polish 40G,https://www.tesco.com/groceries/en-GB/shop/household/all?department=Household%20Essentials&viewAll=department&page=,£2.10,£5.25/100g,,,/groceries/en-GB/products/311437745,https://digitalcontent.api.tesco.com/v2/media/ghs/9837fc6f-9567-4260-85c1-bd9505299fa3/a2f8a79b-607c-4f13-8756-d859d1c618f4_1287702046.jpeg?h=225&w=225,
307053899,Tesco Pegs 36Pk,https://www.tesco.com/groceries/en-GB/shop/household/all?department=Household%20Essentials&viewAll=department&page=,£1.50,£0.04/each,,,/groceries/en-GB/products/307053899,https://digitalcontent.api.tesco.com/v2/media/ghs/89ee00b0-1be8-4f6b-8b66-7688564a3099/6bda3224-0670-4035-a48f-6d03a7950b65_1610601082.jpeg?h=225&w=225,
302214216,Rubber Scraper,https://www.tesco.com/groceries/en-GB/shop/household/all?department=Household%20Essentials&viewAll=department&page=,£12.00,£12.00/each,,,/groceries/en-GB/products/302214216,https://digitalcontent.api.tesco.com/v2/media/ghs/7603825d-71f8-47d6-9c1e-e8f3833b7e48/139f82d2-df33-4f1c-8643-4492f5cf0af1_2032563887.jpeg?h=225&w=225,
307573554,Hinch In Drawer Organiser 3 Pack,https://www.tesco.com/groceries/en-GB/shop/household/all?department=Household%20Essentials&viewAll=department&page=,£10.00,£3.34/each,£7.50 Clubcard Price,,/groceries/en-GB/products/307573554,https://digitalcontent.api.tesco.com/v2/media/ghs/3958eb23-7b26-49d8-baca-a5440dc39442/0de4bab5-7646-4a70-8f57-433658f3257b_817673323.jpeg?h=225&w=225,
302253653,Minky Smart Fit Ironing Board Cover Pearl,https://www.tesco.com/groceries/en-GB/shop/household/all?department=Household%20Essentials&viewAll=department&page=,£10.00,£10.00/each,,,/groceries/en-GB/products/302253653,https://digitalcontent.api.tesco.com/v2/media/ghs/9e3d0be9-4e8d-4773-ab7e-266e802f2a09/e7ec0f74-09fe-4da9-a084-ca39877ee017_1767652524.jpeg?h=225&w=225,
302253630,Minky Smart Fit Ironing Board Cover Blue,https://www.tesco.com/groceries/en-GB/shop/household/all?department=Household%20Essentials&viewAll=department&page=,£8.00,£8.00/each,,,/groceries/en-GB/products/302253630,https://digitalcontent.api.tesco.com/v2/media/ghs/5fc5f837-42e8-4ed7-9636-9a38e986f822/5f3380fa-1e78-4681-a4bc-ddfc5d75f2c1_1788974497.jpeg?h=225&w=225,
303669649,Minky Peg Pod,https://www.tesco.com/groceries/en-GB/shop/household/all?department=Household%20Essentials&viewAll=department&page=,£10.00,£10.00/each,,,/groceries/en-GB/products/303669649,https://digitalcontent.api.tesco.com/v2/media/ghs/91704d74-edc8-42f5-bebe-c17c895802e4/b8a4ae21-f833-4bc3-ade5-575b409a044b_1164467586.jpeg?h=225&w=225,
310019384,Tesco Wire Stacking Basket Small Black,https://www.tesco.com/groceries/en-GB/shop/household/all?department=Household%20Essentials&viewAll=department&page=,£7.50,£7.50/each,,,/groceries/en-GB/products/310019384,https://digitalcontent.api.tesco.com/v2/media/ghs/5da732a8-152f-4e78-a30c-dfd5bad864ae/c99f7fcf-5f6c-4757-b014-e01d7fa1ce44_1843590590.jpeg?h=225&w=225,
312233345,Cherry Blossom Shoe Protector 200Ml,https://www.tesco.com/groceries/en-GB/shop/household/all?department=Household%20Essentials&viewAll=department&page=,£5.25,£2.63/100ml,,,/groceries/en-GB/products/312233345,https://digitalcontent.api.tesco.com/v2/media/ghs/40c72d8d-cc5c-42d7-8a61-0760e98f2e55/ce46d899-e1c1-434f-a29d-ad38a552c6f1_318757716.jpeg?h=225&w=225,
310708398,Embroidery Kit Assortment,https://www.tesco.com/groceries/en-GB/shop/household/all?department=Household%20Essentials&viewAll=department&page=,£5.99,£5.99/each,,,/groceries/en-GB/products/310708398,https://digitalcontent.api.tesco.com/v2/media/ghs/8eb61003-f6f4-404e-a384-5f0cbfdf982a/ddec7a4b-778c-4035-a92b-ced09e396490_1738295538.jpeg?h=225&w=225,
310019580,Tesco Stainless Steel Extendable Radiator Airer,https://www.tesco.com/groceries/en-GB/shop/household/all?department=Household%20Essentials&viewAll=department&page=,£9.00,£9.00/each,,,/groceries/en-GB/products/310019580,https://digitalcontent.api.tesco.com/v2/media/ghs/7c4f3d1f-bdb1-4da4-81a0-74dec2a96319/33419308-7f26-4d9f-8e8f-802dd9ad02c6_1311747676.jpeg?h=225&w=225,
312358105,Mighty Mat Charcoal Washable Welcome Mat 40X60,https://www.tesco.com/groceries/en-GB/shop/household/all?department=Household%20Essentials&viewAll=department&page=,£5.00,£5.00/each,,,/groceries/en-GB/products/312358105,https://digitalcontent.api.tesco.com/v2/media/ghs/7c922af0-eeec-4a2d-87a2-2616e0eff3b5/c6bc8d99-38a3-4566-82dc-9a1cd7a9c722_492617580.jpeg?h=225&w=225,
310720526,Mighty Mat Paws Washable Mat 40 X 60Cm,https://www.tesco.com/groceries/en-GB/shop/household/all?department=Household%20Essentials&viewAll=department&page=,£5.00,£5.00/each,,,/groceries/en-GB/products/310720526,https://digitalcontent.api.tesco.com/v2/media/ghs/ebb0af23-74ca-44fd-84d1-a95cb13038a0/8403b083-48c5-4bcd-8597-75ca5acd5dca_1811343754.jpeg?h=225&w=225,
274391600,Profoot Lambswool Insole 1 Pair,https://www.tesco.com/groceries/en-GB/shop/household/all?department=Household%20Essentials&viewAll=department&page=,£4.00,£4.00/Pair,,,/groceries/en-GB/products/274391600,https://digitalcontent.api.tesco.com/v2/media/ghs/b0ebae04-1dd8-4ae7-9f71-949bdb645b44/1c51c9be-c6fb-4281-a86a-27721357ec37_879660465.jpeg?h=225&w=225,
304847989,Tesco Over Door Hooks Chrome,https://www.tesco.com/groceries/en-GB/shop/household/all?department=Household%20Essentials&viewAll=department&page=,£5.00,£5.00/each,,,/groceries/en-GB/products/304847989,https://digitalcontent.api.tesco.com/v2/media/ghs/6436ee97-556d-4262-9205-3d04196f3820/b54cd8a9-ef63-434e-8064-6a40a45d22a3_1633697678.jpeg?h=225&w=225,
310576420,Minky Easy Tie Ironing Board Cover,https://www.tesco.com/groceries/en-GB/shop/household/all?department=Household%20Essentials&viewAll=department&page=,£5.00,£5.00/each,,,/groceries/en-GB/products/310576420,https://digitalcontent.api.tesco.com/v2/media/ghs/957a72f8-f2d7-44d0-91f9-0de899e9e576/2fd4a28d-a059-428c-b36a-6d73841f1e7b_537647125.jpeg?h=225&w=225,
304847817,Mighty Mat Scraper Mat 40 X 60Cm,https://www.tesco.com/groceries/en-GB/shop/household/all?department=Household%20Essentials&viewAll=department&page=,£4.00,£4.00/each,,,/groceries/en-GB/products/304847817,https://digitalcontent.api.tesco.com/v2/media/ghs/544eac99-ccc5-4f0a-950f-f37c8509f7ca/3d08dde0-e484-4e8f-a557-46793f13209a_741437679.jpeg?h=225&w=225,
304847950,Tesco Wire Hanging Shelf Storage,https://www.tesco.com/groceries/en-GB/shop/household/all?department=Household%20Essentials&viewAll=department&page=,£5.00,£5.00/each,,,/groceries/en-GB/products/304847950,https://digitalcontent.api.tesco.com/v2/media/ghs/2947632b-1bb7-4d18-8404-a760dbba08ec/d9d025a3-e203-470e-b7f5-15f5e1242157_797303107.jpeg?h=225&w=225,
264237788,Pet Lint Roller 4.9M (Fragranced),https://www.tesco.com/groceries/en-GB/shop/household/all?department=Household%20Essentials&viewAll=department&page=,£3.20,£0.10/each,,,/groceries/en-GB/products/264237788,https://digitalcontent.api.tesco.com/v2/media/ghs/5ff04f82-da05-48c8-8211-e1efa9ee6175/231a9385-a7e6-4c13-b2e1-9ce6447783e1_1125363930.jpeg?h=225&w=225,
287218192,Double Sided Lint Brush,https://www.tesco.com/groceries/en-GB/shop/household/all?department=Household%20Essentials&viewAll=department&page=,£3.20,£3.20/each,,,/groceries/en-GB/products/287218192,https://digitalcontent.api.tesco.com/v2/media/ghs/8ac18f06-1c57-42b8-8937-c90112df43ad/0957e00e-29dc-4828-8387-1f478e48f057_82763189.jpeg?h=225&w=225,
288421732,3Pcs Crochet Hook,https://www.tesco.com/groceries/en-GB/shop/household/all?department=Household%20Essentials&viewAll=department&page=,£3.20,£3.20/each,,,/groceries/en-GB/products/288421732,https://digitalcontent.api.tesco.com/v2/media/ghs/778c24e3-0936-4868-b874-364d6f8104d0/2104b20b-ff57-4af3-8964-ca87584d2d35_1561981025.jpeg?h=225&w=225,
258196435,Korbond General Purpose Scissors 5Inches,https://www.tesco.com/groceries/en-GB/shop/household/all?department=Household%20Essentials&viewAll=department&page=,£3.20,£3.20/each,,,/groceries/en-GB/products/258196435,https://digitalcontent.api.tesco.com/v2/media/ghs/e1080265-e57d-4064-8259-7709f23221ac/e3ed8ddc-edac-4f42-b665-64728e8bcedd_630076872.jpeg?h=225&w=225,
307053824,Tesco Wooden Space Saving Hangers 4 Pack,https://www.tesco.com/groceries/en-GB/shop/household/all?department=Household%20Essentials&viewAll=department&page=,£5.00,£1.25/each,,,/groceries/en-GB/products/307053824,https://digitalcontent.api.tesco.com/v2/media/ghs/9dfe3b7d-255e-4a75-b6dc-d488c806fa14/8e32fc49-c283-4f37-8ac1-8910ef47c647_523719169.jpeg?h=225&w=225,
307632600,Wham Studio 5.02 White,https://www.tesco.com/groceries/en-GB/shop/household/all?department=Household%20Essentials&viewAll=department&page=,£4.00,£4.00/each,,,/groceries/en-GB/products/307632600,https://digitalcontent.api.tesco.com/v2/media/ghs/251bff59-252b-48fc-9977-7d6501b732ca/4facbe97-0ea9-42e3-9fc2-d0a9dc190277_1289283324.jpeg?h=225&w=225,
256795236,Hemming Web 20M,https://www.tesco.com/groceries/en-GB/shop/household/all?department=Household%20Essentials&viewAll=department&page=,£3.20,£0.16/metre,,,/groceries/en-GB/products/256795236,https://digitalcontent.api.tesco.com/v2/media/ghs/5c59c48c-7893-44fa-9d99-56f3a130d075/7b74cd05-8091-40a4-be90-dd872869c71d_1625951340.jpeg?h=225&w=225,
288421692,Fastener Pack,https://www.tesco.com/groceries/en-GB/shop/household/all?department=Household%20Essentials&viewAll=department&page=,£3.20,£3.20/each,,,/groceries/en-GB/products/288421692,https://digitalcontent.api.tesco.com/v2/media/ghs/6513ee89-d5d1-4195-be76-7a9d69141079/1acebf24-acc6-4128-aad8-125b0d4a77da_1153741263.jpeg?h=225&w=225,
278798188,Washbag Twinpack,https://www.tesco.com/groceries/en-GB/shop/household/all?department=Household%20Essentials&viewAll=department&page=,£3.20,£1.60/each,,,/groceries/en-GB/products/278798188,https://digitalcontent.api.tesco.com/v2/media/ghs/88aa8304-872d-4a43-8846-a396206947d8/1c1bfb9c-f48b-4918-ad42-e17cce1286d4_301698029.jpeg?h=225&w=225,
275866274,Minky Sure Grip Pegs 24 Pack,https://www.tesco.com/groceries/en-GB/shop/household/all?department=Household%20Essentials&viewAll=department&page=,£5.00,£0.21/each,,,/groceries/en-GB/products/275866274,https://digitalcontent.api.tesco.com/v2/media/ghs/6eecc24c-2a2a-4cbb-ba25-e295f4fad921/d7d84c8d-6078-44e5-b243-ee50c71fe3ba_2033792971.jpeg?h=225&w=225,
312225009,Cherry Blossom Shoe Care Brush Set,https://www.tesco.com/groceries/en-GB/shop/household/all?department=Household%20Essentials&viewAll=department&page=,£3.95,£3.95/each,,,/groceries/en-GB/products/312225009,https://digitalcontent.api.tesco.com/v2/media/ghs/5409e6e4-2e2b-4859-8f42-3cab2dc6b3a4/92cb7469-6be9-4fc2-89de-c2b8b871a232_1615757058.jpeg?h=225&w=225,
311269621,Cherry Blossom Platinum Shine & Go Deluxe Neutra6ml,https://www.tesco.com/groceries/en-GB/shop/household/all?department=Household%20Essentials&viewAll=department&page=,£2.75,£45.84/100ml,,,/groceries/en-GB/products/311269621,https://digitalcontent.api.tesco.com/v2/media/ghs/c03ae5f2-a381-4ff7-b4c3-ef9b672b6b56/d98a88f8-e5e3-4702-bdfd-30bb6f72264f_737284793.jpeg?h=225&w=225,
278634043,Embroidery Floss Dark,https://www.tesco.com/groceries/en-GB/shop/household/all?department=Household%20Essentials&viewAll=department&page=,£3.10,£0.31/each,,,/groceries/en-GB/products/278634043,https://digitalcontent.api.tesco.com/v2/media/ghs/db2510ca-042f-44c7-9b1a-b28892abf7e1/228dc428-9956-4601-8a16-d169c6c54451_1870133564.jpeg?h=225&w=225,
312584516,Minky Stripe Power Clean Mop Refill,https://www.tesco.com/groceries/en-GB/shop/household/all?department=Household%20Essentials&viewAll=department&page=,£3.00,£3.00/each,,,/groceries/en-GB/products/312584516,https://digitalcontent.api.tesco.com/v2/media/ghs/c5e37c18-c990-4c1b-b79c-a9bde44925e6/c22792ed-b823-41ec-8b92-9af4cd52386c_1107251963.jpeg?h=225&w=225,
255289814,Silver Safety Pins,https://www.tesco.com/groceries/en-GB/shop/household/all?department=Household%20Essentials&viewAll=department&page=,£2.10,£0.04/each,,,/groceries/en-GB/products/255289814,https://digitalcontent.api.tesco.com/v2/media/ghs/1331a764-b7e9-48a1-b056-edee53447157/ce4af279-0ba9-42c6-8e6e-92ee52b64aae_2137072168.jpeg?h=225&w=225,
297467724,Tesco 3 Pack Wooden Hanger,https://www.tesco.com/groceries/en-GB/shop/household/all?department=Household%20Essentials&viewAll=department&page=,£3.00,£1.00/each,,,/groceries/en-GB/products/297467724,https://digitalcontent.api.tesco.com/v2/media/ghs/505999b8-9ae8-4dd8-9973-8a148a27fa07/77be5605-df4e-4156-8b56-1fccda7429cb_638436011.jpeg?h=225&w=225,
311442456,Cherry Blossom Regimental Gloss Neutral Polish 40G,https://www.tesco.com/groceries/en-GB/shop/household/all?department=Household%20Essentials&viewAll=department&page=,£2.10,£5.25/100g,,,/groceries/en-GB/products/311442456,https://digitalcontent.api.tesco.com/v2/media/ghs/a8468afd-1a0f-4028-ac9c-4240dce799d0/153c3bc2-3efc-4297-8827-1f17e20f9f17_1206206016.jpeg?h=225&w=225,
255289958,Korbond Needles Compact,https://www.tesco.com/groceries/en-GB/shop/household/all?department=Household%20Essentials&viewAll=department&page=,£1.60,£0.05/each,,,/groceries/en-GB/products/255289958,https://digitalcontent.api.tesco.com/v2/media/ghs/3504134d-19e4-4f2e-801b-f04a025244a2/262f3a7e-c97d-4610-a3fa-f5375f174ddf_1459230176.jpeg?h=225&w=225,
288421683,Needle Threaders With Cutter 3Pcs,https://www.tesco.com/groceries/en-GB/shop/household/all?department=Household%20Essentials&viewAll=department&page=,£2.10,£0.70/each,,,/groceries/en-GB/products/288421683,https://digitalcontent.api.tesco.com/v2/media/ghs/4cdefe60-b9ec-466f-b87c-65befbb8f2b3/2907d475-6a05-42d4-bcbb-1e3d781fa638_2083549597.jpeg?h=225&w=225,
285160166,Tesco Peg Basket With 48 Pegs,https://www.tesco.com/groceries/en-GB/shop/household/all?department=Household%20Essentials&viewAll=department&page=,£3.00,£3.00/each,,,/groceries/en-GB/products/285160166,https://digitalcontent.api.tesco.com/v2/media/ghs/fa294190-4097-4bbe-b6d7-6212d95f35a2/bc09b836-df6a-4df3-bdbf-865c9182ceda_661438566.jpeg?h=225&w=225,
261909684,Korbond Thimble & Needle Threaders,https://www.tesco.com/groceries/en-GB/shop/household/all?department=Household%20Essentials&viewAll=department&page=,£1.60,£0.53/each,,,/groceries/en-GB/products/261909684,https://digitalcontent.api.tesco.com/v2/media/ghs/b9dd796c-420f-4c68-ba0b-c3d11d0c2330/0bfe4f55-2078-4f34-a6af-378fc5abb1cc_476003972.jpeg?h=225&w=225,
267531515,Hook & Loop Self Adhesive White 50Cm,https://www.tesco.com/groceries/en-GB/shop/household/all?department=Household%20Essentials&viewAll=department&page=,£1.70,£1.70/each,,,/groceries/en-GB/products/267531515,https://digitalcontent.api.tesco.com/v2/media/ghs/40256b2d-b050-4f2b-b0fc-ac33d3b11056/41a7a2fe-9429-48ef-8fda-4469f58febe7_1419555718.jpeg?h=225&w=225,
311435816,Cherry Blossom Flat Shoe Laces Black 180Cm,https://www.tesco.com/groceries/en-GB/shop/household/all?department=Household%20Essentials&viewAll=department&page=,£1.80,£1.80/Pair,,,/groceries/en-GB/products/311435816,https://digitalcontent.api.tesco.com/v2/media/ghs/eecaafa3-5c17-416c-92f8-f52067d821cc/32652e10-cec2-4c1c-8097-14de588b3412_1217332284.jpeg?h=225&w=225,
261909373,Korbond Easy Threading Needles 110260,https://www.tesco.com/groceries/en-GB/shop/household/all?department=Household%20Essentials&viewAll=department&page=,£1.30,£0.22/each,,,/groceries/en-GB/products/261909373,https://digitalcontent.api.tesco.com/v2/media/ghs/af2f9355-2f3f-4747-860c-0f389239c079/08371d76-69ec-4a3e-9db3-75593419cb84_1080665389.jpeg?h=225&w=225,
310845321,Cherry Blossom Round Shoe Laces Twin Pack Black 75Cm,https://www.tesco.com/groceries/en-GB/shop/household/all?department=Household%20Essentials&viewAll=department&page=,£1.50,£1.50/Pair,,,/groceries/en-GB/products/310845321,https://digitalcontent.api.tesco.com/v2/media/ghs/4245a8f1-6d4f-41e3-a708-b0a5f9343176/b5d66d1c-705d-4ee0-ac28-648cb6d3bc69_517348322.jpeg?h=225&w=225,
255289912,"Korbond Tape Measure 60""",https://www.tesco.com/groceries/en-GB/shop/household/all?department=Household%20Essentials&viewAll=department&page=,£1.30,£1.30/each,,,/groceries/en-GB/products/255289912,https://digitalcontent.api.tesco.com/v2/media/ghs/5f407a95-a620-4541-8e1d-78713af520bc/c84d46e6-24f2-4991-9ec2-883e7304541a_356331022.jpeg?h=225&w=225,
258195603,Korbond Thread Poly 160M White,https://www.tesco.com/groceries/en-GB/shop/household/all?department=Household%20Essentials&viewAll=department&page=,£1.10,£0.01/metre,,,/groceries/en-GB/products/258195603,https://digitalcontent.api.tesco.com/v2/media/ghs/32a6186d-31c4-46e0-a840-ddbe047cb4d6/a0ac4200-165c-4596-a5a4-d0122cef95eb_1676536049.jpeg?h=225&w=225,
258195632,Korbond Thread Poly 160M Black,https://www.tesco.com/groceries/en-GB/shop/household/all?department=Household%20Essentials&viewAll=department&page=,£1.10,£0.01/metre,,,/groceries/en-GB/products/258195632,https://digitalcontent.api.tesco.com/v2/media/ghs/501cc098-1288-4eb0-bee2-928006bfa3d4/e8017e2e-fbf5-4cf1-9929-6d9a853672d8_1825540376.jpeg?h=225&w=225,
306350727,Keep It Handy Cotton Comfort Insoles 2 Pairs,https://www.tesco.com/groceries/en-GB/shop/household/all?department=Household%20Essentials&viewAll=department&page=,£1.00,£0.50/each,,,/groceries/en-GB/products/306350727,https://digitalcontent.api.tesco.com/v2/media/ghs/00fc4037-5c80-497c-a1fa-c35afbe326ae/acaa739b-6233-4faf-8e5a-cab8bdfe3fb4_1421076425.jpeg?h=225&w=225,
306350514,Keep It Handy Safety Pins 50 Pack,https://www.tesco.com/groceries/en-GB/shop/household/all?department=Household%20Essentials&viewAll=department&page=,£1.00,£0.02/each,,,/groceries/en-GB/products/306350514,https://digitalcontent.api.tesco.com/v2/media/ghs/dcb0c97e-7ff4-4be8-a96c-8cc78136403d/4bda1d8f-9b8f-4ca4-9b69-260a0d46b9ab_2016807880.jpeg?h=225&w=225,
310772464,Mighty Mat Multi Stripe 50 X 75Cm,https://www.tesco.com/groceries/en-GB/shop/household/all?department=Household%20Essentials&viewAll=department&page=,£12.00,£12.00/each,,,/groceries/en-GB/products/310772464,https://digitalcontent.api.tesco.com/v2/media/ghs/350ab804-fae3-4eb3-ae2b-4bf0ad404681/b7047125-4dce-41e4-b6b9-ed0373fa7e01_1465833774.jpeg?h=225&w=225,
310772470,Mighty Mat Chevron Black & White 50 X 75Cm,https://www.tesco.com/groceries/en-GB/shop/household/all?department=Household%20Essentials&viewAll=department&page=,£12.00,£12.00/each,,,/groceries/en-GB/products/310772470,https://digitalcontent.api.tesco.com/v2/media/ghs/04d297e6-ce1f-4fa7-9f25-5cd00dcc52a3/c33fe520-c9f9-4c1b-8090-b04c565501ba_1719239802.jpeg?h=225&w=225,
298918490,Mighty Mat Rubber Half Moon Mat 45X75 Cm,https://www.tesco.com/groceries/en-GB/shop/household/all?department=Household%20Essentials&viewAll=department&page=,£12.00,£12.00/each,,,/groceries/en-GB/products/298918490,https://digitalcontent.api.tesco.com/v2/media/ghs/3ef6d75d-b365-432d-82ec-7bb6f3c93073/6f426667-e878-4580-826d-8e579e0a7d9e_1461842115.jpeg?h=225&w=225,
310804157,Mighty Mat Mono Geo Washable Mat,https://www.tesco.com/groceries/en-GB/shop/household/all?department=Household%20Essentials&viewAll=department&page=,£12.00,£12.00/each,,,/groceries/en-GB/products/310804157,https://digitalcontent.api.tesco.com/v2/media/ghs/1e5de775-c9ab-4d0e-add8-98444fce7edc/3c4b5786-f73a-4749-b370-1488fa12e23c_1161848377.jpeg?h=225&w=225,
295624605,Profoot Memory Foam Insoles One Size,https://www.tesco.com/groceries/en-GB/shop/household/all?department=Household%20Essentials&viewAll=department&page=,£12.30,£12.30/Pair,,,/groceries/en-GB/products/295624605,https://digitalcontent.api.tesco.com/v2/media/ghs/72997bd0-4e4e-4db1-917c-8a350a94d8b1/6a948057-eff0-4843-8ca4-b75cbc0881ef_1729497635.jpeg?h=225&w=225,
285334848,Tesco Hangers 30Pk Grey,https://www.tesco.com/groceries/en-GB/shop/household/all?department=Household%20Essentials&viewAll=department&page=,£12.00,£0.40/each,,,/groceries/en-GB/products/285334848,https://digitalcontent.api.tesco.com/v2/media/ghs/0a31683b-d93f-47fd-913b-ee285e26faff/fe682689-8331-4b6c-a4a5-25c85001bd10_907213680.jpeg?h=225&w=225,
302729932,Wham 9L Handy Box 3 Pack,https://www.tesco.com/groceries/en-GB/shop/household/all?department=Household%20Essentials&viewAll=department&page=,£12.00,£4.00/each,,,/groceries/en-GB/products/302729932,https://digitalcontent.api.tesco.com/v2/media/ghs/37612066-f310-4e1c-a487-a8ebb9342a35/31f4a8e8-358e-47ce-b7f2-96a9c5cace6f_779345767.jpeg?h=225&w=225,
311079727,Tesco Pet Toy Basket,https://www.tesco.com/groceries/en-GB/shop/household/all?department=Household%20Essentials&viewAll=department&page=,£10.00,£10.00/each,,,/groceries/en-GB/products/311079727,https://digitalcontent.api.tesco.com/v2/media/ghs/baf74ac9-4b68-4f9b-9b56-6b2a1e5b21d9/d255c267-509a-423a-b2ae-20586eec590c_393484111.jpeg?h=225&w=225,
278633954,Scissors Dressmaker,https://www.tesco.com/groceries/en-GB/shop/household/all?department=Household%20Essentials&viewAll=department&page=,£7.40,£7.40/each,,,/groceries/en-GB/products/278633954,https://digitalcontent.api.tesco.com/v2/media/ghs/d39e661c-58f1-44a8-89fa-15191e3c6ba5/f71bcf1e-7ad0-4d84-804c-d9ce5b41afc8_712043927.jpeg?h=225&w=225,
310720555,Mighty Mat Bee Happy Mat 40 X 60Cm,https://www.tesco.com/groceries/en-GB/shop/household/all?department=Household%20Essentials&viewAll=department&page=,£6.00,£6.00/each,,,/groceries/en-GB/products/310720555,https://digitalcontent.api.tesco.com/v2/media/ghs/6e845c58-39c4-41cc-9230-ddae3ee173f3/25a078b2-68da-40a9-bbb1-7990ff93054a_674476330.jpeg?h=225&w=225,
258532418,Odor-Eaters Super Tuff 1 Pair,https://www.tesco.com/groceries/en-GB/shop/household/all?department=Household%20Essentials&viewAll=department&page=,£5.50,£5.50/Pair,,,/groceries/en-GB/products/258532418,https://digitalcontent.api.tesco.com/v2/media/ghs/54a5e6a9-a252-4d7e-93c9-9a18731b940d/c32ee0be-bfd0-49ea-a05f-192f0e717be2_645991158.jpeg?h=225&w=225,
311952440,Cherry Blossom Shoe Cleaner 200Ml,https://www.tesco.com/groceries/en-GB/shop/household/all?department=Household%20Essentials&viewAll=department&page=,£5.25,£2.63/100ml,,,/groceries/en-GB/products/311952440,https://digitalcontent.api.tesco.com/v2/media/ghs/5ccf7499-f9a8-478b-904b-35a18ebda8ec/e87f00d2-80f0-44aa-9c33-ee6012b38cfc_578407788.jpeg?h=225&w=225,
265051176,Profoot Padded Heel Snugs 1 Pair,https://www.tesco.com/groceries/en-GB/shop/household/all?department=Household%20Essentials&viewAll=department&page=,£3.60,£3.60/Pair,,,/groceries/en-GB/products/265051176,https://digitalcontent.api.tesco.com/v2/media/ghs/7528660b-7dd4-455d-99dc-072ba0c2e9b2/3edfd605-bb2c-462c-9136-fe78912d620f_1234790356.jpeg?h=225&w=225,
311421032,Cherry Blossom Ready Wax Brown 85Ml,https://www.tesco.com/groceries/en-GB/shop/household/all?department=Household%20Essentials&viewAll=department&page=,£3.00,£3.53/100ml,,,/groceries/en-GB/products/311421032,https://digitalcontent.api.tesco.com/v2/media/ghs/5dfd1ef6-ac0f-4276-bc0a-6c3482dd3b66/12c27bf1-6ec3-46ec-8c1d-8ca0e614442b_911890876.jpeg?h=225&w=225,
307632577,Wham Studio 5.02 Grey,https://www.tesco.com/groceries/en-GB/shop/household/all?department=Household%20Essentials&viewAll=department&page=,£4.00,£4.00/each,,,/groceries/en-GB/products/307632577,https://digitalcontent.api.tesco.com/v2/media/ghs/3d739ab1-8d8a-4959-8033-1fed99f55594/79dd71b3-94a4-4ffa-9338-b248198bb9e4_1572111840.jpeg?h=225&w=225,
258194005,"Korbond Scissors Soft Touch 8""",https://www.tesco.com/groceries/en-GB/shop/household/all?department=Household%20Essentials&viewAll=department&page=,£4.00,£4.00/each,,,/groceries/en-GB/products/258194005,https://digitalcontent.api.tesco.com/v2/media/ghs/bd7d9a07-26bc-40fb-a438-db2c10df27bf/2679fdb0-d1c2-48d6-9359-c788583fa3fc_1057656422.jpeg?h=225&w=225,
288421677,Water Erasable Fabric Marker Pen,https://www.tesco.com/groceries/en-GB/shop/household/all?department=Household%20Essentials&viewAll=department&page=,£3.20,£3.20/each,,,/groceries/en-GB/products/288421677,https://digitalcontent.api.tesco.com/v2/media/ghs/d4e26e0e-00e2-4c57-8969-345a6239d0ac/680c2085-7dfc-41fa-a895-78b8fd9586db_938024905.jpeg?h=225&w=225,
312230613,Cherry Blossom Shoe Wipes 12 Pack,https://www.tesco.com/groceries/en-GB/shop/household/all?department=Household%20Essentials&viewAll=department&page=,£2.95,£0.25/each,,,/groceries/en-GB/products/312230613,https://digitalcontent.api.tesco.com/v2/media/ghs/038eca94-5368-45fc-8731-05da605dfc61/4aba7806-8d05-4950-bf25-86e8b0880af8_1230851701.jpeg?h=225&w=225,
261907296,Korbond Poly Thread Dark 110783,https://www.tesco.com/groceries/en-GB/shop/household/all?department=Household%20Essentials&viewAll=department&page=,£2.90,£2.90/each,,,/groceries/en-GB/products/261907296,https://digitalcontent.api.tesco.com/v2/media/ghs/f46c937a-0e9f-4022-a6f2-7077307542e3/3b5d9eb2-4be1-4dfd-87b3-005bb3338150_443133549.jpeg?h=225&w=225,
255289601,Polyester Thread,https://www.tesco.com/groceries/en-GB/shop/household/all?department=Household%20Essentials&viewAll=department&page=,£2.60,£2.60/each,,,/groceries/en-GB/products/255289601,https://digitalcontent.api.tesco.com/v2/media/ghs/17e01c37-6677-4a84-bf1e-6bea265f9b9a/1cd833ab-c807-4755-8f93-45c4a08eb896_816978681.jpeg?h=225&w=225,
255289820,Korbond Gilt Safety Pins,https://www.tesco.com/groceries/en-GB/shop/household/all?department=Household%20Essentials&viewAll=department&page=,£2.10,£0.06/each,,,/groceries/en-GB/products/255289820,https://digitalcontent.api.tesco.com/v2/media/ghs/7af1d852-73e4-48a8-b14b-0b2e087648d5/82ef6d63-57ba-44ce-9fa5-1074fd665ada_1685317185.jpeg?h=225&w=225,
255289837,Korbond Berry Pins 40,https://www.tesco.com/groceries/en-GB/shop/household/all?department=Household%20Essentials&viewAll=department&page=,£2.10,£0.05/each,,,/groceries/en-GB/products/255289837,https://digitalcontent.api.tesco.com/v2/media/ghs/e822035c-4f85-4802-bec5-ed71121f7e31/80466eba-6745-4e8b-a851-cdf70de6d9c1_2142863756.jpeg?h=225&w=225,
267531446,Threaded Needle Kit,https://www.tesco.com/groceries/en-GB/shop/household/all?department=Household%20Essentials&viewAll=department&page=,£2.10,£2.10/each,,,/groceries/en-GB/products/267531446,https://digitalcontent.api.tesco.com/v2/media/ghs/62534280-8e06-4f20-9158-f8fdba0b948c/844b68c3-4f75-42c7-a1be-849b420033cc_318512376.jpeg?h=225&w=225,
288421625,50Mm White Bra Extender,https://www.tesco.com/groceries/en-GB/shop/household/all?department=Household%20Essentials&viewAll=department&page=,£2.20,£2.20/each,,,/groceries/en-GB/products/288421625,https://digitalcontent.api.tesco.com/v2/media/ghs/be49e77d-7f2c-40ea-9387-0f53c0430275/06ffcf22-99cb-43ce-94ab-fdb15553d8e7_905636876.jpeg?h=225&w=225,
267531481,Hemming Tape White,https://www.tesco.com/groceries/en-GB/shop/household/all?department=Household%20Essentials&viewAll=department&page=,£2.30,£2.30/each,,,/groceries/en-GB/products/267531481,https://digitalcontent.api.tesco.com/v2/media/ghs/622acf38-8367-4051-b23d-172da172765f/a5de738e-9567-419a-aa15-ab18ce39913d_1668214102.jpeg?h=225&w=225,
288421717,Non Roll Elastic 25Mm X 2M,https://www.tesco.com/groceries/en-GB/shop/household/all?department=Household%20Essentials&viewAll=department&page=,£2.10,£2.10/each,,,/groceries/en-GB/products/288421717,https://digitalcontent.api.tesco.com/v2/media/ghs/95f14b62-6b60-492d-8fbc-885447820235/e3c83f45-946a-4aa4-a614-c6a8265478de_1610182125.jpeg?h=225&w=225,
288421619,38Mm White Bra Extender,https://www.tesco.com/groceries/en-GB/shop/household/all?department=Household%20Essentials&viewAll=department&page=,£2.00,£2.00/each,,,/groceries/en-GB/products/288421619,https://digitalcontent.api.tesco.com/v2/media/ghs/446407e4-98ad-4d7b-9cf0-9f098745bad9/252b447c-48bf-409d-a62b-842746fa12ca_572503975.jpeg?h=225&w=225,
288421631,Iron On Black Hook & Loop,https://www.tesco.com/groceries/en-GB/shop/household/all?department=Household%20Essentials&viewAll=department&page=,£2.10,£2.10/each,,,/groceries/en-GB/products/288421631,https://digitalcontent.api.tesco.com/v2/media/ghs/0cf7aa28-6047-4c8c-9533-64829fcc3930/535ef061-b847-4280-a51d-d09cec2f0b35_2143645766.jpeg?h=225&w=225,
296508667,Round Cord Elastic,https://www.tesco.com/groceries/en-GB/shop/household/all?department=Household%20Essentials&viewAll=department&page=,£1.90,£1.90/each,,,/groceries/en-GB/products/296508667,https://digitalcontent.api.tesco.com/v2/media/ghs/92730e1f-eca5-4f3e-88c1-657fb8371bf0/fd24e8bf-1588-492d-992c-49c3afbe4550_1551371590.jpeg?h=225&w=225,
258140686,Stick On Hook & Loop,https://www.tesco.com/groceries/en-GB/shop/household/all?department=Household%20Essentials&viewAll=department&page=,£1.90,£1.90/each,,,/groceries/en-GB/products/258140686,https://digitalcontent.api.tesco.com/v2/media/ghs/0d807dc8-6426-4a39-bf1a-18a0bb34e060/1b19868f-0d9c-480d-a522-d1c872e5d3bd_388464213.jpeg?h=225&w=225,
255289866,Dressmaker Pins,https://www.tesco.com/groceries/en-GB/shop/household/all?department=Household%20Essentials&viewAll=department&page=,£1.60,£1.60/each,,,/groceries/en-GB/products/255289866,https://digitalcontent.api.tesco.com/v2/media/ghs/871d2ba8-e360-42b3-849d-c2db7a9d0339/8c85d40d-36bc-4023-a21a-81b706f9f7de_1189705792.jpeg?h=225&w=225,
255289935,Multi Purpose Needles,https://www.tesco.com/groceries/en-GB/shop/household/all?department=Household%20Essentials&viewAll=department&page=,£1.60,£0.23/each,,,/groceries/en-GB/products/255289935,https://digitalcontent.api.tesco.com/v2/media/ghs/70d3bd3e-4119-4ec6-9415-118a1d217fac/f0046c79-4c20-4926-a5c6-a36a506c1424_671901225.jpeg?h=225&w=225,
255289964,Korbond Home Needle Kit,https://www.tesco.com/groceries/en-GB/shop/household/all?department=Household%20Essentials&viewAll=department&page=,£1.60,£0.04/each,,,/groceries/en-GB/products/255289964,https://digitalcontent.api.tesco.com/v2/media/ghs/6ee733b0-519f-46bb-a839-21de2ac389d2/d40e7023-b0d6-4c5f-bd9e-a3d5e94514d8_110714878.jpeg?h=225&w=225,
288421700,6Mm Black Elastic 3M,https://www.tesco.com/groceries/en-GB/shop/household/all?department=Household%20Essentials&viewAll=department&page=,£1.80,£1.80/each,,,/groceries/en-GB/products/288421700,https://digitalcontent.api.tesco.com/v2/media/ghs/5e24ae7c-ce89-439c-b7d6-aef7175fd593/4d229f3e-795e-45c7-a8a8-91722a1e7e24_1151322395.jpeg?h=225&w=225,
255289624,Korbond Elastic White 6Mm X 3M,https://www.tesco.com/groceries/en-GB/shop/household/all?department=Household%20Essentials&viewAll=department&page=,£1.80,£0.00/null,,,/groceries/en-GB/products/255289624,https://digitalcontent.api.tesco.com/v2/media/ghs/dba3ee22-b3fa-4fc4-911e-dce902c57827/e7fb8f20-2ac0-4064-8b11-5f30ca31600d_1213972078.jpeg?h=225&w=225,
258195252,Korbond Elastic White 20Mm,https://www.tesco.com/groceries/en-GB/shop/household/all?department=Household%20Essentials&viewAll=department&page=,£1.80,£9.00/metre,,,/groceries/en-GB/products/258195252,https://digitalcontent.api.tesco.com/v2/media/ghs/4a703f47-f74e-4596-8210-2c46029c48e6/946ed003-df28-4bc1-8758-82b8f2909fc8_926485931.jpeg?h=225&w=225,
311210322,Cherry Blossom Flat Shoe Laces White 120Cm,https://www.tesco.com/groceries/en-GB/shop/household/all?department=Household%20Essentials&viewAll=department&page=,£1.80,£1.80/Pair,,,/groceries/en-GB/products/311210322,https://digitalcontent.api.tesco.com/v2/media/ghs/c2268452-1ab1-4c0e-9590-013c29dc6019/6fd19621-99a1-4f88-80c7-42ba4fe77c52_1574098213.jpeg?h=225&w=225,
262193640,Retractable Tape Measure,https://www.tesco.com/groceries/en-GB/shop/household/all?department=Household%20Essentials&viewAll=department&page=,£2.10,£2.10/each,,,/groceries/en-GB/products/262193640,https://digitalcontent.api.tesco.com/v2/media/ghs/95edeaa2-dd67-4583-b3d8-585250812fbf/e4887bf8-233c-4768-a21b-65fd67caaa7a_1562566335.jpeg?h=225&w=225,
258195102,Black Elastic,https://www.tesco.com/groceries/en-GB/shop/household/all?department=Household%20Essentials&viewAll=department&page=,£1.60,£1.60/each,,,/groceries/en-GB/products/258195102,https://digitalcontent.api.tesco.com/v2/media/ghs/87e48092-968c-4de8-a9f3-563088765186/cdffe35b-5162-41bb-b074-def8911d0d1c_924562139.jpeg?h=225&w=225,
300899865,Black/White Twin Pack Thread,https://www.tesco.com/groceries/en-GB/shop/household/all?department=Household%20Essentials&viewAll=department&page=,£1.60,£0.80/each,,,/groceries/en-GB/products/300899865,https://digitalcontent.api.tesco.com/v2/media/ghs/b430f4c8-77d5-4adf-8ab9-ceb468d0789b/e274c7d7-d9cb-476e-a17e-74eb0c9b9761_137271035.jpeg?h=225&w=225,
258195148,White Elastic,https://www.tesco.com/groceries/en-GB/shop/household/all?department=Household%20Essentials&viewAll=department&page=,£1.60,£1.60/each,,,/groceries/en-GB/products/258195148,https://digitalcontent.api.tesco.com/v2/media/ghs/ceec3800-4d62-475c-91b0-b7aae223565d/d2750165-e205-4e86-9df6-52e848d72550_1792065981.jpeg?h=225&w=225,
288421591,Instant Repair Tape,https://www.tesco.com/groceries/en-GB/shop/household/all?department=Household%20Essentials&viewAll=department&page=,£1.60,£1.60/each,,,/groceries/en-GB/products/288421591,https://digitalcontent.api.tesco.com/v2/media/ghs/3397cffe-8653-4013-ad8e-6aaecf3e75c5/d156a588-1703-44bb-8651-a4b72a6ad54c_1923182026.jpeg?h=225&w=225,
311423427,Cherry Blossom Round Shoe Laces Twin Pack Brown 75Cm,https://www.tesco.com/groceries/en-GB/shop/household/all?department=Household%20Essentials&viewAll=department&page=,£1.50,£0.75/Pair,,,/groceries/en-GB/products/311423427,https://digitalcontent.api.tesco.com/v2/media/ghs/e3622c9e-b235-4214-8e0c-39b3a3b44b75/239d42d9-2450-4f78-97ef-182998f829c4_985387121.jpeg?h=225&w=225,
255289987,Korbond Crewels,https://www.tesco.com/groceries/en-GB/shop/household/all?department=Household%20Essentials&viewAll=department&page=,£1.30,£0.08/each,,,/groceries/en-GB/products/255289987,https://digitalcontent.api.tesco.com/v2/media/ghs/d18844a7-d072-4832-9fb8-0fb6266cb4f9/0c4cdaba-5cc7-4f44-8b22-a0ee24eb582b_83459366.jpeg?h=225&w=225,
258190793,Tapestry Needles,https://www.tesco.com/groceries/en-GB/shop/household/all?department=Household%20Essentials&viewAll=department&page=,£1.05,£0.18/each,,,/groceries/en-GB/products/258190793,https://digitalcontent.api.tesco.com/v2/media/ghs/f3e43bc0-6552-4966-aad7-99e621900601/368fc468-13af-4ddd-8f39-45ce8b199d6f_1344561655.jpeg?h=225&w=225,
304863515,Minky Express Ironing Board Cover,https://www.tesco.com/groceries/en-GB/shop/household/all?department=Household%20Essentials&viewAll=department&page=,£15.00,£15.00/each,,,/groceries/en-GB/products/304863515,https://digitalcontent.api.tesco.com/v2/media/ghs/34583487-af32-4e07-9ecd-5f6f7cac510c/bda3fce9-f48e-4327-8b6a-ca79f359a3e0_537248273.jpeg?h=225&w=225,
307425195,Dymo Omega Home Embossing Label Maker,https://www.tesco.com/groceries/en-GB/shop/household/all?department=Household%20Essentials&viewAll=department&page=,£15.00,£15.00/each,,,/groceries/en-GB/products/307425195,https://digitalcontent.api.tesco.com/v2/media/ghs/7a0e4e17-982d-4610-972c-757f05bf4bf9/b270a38b-a040-4817-92f6-253dc42b42cb_1173758608.jpeg?h=225&w=225,
310720532,Mighty Mat Welcome Coir Mat 50 X 75Cm,https://www.tesco.com/groceries/en-GB/shop/household/all?department=Household%20Essentials&viewAll=department&page=,£10.00,£10.00/each,,,/groceries/en-GB/products/310720532,https://digitalcontent.api.tesco.com/v2/media/ghs/c2fa03ea-8036-4f62-a7eb-d566c5728a4f/e79999a9-cca3-4321-808c-380f377b0d21_793176374.jpeg?h=225&w=225,
310720578,Mighty Mat Home Sweet Home Mat 40 X 60Cm,https://www.tesco.com/groceries/en-GB/shop/household/all?department=Household%20Essentials&viewAll=department&page=,£8.00,£8.00/each,,,/groceries/en-GB/products/310720578,https://digitalcontent.api.tesco.com/v2/media/ghs/04c33277-8419-487e-bfc8-a473f4ffe6ef/0169ef4d-fecd-4201-97dc-7bf6eb8b4813_302025780.jpeg?h=225&w=225,
295624703,Profoot Everyday Gel Men Insoles One Pair,https://www.tesco.com/groceries/en-GB/shop/household/all?department=Household%20Essentials&viewAll=department&page=,£12.30,£12.30/Pair,,,/groceries/en-GB/products/295624703,https://digitalcontent.api.tesco.com/v2/media/ghs/3aa41517-cc31-43d5-9839-b48347df2c3d/27990d80-93c6-48ef-8a5b-0e0a5d69d178_890270478.jpeg?h=225&w=225,
311785499,Minky Retractable Washing Line 15M,https://www.tesco.com/groceries/en-GB/shop/household/all?department=Household%20Essentials&viewAll=department&page=,£10.00,£10.00/each,,,/groceries/en-GB/products/311785499,https://digitalcontent.api.tesco.com/v2/media/ghs/77f32ac8-0d56-49e4-9c0f-ff7053f7ec75/9e5f8258-11ab-4cc9-94ce-769659f0bfac_1708726611.jpeg?h=225&w=225,
278634008,New Clothesbrush,https://www.tesco.com/groceries/en-GB/shop/household/all?department=Household%20Essentials&viewAll=department&page=,£5.30,£5.30/each,,,/groceries/en-GB/products/278634008,https://digitalcontent.api.tesco.com/v2/media/ghs/390f50e9-3a53-4447-8fe2-a52e6db3a2b8/b10b3b3e-8a47-411f-820a-3aff7495e643_677904714.jpeg?h=225&w=225,
310720561,Mighty Mat Leopard Heart Mat 40 X 60Cm,https://www.tesco.com/groceries/en-GB/shop/household/all?department=Household%20Essentials&viewAll=department&page=,£6.00,£6.00/each,,,/groceries/en-GB/products/310720561,https://digitalcontent.api.tesco.com/v2/media/ghs/e356b121-685c-4bcf-8cde-47589ecc6d57/0aac07d0-6e22-40a1-97e7-ddadd81a0028_411007063.jpeg?h=225&w=225,
310720549,Mighty Mat Polka Dot Mat 40 X 60Cm,https://www.tesco.com/groceries/en-GB/shop/household/all?department=Household%20Essentials&viewAll=department&page=,£6.00,£6.00/each,,,/groceries/en-GB/products/310720549,https://digitalcontent.api.tesco.com/v2/media/ghs/6d83d130-7a6c-4b8a-909b-122016504107/bf5e4faf-586e-4bdf-bb5b-5f9fde401030_1937729975.jpeg?h=225&w=225,
308033812,Minky Eco Food Waste Caddy,https://www.tesco.com/groceries/en-GB/shop/household/all?department=Household%20Essentials&viewAll=department&page=,£7.00,£7.00/each,,,/groceries/en-GB/products/308033812,https://digitalcontent.api.tesco.com/v2/media/ghs/628ecb70-c3db-4039-82c3-ea40f7eefe39/9deb5d4e-a106-4dee-9202-0ffe9bed0fd3_2079107369.jpeg?h=225&w=225,
311803859,Cherry Blossom Shoe Deodoriser 200Ml,https://www.tesco.com/groceries/en-GB/shop/household/all?department=Household%20Essentials&viewAll=department&page=,£5.25,£2.63/100ml,,,/groceries/en-GB/products/311803859,https://digitalcontent.api.tesco.com/v2/media/ghs/2a801fe0-8d6e-466b-aa7d-d41214278f40/33a081b4-5c00-4e24-81f2-7188f012090b_715690100.jpeg?h=225&w=225,
295624749,Profoot Everyday Gel Women One Pair Insoles,https://www.tesco.com/groceries/en-GB/shop/household/all?department=Household%20Essentials&viewAll=department&page=,£12.30,£12.30/Pair,,,/groceries/en-GB/products/295624749,https://digitalcontent.api.tesco.com/v2/media/ghs/d2edc70d-b21a-4ad3-b089-b086961da5f4/80566e75-c504-4faf-b2df-ea4e8dfc8610_1562635712.jpeg?h=225&w=225,
312211383,Cherry Blossom Sneaker Shield 200Ml,https://www.tesco.com/groceries/en-GB/shop/household/all?department=Household%20Essentials&viewAll=department&page=,£5.25,£2.63/100ml,,,/groceries/en-GB/products/312211383,https://digitalcontent.api.tesco.com/v2/media/ghs/5dd3bf5b-259b-4a09-85df-2a25dad58d1c/bd8e6ea1-51db-4aed-a77e-0e5da5e0400d_1453203017.jpeg?h=225&w=225,
258195062,"Korbond Scissors Soft Touch 6""",https://www.tesco.com/groceries/en-GB/shop/household/all?department=Household%20Essentials&viewAll=department&page=,£4.50,£4.50/each,,,/groceries/en-GB/products/258195062,https://digitalcontent.api.tesco.com/v2/media/ghs/e6a642d2-c619-44a1-8c9a-d0103f8be7d4/d0daa45f-d2de-436c-a663-a26fdeaff972_581137680.jpeg?h=225&w=225,
311685410,Cherry Blossom Sneaker Fresh 100Ml,https://www.tesco.com/groceries/en-GB/shop/household/all?department=Household%20Essentials&viewAll=department&page=,£4.80,£4.80/100ml,,,/groceries/en-GB/products/311685410,https://digitalcontent.api.tesco.com/v2/media/ghs/4c17b536-6b4f-4be6-a988-153c7b03a836/902827ea-69d8-42f4-83d6-d2375c5a1e2a_175795727.jpeg?h=225&w=225,
311800592,Cherry Blossom Black Suede & Nubuck Renovator 200Ml,https://www.tesco.com/groceries/en-GB/shop/household/all?department=Household%20Essentials&viewAll=department&page=,£5.50,£2.75/100ml,,,/groceries/en-GB/products/311800592,https://digitalcontent.api.tesco.com/v2/media/ghs/dd016174-f702-4b00-b86e-179e2c4ac735/058938ee-19c9-4d43-aad4-3d04a26e1439_1139235331.jpeg?h=225&w=225,
312226089,Cherry Blossom Sneaker Cleaner 100Ml,https://www.tesco.com/groceries/en-GB/shop/household/all?department=Household%20Essentials&viewAll=department&page=,£4.50,£4.50/100ml,,,/groceries/en-GB/products/312226089,https://digitalcontent.api.tesco.com/v2/media/ghs/6cfb4f50-6909-4cc8-b959-0f8ebf94889e/d466b309-54ff-4587-ae73-b998ab0dbad1_7236270.jpeg?h=225&w=225,
311262179,Cherry Blossom Sports Whitener White 85Ml,https://www.tesco.com/groceries/en-GB/shop/household/all?department=Household%20Essentials&viewAll=department&page=,£3.00,£3.53/100ml,,,/groceries/en-GB/products/311262179,https://digitalcontent.api.tesco.com/v2/media/ghs/97a55c18-39c6-40a8-9fcb-f0765e745cdc/c0a0438c-72a7-4273-a3c5-916dc758bdef_1710286154.jpeg?h=225&w=225,
278633977,Scissor Needlework,https://www.tesco.com/groceries/en-GB/shop/household/all?department=Household%20Essentials&viewAll=department&page=,£3.20,£3.20/each,,,/groceries/en-GB/products/278633977,https://digitalcontent.api.tesco.com/v2/media/ghs/3a423b70-f742-4d11-8c1b-3e487dd7837d/94655dcf-5dd7-4eb5-8d7b-9494b97bac97_1794207890.jpeg?h=225&w=225,
302253624,Minky Peg Bag Geo,https://www.tesco.com/groceries/en-GB/shop/household/all?department=Household%20Essentials&viewAll=department&page=,£5.00,£5.00/each,,,/groceries/en-GB/products/302253624,https://digitalcontent.api.tesco.com/v2/media/ghs/7bb363a1-985c-4c3e-b2fe-3e3adeb8b96e/25882439-35bc-40ef-84a8-b72641a17ced_1119128934.jpeg?h=225&w=225,
282483399,Maped Scissors,https://www.tesco.com/groceries/en-GB/shop/household/all?department=Household%20Essentials&viewAll=department&page=,£3.10,£3.10/each,,,/groceries/en-GB/products/282483399,https://digitalcontent.api.tesco.com/v2/media/ghs/5a8f0bb0-091b-47aa-b9b8-e6ac9e633e84/345588d9-ec60-4790-8ff8-62255be371e7_456423921.jpeg?h=225&w=225,
261907133,Korbond Poly Thread Pastel 110782,https://www.tesco.com/groceries/en-GB/shop/household/all?department=Household%20Essentials&viewAll=department&page=,£2.90,£2.90/each,,,/groceries/en-GB/products/261907133,https://digitalcontent.api.tesco.com/v2/media/ghs/9451d4e3-c527-40fc-b869-441dcf58522c/af66fc43-454e-4575-a80d-773fc66a880b_1131686814.jpeg?h=225&w=225,
264672208,Raid Ant Killer Powder 250G,https://www.tesco.com/groceries/en-GB/shop/household/all?department=Household%20Essentials&viewAll=department&page=,£3.25,£13.00/kg,,,/groceries/en-GB/products/264672208,https://digitalcontent.api.tesco.com/v2/media/ghs/f3f08b85-6fd8-45fd-abbb-630b75e7cf5c/9a0881f0-6c1a-4e9b-acec-48c3de8b0f4d_900821652.jpeg?h=225&w=225,
278633925,Twinpack Hemming Tapeblack/Grey,https://www.tesco.com/groceries/en-GB/shop/household/all?department=Household%20Essentials&viewAll=department&page=,£2.60,£1.30/each,,,/groceries/en-GB/products/278633925,https://digitalcontent.api.tesco.com/v2/media/ghs/865ce310-4c38-4b3a-b48a-eb4ce7ed462e/7d036c43-ab85-4a19-b72d-8305b35828a5_190609620.jpeg?h=225&w=225,
278634037,Embroidery Floss Light,https://www.tesco.com/groceries/en-GB/shop/household/all?department=Household%20Essentials&viewAll=department&page=,£3.10,£0.31/each,,,/groceries/en-GB/products/278634037,https://digitalcontent.api.tesco.com/v2/media/ghs/815a31e5-de55-4441-92e8-c89501ab4a44/121f9845-527b-48c1-bf0e-b62353e1cf9c_1774014735.jpeg?h=225&w=225,
258127455,Korbond Iron On Mender 3 Pack 1.5M,https://www.tesco.com/groceries/en-GB/shop/household/all?department=Household%20Essentials&viewAll=department&page=,£2.60,£0.87/each,,,/groceries/en-GB/products/258127455,https://digitalcontent.api.tesco.com/v2/media/ghs/153af9dd-cf9c-4f7a-8271-796d9ac55aa2/6fb20457-c1d0-408f-9ca1-e258437b22a9_1153626418.jpeg?h=225&w=225,
255289941,Korbond Sewing Needles 20 Assorted,https://www.tesco.com/groceries/en-GB/shop/household/all?department=Household%20Essentials&viewAll=department&page=,£1.80,£0.09/each,,,/groceries/en-GB/products/255289941,https://digitalcontent.api.tesco.com/v2/media/ghs/f510fbd6-2d24-40fb-acdd-0c0a210b4ffe/b2f87b86-ec22-419b-a3b5-bf52ca2dedbd_2015904068.jpeg?h=225&w=225,
301342526,Permanent Laundry Marker,https://www.tesco.com/groceries/en-GB/shop/household/all?department=Household%20Essentials&viewAll=department&page=,£1.60,£1.60/each,,,/groceries/en-GB/products/301342526,https://digitalcontent.api.tesco.com/v2/media/ghs/40829946-956c-46ef-8ec5-b1fd7e7402ba/snapshotimagehandler_334143504.jpeg?h=225&w=225,
255289929,Korbond Darning Needles,https://www.tesco.com/groceries/en-GB/shop/household/all?department=Household%20Essentials&viewAll=department&page=,£1.30,£0.13/each,,,/groceries/en-GB/products/255289929,https://digitalcontent.api.tesco.com/v2/media/ghs/7a176c47-aedf-492d-82d5-9eeaccb302ec/e58350fe-8617-43a4-8f6d-da630ff3734b_1517638336.jpeg?h=225&w=225,
296705474,Tesco Klipfresh 3 Pack,https://www.tesco.com/groceries/en-GB/shop/household/all?department=Food%20Storage&viewAll=department&page=,£7.50,£2.50/each,Any 3 for 2 Clubcard Price - Cheapest Product Free - Selected Klipfresh 3  For 2 ,,/groceries/en-GB/products/296705474,https://digitalcontent.api.tesco.com/v2/media/ghs/3931bb57-b8db-4b5b-a82f-321f6cc0babd/59af5a37-90e7-46bd-acdc-2119e1b3beb0_13059124.jpeg?h=225&w=225,
305990414,Polylina Large Plastic Container With Lids 5 Pack,https://www.tesco.com/groceries/en-GB/shop/household/all?department=Food%20Storage&viewAll=department&page=,£4.15,£0.83/each,,,/groceries/en-GB/products/305990414,https://digitalcontent.api.tesco.com/v2/media/ghs/240f0bec-1c69-4884-a9e7-796acfd8e59c/b0b2b8fe-056c-475a-8875-7de7d4d2d554_1140870378.jpeg?h=225&w=225,
310105783,Tesco Kitchen Foil 30M,https://www.tesco.com/groceries/en-GB/shop/household/all?department=Food%20Storage&viewAll=department&page=,,,,,/groceries/en-GB/products/310105783,https://digitalcontent.api.tesco.com/v2/media/ghs/bc523aab-3d08-4db5-b2d4-2d4271011474/fa3eb381-1309-42fb-aa49-e29798e7cbb0_1003438166.jpeg?h=225&w=225,This product's currently out of stock
297040365,Tesco Click & Seal Resealable Snack Bags 50 Pack,https://www.tesco.com/groceries/en-GB/shop/household/all?department=Food%20Storage&viewAll=department&page=,£3.00,£0.06/each,,,/groceries/en-GB/products/297040365,https://digitalcontent.api.tesco.com/v2/media/ghs/e9fa832d-cef6-4607-849b-194cd54f06f5/f02d6f32-b627-41f5-a47c-2ef031fdff37_143161881.jpeg?h=225&w=225,
310153696,Bacofoil Pvc Free Cling Film 32.5Cm X 50Mtr,https://www.tesco.com/groceries/en-GB/shop/household/all?department=Food%20Storage&viewAll=department&page=,£4.40,£0.09/metre,,,/groceries/en-GB/products/310153696,https://digitalcontent.api.tesco.com/v2/media/ghs/c714ceac-b7cc-4288-853f-1a167c80731a/4a456f69-c9d0-4094-a89d-367313cf9662_1196339371.jpeg?h=225&w=225,
295747460,Polylina Medium Plastic Tubs & Lids 8 Pack,https://www.tesco.com/groceries/en-GB/shop/household/all?department=Food%20Storage&viewAll=department&page=,£3.50,£0.44/each,,,/groceries/en-GB/products/295747460,https://digitalcontent.api.tesco.com/v2/media/ghs/c25bd0a6-2e1b-45df-a0e4-cdbf6dbef4de/09e658e3-15f6-43fe-ae01-53bb4550d9ad_1884623133.jpeg?h=225&w=225,
296663136,Tesco Klipfresh Store & Pour,https://www.tesco.com/groceries/en-GB/shop/household/all?department=Food%20Storage&viewAll=department&page=,£6.00,£6.00/each,Any 3 for 2 Clubcard Price - Cheapest Product Free - Selected Klipfresh 3  For 2 ,,/groceries/en-GB/products/296663136,https://digitalcontent.api.tesco.com/v2/media/ghs/265880fa-7113-42bf-9019-cc7a2a7eb46e/40354d52-2788-4558-a2f7-a99e09b32bb4_1654141426.jpeg?h=225&w=225,
297040388,Tesco Food Bags Click & Seal Xl 15 Pack,https://www.tesco.com/groceries/en-GB/shop/household/all?department=Food%20Storage&viewAll=department&page=,£2.40,£0.16/each,,,/groceries/en-GB/products/297040388,https://digitalcontent.api.tesco.com/v2/media/ghs/31359ee1-9023-4813-810c-15d4846dcf47/85c628a5-d74e-46d7-bd3d-b00117d87b83_572371109.jpeg?h=225&w=225,
311941847,Tesco 2 Small Foil Roasting Trays,https://www.tesco.com/groceries/en-GB/shop/household/all?department=Food%20Storage&viewAll=department&page=,£2.00,£1.00/each,,New,/groceries/en-GB/products/311941847,https://digitalcontent.api.tesco.com/v2/media/ghs/fdcbbada-744c-4d1d-bf62-27e3f2f825fe/340dbd0a-bd8a-4027-a67b-2f39a2d4a11b_451274376.jpeg?h=225&w=225,
274544944,Tesco Foil Roasting Trays 2 Pack 326Mmx260mm,https://www.tesco.com/groceries/en-GB/shop/household/all?department=Food%20Storage&viewAll=department&page=,£2.00,£1.00/each,,,/groceries/en-GB/products/274544944,https://digitalcontent.api.tesco.com/v2/media/ghs/628ade15-1f24-4246-b340-b760e391adb8/ed8b8a5d-c742-45a1-ae6d-55c7268a2edd_1263568727.jpeg?h=225&w=225,
306936628,Silvex Fridge And Freezer Bags 3 Litres 75 Pack,https://www.tesco.com/groceries/en-GB/shop/household/all?department=Food%20Storage&viewAll=department&page=,£2.90,£0.04/each,,,/groceries/en-GB/products/306936628,https://digitalcontent.api.tesco.com/v2/media/ghs/78934ef2-f264-4878-9317-4bb519ba4789/a2b93755-113c-4b26-a7f8-9bc9e71f50fc_400349023.jpeg?h=225&w=225,
302429567,Tesco Paper Sandwich Bag 30 Pack,https://www.tesco.com/groceries/en-GB/shop/household/all?department=Food%20Storage&viewAll=department&page=,£2.50,£0.08/each,,,/groceries/en-GB/products/302429567,https://digitalcontent.api.tesco.com/v2/media/ghs/c389f204-7381-45b0-aeb7-a673d07e7a1a/c2c2f1cc-1fc2-4f58-8efe-141ae680e432_334330508.jpeg?h=225&w=225,
307756239,Silvex Freezer Multibag 30X40cm 75Bags,https://www.tesco.com/groceries/en-GB/shop/household/all?department=Food%20Storage&viewAll=department&page=,£2.35,£0.03/each,,,/groceries/en-GB/products/307756239,https://digitalcontent.api.tesco.com/v2/media/ghs/e58a84c2-69a9-4d02-a366-8684c877fe06/43f7b2f3-279a-4f98-96b7-21b0559ddbd1_1343641788.jpeg?h=225&w=225,
311790918,Tesco Turkey Roasting Tray,https://www.tesco.com/groceries/en-GB/shop/household/all?department=Food%20Storage&viewAll=department&page=,£2.00,£2.00/each,,New,/groceries/en-GB/products/311790918,https://digitalcontent.api.tesco.com/v2/media/ghs/89bb9db6-8b86-45f4-bab9-ba5a61592fd8/dda93464-bec6-4123-9d13-292f06d1ae39_1967196051.jpeg?h=225&w=225,
296663050,Tesco Klipfresh Rectangle 1L,https://www.tesco.com/groceries/en-GB/shop/household/all?department=Food%20Storage&viewAll=department&page=,£3.25,£3.25/each,Any 3 for 2 Clubcard Price - Cheapest Product Free - Selected Klipfresh 3  For 2 ,,/groceries/en-GB/products/296663050,https://digitalcontent.api.tesco.com/v2/media/ghs/680a2706-4dfb-485a-b900-ed890bb28c91/e16a86fd-80f7-495d-aa9e-2d7a7ee70f6f.jpeg?h=225&w=225,
274545068,Tesco Oven Foil Small Trays With Lids 6 Pack,https://www.tesco.com/groceries/en-GB/shop/household/all?department=Food%20Storage&viewAll=department&page=,£1.90,£0.32/each,,,/groceries/en-GB/products/274545068,https://digitalcontent.api.tesco.com/v2/media/ghs/3359a911-4ca2-4071-a2b9-01a53d1519ca/f8e0d7a9-12b8-4286-83e2-f70f935afed1_498170459.jpeg?h=225&w=225,
309789889,Tesco Pvc- Free Cling Film 75M X 350Mm,https://www.tesco.com/groceries/en-GB/shop/household/all?department=Food%20Storage&viewAll=department&page=,£2.50,£0.03/metre,,,/groceries/en-GB/products/309789889,https://digitalcontent.api.tesco.com/v2/media/ghs/b5c6a33b-d378-4141-abcc-040d24f2e465/7eb4235f-83c8-4a7b-b5d7-c1315078925d_660561523.jpeg?h=225&w=225,
274545108,Tesco Oven Foil Medium Trays With Lids 3 Pack,https://www.tesco.com/groceries/en-GB/shop/household/all?department=Food%20Storage&viewAll=department&page=,£2.00,£0.67/each,,,/groceries/en-GB/products/274545108,https://digitalcontent.api.tesco.com/v2/media/ghs/9122e1d1-445b-42c6-b965-8b58c9e2b331/9f6dbf91-d401-4eb9-b9ad-a91b8200b587_988838717.jpeg?h=225&w=225,
293639580,Tesco Oven Foil Round Cooking Dishes & Lidsx5,https://www.tesco.com/groceries/en-GB/shop/household/all?department=Food%20Storage&viewAll=department&page=,£2.50,£0.50/each,,,/groceries/en-GB/products/293639580,https://digitalcontent.api.tesco.com/v2/media/ghs-mktg/b0b04216-fa73-466d-a9d7-c9fcfa1ce9b3/no-image.jpeg,
311935305,Reynolds Heavy Duty Aluminium Foil Wrap 37.5Sq,https://www.tesco.com/groceries/en-GB/shop/household/all?department=Food%20Storage&viewAll=department&page=,£5.50,£0.72/metre,,New,/groceries/en-GB/products/311935305,https://digitalcontent.api.tesco.com/v2/media/ghs/b8f6bbf0-8957-4c55-8f0b-367199be3d0f/ad88a411-968f-4a0a-af2d-192a3e1f626f_1083474810.jpeg?h=225&w=225,
263885747,Tesco Zip Seal Food & Freezer Bags Medium 20S,https://www.tesco.com/groceries/en-GB/shop/household/all?department=Food%20Storage&viewAll=department&page=,£2.00,£0.10/each,,,/groceries/en-GB/products/263885747,https://digitalcontent.api.tesco.com/v2/media/ghs/114f4e3e-4681-4711-ab7b-1b3d1cd81694/7cff6a12-a226-44cf-89e6-f0f8a3744ef1_2067901084.jpeg?h=225&w=225,
263886049,Tesco Zip Seal Food & Freezer Bags 25S,https://www.tesco.com/groceries/en-GB/shop/household/all?department=Food%20Storage&viewAll=department&page=,£1.85,£0.07/each,,,/groceries/en-GB/products/263886049,https://digitalcontent.api.tesco.com/v2/media/ghs/7dfab0e3-4ac8-4cd2-9e87-78b65b3cd96f/081db484-fcf8-4c6c-a67f-c26dcfebe462_291032338.jpeg?h=225&w=225,
309832359,Tesco Sipper Bottle Purple 650Ml,https://www.tesco.com/groceries/en-GB/shop/household/all?department=Food%20Storage&viewAll=department&page=,£3.00,£3.00/each,,,/groceries/en-GB/products/309832359,https://digitalcontent.api.tesco.com/v2/media/ghs/543a3434-b46f-40de-a784-006d9f85d896/807d18ee-ea76-4a88-bd6a-cf68fc443674_1040534548.jpeg?h=225&w=225,
310758522,Sistema Twist & Sip 380Ml Bottle,https://www.tesco.com/groceries/en-GB/shop/household/all?department=Food%20Storage&viewAll=department&page=,£2.65,£2.65/each,,,/groceries/en-GB/products/310758522,,
284982972,Tesco Non Stick Baking Paper 370Mm X 15M,https://www.tesco.com/groceries/en-GB/shop/household/all?department=Food%20Storage&viewAll=department&page=,£2.00,£0.13/metre,,,/groceries/en-GB/products/284982972,https://digitalcontent.api.tesco.com/v2/media/ghs/49672dcd-1a01-4889-b8be-2f630f2871dc/f7128151-9b86-4856-a893-1f1ac3c07335_2037338003.jpeg?h=225&w=225,
309832343,Tesco Sipper Bottle Blue 650Ml,https://www.tesco.com/groceries/en-GB/shop/household/all?department=Food%20Storage&viewAll=department&page=,£3.00,£3.00/each,,,/groceries/en-GB/products/309832343,https://digitalcontent.api.tesco.com/v2/media/ghs/a62ab6e4-2213-489a-9401-15de70887f39/5c05660c-050b-4666-9686-9ef7014f2b85_719289964.jpeg?h=225&w=225,
257134119,Tesco Easy Seal Ice Cube Bags Pack 10'S,https://www.tesco.com/groceries/en-GB/shop/household/all?department=Food%20Storage&viewAll=department&page=,£1.60,£0.16/each,,,/groceries/en-GB/products/257134119,https://digitalcontent.api.tesco.com/v2/media/ghs/81f89117-9036-4e71-ad87-d7b53db701a4/cc5a33d2-2d21-4545-a22a-fdbe4006cf1f_579687233.jpeg?h=225&w=225,
296663015,Tesco Klipfresh Beaker 400Ml,https://www.tesco.com/groceries/en-GB/shop/household/all?department=Food%20Storage&viewAll=department&page=,£2.75,£2.75/each,Any 3 for 2 Clubcard Price - Cheapest Product Free - Selected Klipfresh 3  For 2 ,,/groceries/en-GB/products/296663015,https://digitalcontent.api.tesco.com/v2/media/ghs/1844ab1a-787b-4a2a-9a9e-1e44237ad04d/bcc46442-aee4-4f70-9667-7038e9c5587a_2114540334.jpeg?h=225&w=225,
252366405,Tesco Click Seal Food Storage Bags Small 25'S,https://www.tesco.com/groceries/en-GB/shop/household/all?department=Food%20Storage&viewAll=department&page=,£1.60,£0.06/each,,,/groceries/en-GB/products/252366405,https://digitalcontent.api.tesco.com/v2/media/ghs/6b5432ff-d06c-4791-868b-225f78f88575/a0ed5ce5-4a73-4348-9626-817327a4dffc_1021619129.jpeg?h=225&w=225,
252366394,Tesco Click Seal Food Storage Bags Medium 20'S,https://www.tesco.com/groceries/en-GB/shop/household/all?department=Food%20Storage&viewAll=department&page=,£1.65,£0.08/each,,,/groceries/en-GB/products/252366394,https://digitalcontent.api.tesco.com/v2/media/ghs/37128746-b46b-42c2-9a2c-4cc2db5dd40f/23d449ef-a1a6-4eb4-aa43-e50993a868a3_1150866462.jpeg?h=225&w=225,
296663044,Tesco Klipfresh Rectangle 680Ml,https://www.tesco.com/groceries/en-GB/shop/household/all?department=Food%20Storage&viewAll=department&page=,£2.75,£2.75/each,Any 3 for 2 Clubcard Price - Cheapest Product Free - Selected Klipfresh 3  For 2 ,,/groceries/en-GB/products/296663044,https://digitalcontent.api.tesco.com/v2/media/ghs/e07effa0-68c0-4567-ae59-9e56fa9cfde7/a3e08a7b-e47e-49e6-a404-a08d563eafda_853984902.jpeg?h=225&w=225,
311799615,450Mm X 10M Wide Kitchen Foil,https://www.tesco.com/groceries/en-GB/shop/household/all?department=Food%20Storage&viewAll=department&page=,£3.00,£0.30/metre,£2.50 Clubcard Price,,/groceries/en-GB/products/311799615,https://digitalcontent.api.tesco.com/v2/media/ghs/ce7e333e-e2d6-4abc-861c-c422694fe884/152e8737-b626-4a99-b5a1-1338dc3cc84d_1224022103.jpeg?h=225&w=225,
254122708,Tesco Tie Handle Multipurpose Bag Small 50'S,https://www.tesco.com/groceries/en-GB/shop/household/all?department=Food%20Storage&viewAll=department&page=,£1.45,£0.03/each,,,/groceries/en-GB/products/254122708,https://digitalcontent.api.tesco.com/v2/media/ghs/711f5d06-d4c4-49c9-a84e-ec2e59600739/23c7607a-d685-478b-bf02-f142c15c8c82_622732825.jpeg?h=225&w=225,
309781137,Tesco Pvc - Free Cling Film 25M X 350Mm,https://www.tesco.com/groceries/en-GB/shop/household/all?department=Food%20Storage&viewAll=department&page=,£1.50,£0.06/metre,,,/groceries/en-GB/products/309781137,https://digitalcontent.api.tesco.com/v2/media/ghs/4a21cade-35af-486f-9af6-b86ce3736e6f/a7289862-a5a8-42c0-b89a-11a42ae94137_1066527142.jpeg?h=225&w=225,
263780560,Tesco Strong Kitchen Foil 450Mm X 10M,https://www.tesco.com/groceries/en-GB/shop/household/all?department=Food%20Storage&viewAll=department&page=,£2.40,£0.24/metre,,,/groceries/en-GB/products/263780560,https://digitalcontent.api.tesco.com/v2/media/ghs/c3fa5441-51c6-457f-8770-cc2105be1349/a0a3909e-4501-4734-9514-cdafca1262db_267471514.jpeg?h=225&w=225,
254122812,Tesco Tie-Handle Freezer Bags Medium 40 Pack,https://www.tesco.com/groceries/en-GB/shop/household/all?department=Food%20Storage&viewAll=department&page=,£1.45,£0.04/each,,,/groceries/en-GB/products/254122812,https://digitalcontent.api.tesco.com/v2/media/ghs/04d9a9d9-6334-4342-a54c-a2d3b6193e19/489515e1-f0fe-49b9-a86f-f6bb795b3e25_1802541761.jpeg?h=225&w=225,
306654132,Springforce 80 Food Bags With Wire Ties,https://www.tesco.com/groceries/en-GB/shop/household/all?department=Food%20Storage&viewAll=department&page=,£1.25,£0.02/each,Aldi Price Match,,/groceries/en-GB/products/306654132,https://digitalcontent.api.tesco.com/v2/media/ghs/4c452f00-44c8-4543-8239-2a4e4e086dd8/425cb819-d1a1-4422-9117-75ab7912bb37_1728934355.jpeg?h=225&w=225,
312582377,Polylina Turkey Foil 3Mtr,https://www.tesco.com/groceries/en-GB/shop/household/all?department=Food%20Storage&viewAll=department&page=,£2.00,£0.67/metre,,,/groceries/en-GB/products/312582377,https://digitalcontent.api.tesco.com/v2/media/ghs/994089bd-36b3-4c97-bd3f-0e7b1bd998ef/dd0b4cfb-b900-4f8e-9bd7-b6591f195869_920344668.jpeg?h=225&w=225,
304789586,Tesco Kitchen Foil 10M X 290Mm,https://www.tesco.com/groceries/en-GB/shop/household/all?department=Food%20Storage&viewAll=department&page=,£1.55,£0.16/metre,,,/groceries/en-GB/products/304789586,https://digitalcontent.api.tesco.com/v2/media/ghs/7dabaca1-9f18-4c13-aac7-9b3fa680771c/6c4a5a89-edde-4667-ad1c-dc0ce63a484c_505408841.jpeg?h=225&w=225,
308409991,Stealth Smash Navy Bottle 500Ml,https://www.tesco.com/groceries/en-GB/shop/household/all?department=Food%20Storage&viewAll=department&page=,£1.50,£1.50/each,,,/groceries/en-GB/products/308409991,https://digitalcontent.api.tesco.com/v2/media/ghs/48c4bf02-9310-44ae-9174-f721338e0bfc/2a2a9760-8405-437e-9fdf-ce837bb16577_794529830.jpeg?h=225&w=225,
308611249,Tesco Microwave Soup Mug Grey,https://www.tesco.com/groceries/en-GB/shop/household/all?department=Food%20Storage&viewAll=department&page=,£1.50,£1.50/each,,,/groceries/en-GB/products/308611249,https://digitalcontent.api.tesco.com/v2/media/ghs/e35957ae-d91f-4b14-b803-4383d38370a9/4be4a442-088b-473a-8a1f-770f5431e91c_1677932364.jpeg?h=225&w=225,
311781707,Hygex Strong Kitchen Foil 290Mm X 10M,https://www.tesco.com/groceries/en-GB/shop/household/all?department=Food%20Storage&viewAll=department&page=,£1.80,£0.18/metre,£1.50 Clubcard Price,,/groceries/en-GB/products/311781707,https://digitalcontent.api.tesco.com/v2/media/ghs/8151400d-b19a-4250-9413-78a2df19c5ae/5e89f1d0-00df-4264-8cb1-344eafbbd0e0_570219637.jpeg?h=225&w=225,
296663009,Tesco Klipfresh Round 270Ml,https://www.tesco.com/groceries/en-GB/shop/household/all?department=Food%20Storage&viewAll=department&page=,£1.75,£1.75/each,Any 3 for 2 Clubcard Price - Cheapest Product Free - Selected Klipfresh 3  For 2 ,,/groceries/en-GB/products/296663009,https://digitalcontent.api.tesco.com/v2/media/ghs/766f4870-39c4-4ab7-b0eb-4fb954dd3aa4/b784be75-bf1f-45ad-9ec4-809faf7c9ed3_448940081.jpeg?h=225&w=225,
311958439,Hygex 290Mm X 30M Kitchen Foil,https://www.tesco.com/groceries/en-GB/shop/household/all?department=Food%20Storage&viewAll=department&page=,£3.50,£0.12/metre,£3.00 Clubcard Price,,/groceries/en-GB/products/311958439,https://digitalcontent.api.tesco.com/v2/media/ghs/28676ba6-fb50-4054-910d-ae6dcb2ee12b/010e48f0-9402-48ca-ba46-271472b3d549_1429483505.jpeg?h=225&w=225,
310158345,Toastabags Slow Cooker Liners X5,https://www.tesco.com/groceries/en-GB/shop/household/all?department=Food%20Storage&viewAll=department&page=,£1.00,£0.20/each,,,/groceries/en-GB/products/310158345,https://digitalcontent.api.tesco.com/v2/media/ghs/dcf64db0-3ab7-4b0b-ac30-20849e3ad6b2/ab13508c-6367-48b4-b12d-3bd6d0c7d903_1897579153.jpeg?h=225&w=225,
311804766,Thermos Canteen Bottle 950Ml,https://www.tesco.com/groceries/en-GB/shop/household/all?department=Food%20Storage&viewAll=department&page=,£12.00,£12.00/each,£8.00 Clubcard Price,,/groceries/en-GB/products/311804766,https://digitalcontent.api.tesco.com/v2/media/ghs/547eafad-36bf-416a-a669-253619803da7/3389a50e-4478-468a-b9ce-ec191cbd2152_1184098035.jpeg?h=225&w=225,
309795478,Tesco Grey 1L Chugger Bottle,https://www.tesco.com/groceries/en-GB/shop/household/all?department=Food%20Storage&viewAll=department&page=,£7.50,£7.50/each,,,/groceries/en-GB/products/309795478,https://digitalcontent.api.tesco.com/v2/media/ghs/2d624af8-6154-441d-8e14-b83fdb034ed5/beb2f8d4-a20a-4328-b1d8-9de77ae7b650_1815026482.jpeg?h=225&w=225,
304035753,Contigo Ashland Bottle Smoke Emea 710Ml,https://www.tesco.com/groceries/en-GB/shop/household/all?department=Food%20Storage&viewAll=department&page=,£10.00,£10.00/each,,,/groceries/en-GB/products/304035753,https://digitalcontent.api.tesco.com/v2/media/ghs/d8cee26d-77a1-4ea5-98a1-17a290b968d0/5181178e-d289-49f9-96e7-e958f30cb2d7_1442585820.jpeg?h=225&w=225,
311520404,Tesco Wwf Stainless Steel Bottle 500Ml,https://www.tesco.com/groceries/en-GB/shop/household/all?department=Food%20Storage&viewAll=department&page=,£8.00,£8.00/each,,New,/groceries/en-GB/products/311520404,https://digitalcontent.api.tesco.com/v2/media/ghs/444ea86d-541d-4009-9b11-982753f2b699/6a898e92-9378-4667-a015-8482b02ae60a_2135901208.jpeg?h=225&w=225,
306796689,Joie Large Peva Bags 6 Pack,https://www.tesco.com/groceries/en-GB/shop/household/all?department=Food%20Storage&viewAll=department&page=,£6.00,£1.00/each,,,/groceries/en-GB/products/306796689,https://digitalcontent.api.tesco.com/v2/media/ghs/06434706-416a-4ee7-af71-2cd3f4ee2b37/6770af06-7c1c-4d75-a360-c369d5dcddea_1897076306.jpeg?h=225&w=225,
309795449,Tesco Mint Sipper Bottle 750Ml,https://www.tesco.com/groceries/en-GB/shop/household/all?department=Food%20Storage&viewAll=department&page=,£6.00,£6.00/each,,,/groceries/en-GB/products/309795449,https://digitalcontent.api.tesco.com/v2/media/ghs/94ab606f-b834-4e2d-a687-1a110d9dfbcf/cdad26ef-c48c-494f-b188-149e8b3a0b1a_1446850992.jpeg?h=225&w=225,
309795432,Tesco Grey Sipper Bottle 750Ml,https://www.tesco.com/groceries/en-GB/shop/household/all?department=Food%20Storage&viewAll=department&page=,£6.00,£6.00/each,,,/groceries/en-GB/products/309795432,https://digitalcontent.api.tesco.com/v2/media/ghs/f1b04500-8cc0-43c2-8aac-0d2f2de5110a/41dd1ed8-bdb4-4591-82ff-bb556357fd5d_631040287.jpeg?h=225&w=225,
296663107,Tesco Klipfresh 5L Square,https://www.tesco.com/groceries/en-GB/shop/household/all?department=Food%20Storage&viewAll=department&page=,£6.75,£6.75/each,Any 3 for 2 Clubcard Price - Cheapest Product Free - Selected Klipfresh 3  For 2 ,,/groceries/en-GB/products/296663107,https://digitalcontent.api.tesco.com/v2/media/ghs/09ad83bc-dec7-47f1-90ea-9ad972120940/66f5ca90-2ee2-4dd3-b83e-b831559890dd_1954837631.jpeg?h=225&w=225,
293634470,Tesco Food Storage Set 17Pc,https://www.tesco.com/groceries/en-GB/shop/household/all?department=Food%20Storage&viewAll=department&page=,£6.50,£6.50/each,,,/groceries/en-GB/products/293634470,https://digitalcontent.api.tesco.com/v2/media/ghs/8da69454-6c28-4f9c-8253-ddc69474ad11/6d1b717f-45a1-4d28-9892-ba8d174848f9_1208584296.jpeg?h=225&w=225,
307788628,Tesco Push Top Food Storage White 1.5L,https://www.tesco.com/groceries/en-GB/shop/household/all?department=Food%20Storage&viewAll=department&page=,£4.75,£4.75/each,,,/groceries/en-GB/products/307788628,https://digitalcontent.api.tesco.com/v2/media/ghs/9653c278-5502-4241-ac8f-8f6c76503df9/4388da64-ac56-4d38-84dc-ed5cd445366d_1206004189.jpeg?h=225&w=225,
307788611,Tesco Push Top Food Storage White 1L,https://www.tesco.com/groceries/en-GB/shop/household/all?department=Food%20Storage&viewAll=department&page=,£4.00,£4.00/each,,,/groceries/en-GB/products/307788611,https://digitalcontent.api.tesco.com/v2/media/ghs/7f16d6ca-912d-49fd-8b50-fbe16ed85e7a/d0989863-5e52-4cf8-940f-dab9ad62685b_1663038393.jpeg?h=225&w=225,
301214932,Sistema Take Alongs Deep Square 1.2L 3 Pack,https://www.tesco.com/groceries/en-GB/shop/household/all?department=Food%20Storage&viewAll=department&page=,£4.50,£1.50/each,,,/groceries/en-GB/products/301214932,https://digitalcontent.api.tesco.com/v2/media/ghs/e1022c7e-4e9a-42f2-8989-8dac245edfb2/4cec69c7-bde6-4f22-b9e1-aeb290c8dc9a_1498622214.jpeg?h=225&w=225,
296663080,Tesco Klipfresh Rectangle 4.8L,https://www.tesco.com/groceries/en-GB/shop/household/all?department=Food%20Storage&viewAll=department&page=,£6.75,£6.75/each,Any 3 for 2 Clubcard Price - Cheapest Product Free - Selected Klipfresh 3  For 2 ,,/groceries/en-GB/products/296663080,https://digitalcontent.api.tesco.com/v2/media/ghs/43d7e137-82ae-428f-a093-664a91a44e93/edce6293-996a-44da-97b5-765979f177f3_1191229325.jpeg?h=225&w=225,
309795455,Tesco Navy 750Ml Chugger Bottle,https://www.tesco.com/groceries/en-GB/shop/household/all?department=Food%20Storage&viewAll=department&page=,£6.00,£6.00/each,,,/groceries/en-GB/products/309795455,https://digitalcontent.api.tesco.com/v2/media/ghs/9d885919-bd86-4191-a77d-8189203f37f7/334112ee-e21a-48bc-b5c2-ad59368cb8d2_2099050561.jpeg?h=225&w=225,
280769036,Sistema Salad To Go,https://www.tesco.com/groceries/en-GB/shop/household/all?department=Food%20Storage&viewAll=department&page=,£5.75,£5.75/each,,,/groceries/en-GB/products/280769036,https://digitalcontent.api.tesco.com/v2/media/ghs/df32f7fc-e8c0-40ea-8568-62949665572b/64908e6b-bb38-4cb2-ba1b-e3fc793fbcd7_814236030.jpeg?h=225&w=225,
296663073,Tesco Klipfresh Rectangle 3.1L,https://www.tesco.com/groceries/en-GB/shop/household/all?department=Food%20Storage&viewAll=department&page=,£5.25,£5.25/each,Any 3 for 2 Clubcard Price - Cheapest Product Free - Selected Klipfresh 3  For 2 ,,/groceries/en-GB/products/296663073,https://digitalcontent.api.tesco.com/v2/media/ghs/371bc81c-79b0-40dd-9897-7d83a01e63d9/f0193118-1bcf-4ec1-80d3-1aff98673738_1870897748.jpeg?h=225&w=225,
306245576,Tesco Glass Food Storage 1.5L,https://www.tesco.com/groceries/en-GB/shop/household/all?department=Food%20Storage&viewAll=department&page=,£5.00,£5.00/each,,,/groceries/en-GB/products/306245576,https://digitalcontent.api.tesco.com/v2/media/ghs/414e8460-8cc0-4f89-8a76-c4a997b85fb7/cbc4809e-fb91-4d6e-8d5d-4f29bf872c68_1032535707.jpeg?h=225&w=225,
307788605,Tesco Push Top Food Storage White 0.5L,https://www.tesco.com/groceries/en-GB/shop/household/all?department=Food%20Storage&viewAll=department&page=,£3.50,£3.50/each,,,/groceries/en-GB/products/307788605,https://digitalcontent.api.tesco.com/v2/media/ghs/ec4c836b-af62-43a5-960e-9896df5fbc8b/53ea481a-efa8-4e3e-ac12-4273030c593f_1107202129.jpeg?h=225&w=225,
280769013,Sistema Soup To Go,https://www.tesco.com/groceries/en-GB/shop/household/all?department=Food%20Storage&viewAll=department&page=,£5.00,£5.00/each,,,/groceries/en-GB/products/280769013,https://digitalcontent.api.tesco.com/v2/media/ghs/b806bb2e-b905-47e5-b286-668af83e9751/39aa9cd4-1bd3-4f23-8ff2-269a3fc4234c_660368490.jpeg?h=225&w=225,
306558413,Smash Lunchbag Black,https://www.tesco.com/groceries/en-GB/shop/household/all?department=Food%20Storage&viewAll=department&page=,£6.00,£6.00/each,,,/groceries/en-GB/products/306558413,https://digitalcontent.api.tesco.com/v2/media/ghs/488f4784-38d5-47eb-9157-9e48aa5d9651/d324c472-a861-42a8-bece-fb50a4d2467d_721409645.jpeg?h=225&w=225,
309795403,Tesco Grey Tracker Bottle 550Ml,https://www.tesco.com/groceries/en-GB/shop/household/all?department=Food%20Storage&viewAll=department&page=,£4.00,£4.00/each,,,/groceries/en-GB/products/309795403,https://digitalcontent.api.tesco.com/v2/media/ghs/3f9e6fb8-cb46-4eae-b295-158204e40c19/3816e43f-e1c4-43da-86bd-1ef69384942e_854452690.jpeg?h=225&w=225,
309769003,Tesco 3 Reusable Silicone Lids,https://www.tesco.com/groceries/en-GB/shop/household/all?department=Food%20Storage&viewAll=department&page=,£3.00,£1.00/each,,,/groceries/en-GB/products/309769003,https://digitalcontent.api.tesco.com/v2/media/ghs/5a14bdc2-b29e-48e6-add9-9a6d48a1aad2/b24465ea-4cf3-4928-9221-984017c86d03_917472872.jpeg?h=225&w=225,
258077156,Tesco Store And Pour 2 Pack,https://www.tesco.com/groceries/en-GB/shop/household/all?department=Food%20Storage&viewAll=department&page=,£4.00,£2.00/each,,,/groceries/en-GB/products/258077156,https://digitalcontent.api.tesco.com/v2/media/ghs/eab94198-89cc-44ee-97fd-5a84d243da4d/a17ce1ce-990c-4602-9886-f3c5b6db18db_1962754738.jpeg?h=225&w=225,
308070675,Tesco Fridge Storage Organiser Large,https://www.tesco.com/groceries/en-GB/shop/household/all?department=Food%20Storage&viewAll=department&page=,£4.00,£4.00/each,,,/groceries/en-GB/products/308070675,https://digitalcontent.api.tesco.com/v2/media/ghs/6a086093-2c2b-49e4-8188-fac172ea9d99/8dfdcaf3-0af1-4e54-bd12-74492433f073_1000519884.jpeg?h=225&w=225,
308070646,Tesco Fridge Storage Wine Holder,https://www.tesco.com/groceries/en-GB/shop/household/all?department=Food%20Storage&viewAll=department&page=,£4.00,£4.00/each,£3.00 Clubcard Price,,/groceries/en-GB/products/308070646,https://digitalcontent.api.tesco.com/v2/media/ghs/85a38fed-194e-45fa-9ee3-86355eb91cd6/9c935f28-f095-49d1-8abc-dcc972f45016_903738306.jpeg?h=225&w=225,
306245569,Tesco Glass Food Storage 1L,https://www.tesco.com/groceries/en-GB/shop/household/all?department=Food%20Storage&viewAll=department&page=,£4.00,£4.00/each,,,/groceries/en-GB/products/306245569,https://digitalcontent.api.tesco.com/v2/media/ghs/bb1d0582-93f8-4d29-964c-c437c018d875/70394dbe-2ee2-43eb-8c41-1126a7e1755c_1549045546.jpeg?h=225&w=225,
296663120,Tesco Klipfresh Juice Jug 2L,https://www.tesco.com/groceries/en-GB/shop/household/all?department=Food%20Storage&viewAll=department&page=,£5.00,£5.00/each,Any 3 for 2 Clubcard Price - Cheapest Product Free - Selected Klipfresh 3  For 2 ,,/groceries/en-GB/products/296663120,https://digitalcontent.api.tesco.com/v2/media/ghs/c811a614-39e5-4ef2-97e1-c1005c0e2656/42dc3a92-6561-457a-aa02-2d80443b7975_1906907534.jpeg?h=225&w=225,
311520427,Tesco Rainbow Hearts Bottle 550Ml,https://www.tesco.com/groceries/en-GB/shop/household/all?department=Food%20Storage&viewAll=department&page=,£4.00,£4.00/each,,,/groceries/en-GB/products/311520427,https://digitalcontent.api.tesco.com/v2/media/ghs/3d448800-7a2b-4649-a7a0-9cf2969b2bba/2e95ff97-1cee-4f45-a855-b40bf98b58ce_1827960156.jpeg?h=225&w=225,
311683988,Minecraft Bottle,https://www.tesco.com/groceries/en-GB/shop/household/all?department=Food%20Storage&viewAll=department&page=,£4.00,£4.00/each,,,/groceries/en-GB/products/311683988,https://digitalcontent.api.tesco.com/v2/media/ghs/f40a5a9d-e136-47e8-a198-b164981f6857/af14846d-52af-445b-9f54-6d5b5a28767f_983768992.jpeg?h=225&w=225,
296663067,Tesco Klipfresh Rectangle 1.9L,https://www.tesco.com/groceries/en-GB/shop/household/all?department=Food%20Storage&viewAll=department&page=,£4.25,£4.25/each,Any 3 for 2 Clubcard Price - Cheapest Product Free - Selected Klipfresh 3  For 2 ,,/groceries/en-GB/products/296663067,https://digitalcontent.api.tesco.com/v2/media/ghs/a2fded00-9eaa-4afd-960a-a051519b6891/a65b146d-5efe-4edc-ad76-06453e876d37_1787986778.jpeg?h=225&w=225,
308611232,Tesco Lunchbox With Cutlery,https://www.tesco.com/groceries/en-GB/shop/household/all?department=Food%20Storage&viewAll=department&page=,£4.00,£4.00/each,,,/groceries/en-GB/products/308611232,https://digitalcontent.api.tesco.com/v2/media/ghs/65db5a0e-7293-45d4-8844-ae95ea3c54be/b72945ae-184e-425b-8fa2-8b214296dcd9_2030415242.jpeg?h=225&w=225,
255895845,Tesco Foodsaver 4.5L,https://www.tesco.com/groceries/en-GB/shop/household/all?department=Food%20Storage&viewAll=department&page=,£2.50,£2.50/each,,,/groceries/en-GB/products/255895845,https://digitalcontent.api.tesco.com/v2/media/ghs/fd9956da-e29c-4e9e-8776-498935d7d282/0aa3e6af-878a-419b-97be-48a190d7deed_2095194344.jpeg?h=225&w=225,
311945731,Reynolds Aluminium Foil Wrap 30 Square,https://www.tesco.com/groceries/en-GB/shop/household/all?department=Food%20Storage&viewAll=department&page=,£4.00,£0.44/metre,,,/groceries/en-GB/products/311945731,https://digitalcontent.api.tesco.com/v2/media/ghs/4ab635f3-c5e9-4719-8663-2eda350b9895/3d69fa98-6b28-4b9c-b857-c2869a118a3e_1848864265.jpeg?h=225&w=225,
296663021,Tesco Klipfresh Round 1L,https://www.tesco.com/groceries/en-GB/shop/household/all?department=Food%20Storage&viewAll=department&page=,£3.25,£3.25/each,Any 3 for 2 Clubcard Price - Cheapest Product Free - Selected Klipfresh 3  For 2 ,,/groceries/en-GB/products/296663021,https://digitalcontent.api.tesco.com/v2/media/ghs/0101a4d3-dc36-4838-95ea-ecd2247cee35/9cba00d0-f39b-484e-a646-61c0b93434a6_1448429067.jpeg?h=225&w=225,
308880085,Tesco Aqua Straw Cup 450Ml,https://www.tesco.com/groceries/en-GB/shop/household/all?department=Food%20Storage&viewAll=department&page=,£3.00,£3.00/each,,,/groceries/en-GB/products/308880085,https://digitalcontent.api.tesco.com/v2/media/ghs/4f6acd9f-9bc8-4985-b030-e38d409c61c9/1f7823d0-9d2b-4b77-ac41-90f79c3b6a7e_1411484686.jpeg?h=225&w=225,
306245553,Tesco Glass Food Storage 630Ml,https://www.tesco.com/groceries/en-GB/shop/household/all?department=Food%20Storage&viewAll=department&page=,£3.00,£3.00/each,,,/groceries/en-GB/products/306245553,https://digitalcontent.api.tesco.com/v2/media/ghs/f436bdbc-96f0-4fee-bb36-8f6c887c65ac/e4c36976-3547-4557-be63-40861b698e35_1891324777.jpeg?h=225&w=225,
296663096,Tesco Klipfresh Square 1.1L,https://www.tesco.com/groceries/en-GB/shop/household/all?department=Food%20Storage&viewAll=department&page=,£3.25,£3.25/each,Any 3 for 2 Clubcard Price - Cheapest Product Free - Selected Klipfresh 3  For 2 ,,/groceries/en-GB/products/296663096,https://digitalcontent.api.tesco.com/v2/media/ghs/94172bfa-08cb-496b-b4eb-6006632bae31/039f0770-f790-480e-8a49-d230ee602ea1_1378207811.jpeg?h=225&w=225,
296663113,Tesco Klipfresh 190Ml 4 Pack,https://www.tesco.com/groceries/en-GB/shop/household/all?department=Food%20Storage&viewAll=department&page=,£4.50,£1.13/each,Any 3 for 2 Clubcard Price - Cheapest Product Free - Selected Klipfresh 3  For 2 ,,/groceries/en-GB/products/296663113,https://digitalcontent.api.tesco.com/v2/media/ghs/0618931e-3652-450f-bd5d-e846c71bf4a7/3dcabe37-3713-474b-83b8-1b7a986ebdce_489534106.jpeg?h=225&w=225,
311797180,Toastabags Baking Liner Reusable 33X36cm,https://www.tesco.com/groceries/en-GB/shop/household/all?department=Food%20Storage&viewAll=department&page=,£2.00,£2.00/each,,,/groceries/en-GB/products/311797180,https://digitalcontent.api.tesco.com/v2/media/ghs-mktg/b0b04216-fa73-466d-a9d7-c9fcfa1ce9b3/no-image.jpeg,
308070652,Tesco Fridge Storage Can Organiser,https://www.tesco.com/groceries/en-GB/shop/household/all?department=Food%20Storage&viewAll=department&page=,£2.50,£2.50/each,,,/groceries/en-GB/products/308070652,https://digitalcontent.api.tesco.com/v2/media/ghs/fd8d5c66-b3c2-420c-a311-9c2997628c00/ada3e258-6614-4e6c-bd83-59ab2f928a6e_1017068848.jpeg?h=225&w=225,
308070669,Tesco Fridge Storage Organiser Small,https://www.tesco.com/groceries/en-GB/shop/household/all?department=Food%20Storage&viewAll=department&page=,£2.50,£2.50/each,,,/groceries/en-GB/products/308070669,https://digitalcontent.api.tesco.com/v2/media/ghs/c177e67d-fedb-4743-8a3c-6cdb23c6a101/cd7e45af-46a8-47a0-be94-1e1d4660082a_2018772137.jpeg?h=225&w=225,
308611261,Tesco Microwave 1.3L Rectangle Grey,https://www.tesco.com/groceries/en-GB/shop/household/all?department=Food%20Storage&viewAll=department&page=,£2.00,£2.00/each,,,/groceries/en-GB/products/308611261,https://digitalcontent.api.tesco.com/v2/media/ghs/6f8eab22-0704-49be-8048-1eda3f183d74/cd0f193a-c898-462f-88c8-0ae31a99a8c7_409587111.jpeg?h=225&w=225,
296663038,Tesco Klipfresh Rectangle 380Ml,https://www.tesco.com/groceries/en-GB/shop/household/all?department=Food%20Storage&viewAll=department&page=,£2.25,£2.25/each,Any 3 for 2 Clubcard Price - Cheapest Product Free - Selected Klipfresh 3  For 2 ,,/groceries/en-GB/products/296663038,https://digitalcontent.api.tesco.com/v2/media/ghs/10dc6dba-3ffd-4db6-bd92-1c511dc8d2f8/56b87742-7824-4660-8cd9-c85de531ee6a_524934795.jpeg?h=225&w=225,
296663482,Tesco Klipfresh 6 Pack,https://www.tesco.com/groceries/en-GB/shop/household/all?department=Food%20Storage&viewAll=department&page=,£13.00,£2.17/each,Any 3 for 2 Clubcard Price - Cheapest Product Free - Selected Klipfresh 3  For 2 ,,/groceries/en-GB/products/296663482,https://digitalcontent.api.tesco.com/v2/media/ghs/2d6eff68-207e-4ed8-99f2-2d7b0a87090f/601834fe-e1ad-49d4-95e9-3e084db9dc0a_574479366.jpeg?h=225&w=225,
304035776,Contigo Autoseal Smoke Supersize 900Ml,https://www.tesco.com/groceries/en-GB/shop/household/all?department=Food%20Storage&viewAll=department&page=,£13.00,£13.00/each,,,/groceries/en-GB/products/304035776,https://digitalcontent.api.tesco.com/v2/media/ghs/d9096bd8-a181-403b-b057-7c1af8d106ad/fef7c444-4af5-4667-aa72-93ffc14217ed_1306048402.jpeg?h=225&w=225,
310106321,Core Kitchen Glass Jars With Lable & Pen 3Pce,https://www.tesco.com/groceries/en-GB/shop/household/all?department=Food%20Storage&viewAll=department&page=,£10.00,£10.00/each,,,/groceries/en-GB/products/310106321,https://digitalcontent.api.tesco.com/v2/media/ghs/47462cad-7c95-4fa7-8762-af2714b77b92/1e66f32b-d3ad-4d12-a3dd-c85f28eab317_1891784282.jpeg?h=225&w=225,
303079535,Create Your Own Bottle,https://www.tesco.com/groceries/en-GB/shop/household/all?department=Food%20Storage&viewAll=department&page=,£10.00,£10.00/each,,,/groceries/en-GB/products/303079535,https://digitalcontent.api.tesco.com/v2/media/ghs/18f3b4fd-22a9-469c-aa53-967ff55bad3d/9147dedd-0b04-4e08-be4a-a9c56408b243_1307180728.jpeg?h=225&w=225,
311269667,Core Kitchen 1 Litre Stainless Steel Insulated Bottle,https://www.tesco.com/groceries/en-GB/shop/household/all?department=Food%20Storage&viewAll=department&page=,£10.00,£10.00/each,,,/groceries/en-GB/products/311269667,https://digitalcontent.api.tesco.com/v2/media/ghs/786aecec-5786-448b-bf96-08ff9b262558/4edf2e6b-d38f-4e7e-9ce8-f4fabe5d5b86_1383976696.jpeg?h=225&w=225,
308532763,Sistema Bake It Storage 3.25L With Cup,https://www.tesco.com/groceries/en-GB/shop/household/all?department=Food%20Storage&viewAll=department&page=,£8.75,£8.75/each,,,/groceries/en-GB/products/308532763,https://digitalcontent.api.tesco.com/v2/media/ghs/745f1c7b-da88-4076-a00a-3e3cfdaf4b7e/6e567ebe-6a61-488c-85ac-2bfde929313f_777486498.jpeg?h=225&w=225,
296816050,Contigo Ashland Bottle Purple 710Ml,https://www.tesco.com/groceries/en-GB/shop/household/all?department=Food%20Storage&viewAll=department&page=,£10.00,£10.00/each,,,/groceries/en-GB/products/296816050,https://digitalcontent.api.tesco.com/v2/media/ghs/8a40f884-deef-4225-ab09-5509bb5d59d3/9afd0cc5-2b5b-4543-b8ff-ae7bd7720b7d_1084103282.jpeg?h=225&w=225,
308611042,Smash Heart Combo,https://www.tesco.com/groceries/en-GB/shop/household/all?department=Food%20Storage&viewAll=department&page=,£8.50,£8.50/each,,,/groceries/en-GB/products/308611042,https://digitalcontent.api.tesco.com/v2/media/ghs/23936f09-ac08-4e67-b540-e4f0330b997b/beaf421c-c6a0-40c2-984a-5ed0b8cd4f73_1555659339.jpeg?h=225&w=225,
311030045,Contigo Auto-Pop Bottle 720Ml,https://www.tesco.com/groceries/en-GB/shop/household/all?department=Food%20Storage&viewAll=department&page=,£8.00,£8.00/each,,,/groceries/en-GB/products/311030045,https://digitalcontent.api.tesco.com/v2/media/ghs/20c64d4e-cad2-414b-8c6a-9c4eefd661cb/2dcb8c0d-13be-4e94-b7c6-68c3ab2278dc_877623522.jpeg?h=225&w=225,
311520456,Tesco Tiger Insulated Bottle 500Ml,https://www.tesco.com/groceries/en-GB/shop/household/all?department=Food%20Storage&viewAll=department&page=,£7.50,£7.50/each,,,/groceries/en-GB/products/311520456,https://digitalcontent.api.tesco.com/v2/media/ghs/3384f123-5aca-4a9e-989d-64b42febdd51/27d27506-164a-4d75-9dda-bd7286582785_2025854502.jpeg?h=225&w=225,
303687005,Tesco Insulated Bottle Marble,https://www.tesco.com/groceries/en-GB/shop/household/all?department=Food%20Storage&viewAll=department&page=,£7.00,£7.00/each,,,/groceries/en-GB/products/303687005,https://digitalcontent.api.tesco.com/v2/media/ghs/c69bb997-b77d-48f8-be35-7eb0a413c732/0cb9ed8e-299e-403e-b902-b351c689b82b_1953372585.jpeg?h=225&w=225,
308880049,Tesco Pink Ombre Insulated Bottle 500Ml,https://www.tesco.com/groceries/en-GB/shop/household/all?department=Food%20Storage&viewAll=department&page=,£7.00,£7.00/each,,,/groceries/en-GB/products/308880049,https://digitalcontent.api.tesco.com/v2/media/ghs/08c4cec4-5d3f-4249-bce9-df6a8711b295/6c420733-a20c-4f81-bca4-6fa3c0f2ca5d_280570385.jpeg?h=225&w=225,
309795461,Tesco Pink 750Ml Chugger Bottle,https://www.tesco.com/groceries/en-GB/shop/household/all?department=Food%20Storage&viewAll=department&page=,£6.00,£6.00/each,,,/groceries/en-GB/products/309795461,https://digitalcontent.api.tesco.com/v2/media/ghs/9e49eae8-c915-4c72-b782-45c70c98b05a/b8cf6179-38e0-45a1-976c-0acebdb7e4ac_158320174.jpeg?h=225&w=225,
303993691,Sistema Bento Cube,https://www.tesco.com/groceries/en-GB/shop/household/all?department=Food%20Storage&viewAll=department&page=,£7.00,£7.00/each,,,/groceries/en-GB/products/303993691,https://digitalcontent.api.tesco.com/v2/media/ghs/cc2865c4-217b-4dd2-855d-64d333eb7eac/0c3f8340-0477-45be-880b-a4b1f387bb29_2012401208.jpeg?h=225&w=225,
309910752,Smash Blue Lunch Box 1.2L,https://www.tesco.com/groceries/en-GB/shop/household/all?department=Food%20Storage&viewAll=department&page=,£10.00,£10.00/each,,,/groceries/en-GB/products/309910752,https://digitalcontent.api.tesco.com/v2/media/ghs/7438eb09-7c23-4673-892a-c65b2f169ab8/4a07f17a-8a18-4ec0-aa57-9e3805e04668_297638070.jpeg?h=225&w=225,
304002343,Sistema Quick Flip Bottle 520Ml,https://www.tesco.com/groceries/en-GB/shop/household/all?department=Food%20Storage&viewAll=department&page=,£8.00,£8.00/each,,,/groceries/en-GB/products/304002343,https://digitalcontent.api.tesco.com/v2/media/ghs/c4a8ca28-43e5-494f-a870-21df77c814dc/4888f2bf-aba4-410a-8fa6-ce8f6e043581_1037636894.jpeg?h=225&w=225,
299108370,Sistema Tritan Active 800Ml,https://www.tesco.com/groceries/en-GB/shop/household/all?department=Food%20Storage&viewAll=department&page=,£8.00,£8.00/each,,,/groceries/en-GB/products/299108370,https://digitalcontent.api.tesco.com/v2/media/ghs/c2494089-e7b6-452d-a13b-a1595c864790/ccb5d385-9b7b-4001-937e-b593d081641e_106112339.jpeg?h=225&w=225,
311520531,Tesco Rainbow Food Storage Set 7Pce,https://www.tesco.com/groceries/en-GB/shop/household/all?department=Food%20Storage&viewAll=department&page=,£6.00,£6.00/each,,,/groceries/en-GB/products/311520531,https://digitalcontent.api.tesco.com/v2/media/ghs/a27658bf-89cc-472e-8c94-2318817b3b51/2ace8455-dd0f-4cec-a16b-0682f93d56a5_1209041022.jpeg?h=225&w=225,
311259005,Core Kitchen Teal Stainless Steel Bottle 710Ml,https://www.tesco.com/groceries/en-GB/shop/household/all?department=Food%20Storage&viewAll=department&page=,£6.00,£6.00/each,,,/groceries/en-GB/products/311259005,https://digitalcontent.api.tesco.com/v2/media/ghs/14d6e937-2191-4fca-9739-00de562e2b2e/b6f8d067-cb72-474d-84f2-31ca77e0f1f1_1253221208.jpeg?h=225&w=225,
297176550,Sistema Small Bento Box,https://www.tesco.com/groceries/en-GB/shop/household/all?department=Food%20Storage&viewAll=department&page=,£8.25,£8.25/each,,,/groceries/en-GB/products/297176550,https://digitalcontent.api.tesco.com/v2/media/ghs/d8acb23f-6888-4d01-9864-0b5420e7d021/4eed85bf-db04-4ace-a0bf-74f4b36e68de_1146582291.jpeg?h=225&w=225,
299810724,Sistema Microwave Rectangular Bowl 1.25L,https://www.tesco.com/groceries/en-GB/shop/household/all?department=Food%20Storage&viewAll=department&page=,£6.00,£6.00/each,,,/groceries/en-GB/products/299810724,https://digitalcontent.api.tesco.com/v2/media/ghs/dba3aaaf-16d3-423f-8221-b25662cdc383/b40e23e5-40dd-4100-960d-270eb8f785b7_345787214.jpeg?h=225&w=225,
303865774,Sistema Quaddie,https://www.tesco.com/groceries/en-GB/shop/household/all?department=Food%20Storage&viewAll=department&page=,£6.50,£6.50/each,,,/groceries/en-GB/products/303865774,https://digitalcontent.api.tesco.com/v2/media/ghs/d457f62e-7fe0-4eca-9196-05efac4d6d43/48c4e039-d541-420d-be3d-8b704818c70d_635909988.jpeg?h=225&w=225,
306796833,Joie Stretch Lids 5 Pack,https://www.tesco.com/groceries/en-GB/shop/household/all?department=Food%20Storage&viewAll=department&page=,£5.00,£1.00/each,,,/groceries/en-GB/products/306796833,https://digitalcontent.api.tesco.com/v2/media/ghs/61ab81e1-394d-46aa-bc75-864f62d35c0f/ca6abcbc-ac55-45d5-9831-d0d68b2e04cc_355400858.jpeg?h=225&w=225,
280769042,Sistema Breakfast To Go,https://www.tesco.com/groceries/en-GB/shop/household/all?department=Food%20Storage&viewAll=department&page=,£4.50,£4.50/each,,,/groceries/en-GB/products/280769042,https://digitalcontent.api.tesco.com/v2/media/ghs/bf2fa08d-05ee-4cbd-aefc-30c1408a7e8e/9fc13d90-eaba-43c1-a29e-729a4934f407_1373923129.jpeg?h=225&w=225,
306391085,Smash Single Walled Bottle Black,https://www.tesco.com/groceries/en-GB/shop/household/all?department=Food%20Storage&viewAll=department&page=,£6.00,£6.00/each,,,/groceries/en-GB/products/306391085,https://digitalcontent.api.tesco.com/v2/media/ghs/fb9be6c1-a70c-4fef-9de4-39d0fb986e16/302f0abb-fe13-46bb-8ad3-d5bab981d559_2099998179.jpeg?h=225&w=225,
308880010,Tesco Lilac Sparkle Bottle 500Ml,https://www.tesco.com/groceries/en-GB/shop/household/all?department=Food%20Storage&viewAll=department&page=,£4.50,£4.50/each,,,/groceries/en-GB/products/308880010,https://digitalcontent.api.tesco.com/v2/media/ghs/4be78c82-60ce-4861-9108-c06a774748d5/b0a2fa58-885d-4208-9121-1b2d95650700_944140278.jpeg?h=225&w=225,
308261864,Tesco Fridge Egg Storage Tray,https://www.tesco.com/groceries/en-GB/shop/household/all?department=Food%20Storage&viewAll=department&page=,£4.00,£4.00/each,,,/groceries/en-GB/products/308261864,https://digitalcontent.api.tesco.com/v2/media/ghs/c87383d4-3a7b-4750-90f9-6508e30207c7/ac5df4d1-01c8-4888-968b-fe8ae2e1b832_793975390.jpeg?h=225&w=225,
310424747,Tesco Blue Mindfulness Bottle 750Ml,https://www.tesco.com/groceries/en-GB/shop/household/all?department=Food%20Storage&viewAll=department&page=,£6.00,£6.00/each,,,/groceries/en-GB/products/310424747,https://digitalcontent.api.tesco.com/v2/media/ghs/259b853b-db47-4b4f-9b2f-d312c3e034fa/1cfc75f7-4c00-4c09-8936-478fef5ba794_1255315492.jpeg?h=225&w=225,
311420027,Philips Smart Led Full Colour 60W E27 Twin Pack,https://www.tesco.com/groceries/en-GB/shop/household/all?department=Lightbulbs&viewAll=department&page=,£25.00,£0.00/null,,,/groceries/en-GB/products/311420027,https://digitalcontent.api.tesco.com/v2/media/ghs/edb34a6c-e7a7-4a72-b974-afe70dd4b1a9/35f66a4c-89c5-452b-a455-5082603cb832_26208464.jpeg?h=225&w=225,
311782491,Philips Smart Led Full Colour Gu10 50W Twin Pack,https://www.tesco.com/groceries/en-GB/shop/household/all?department=Lightbulbs&viewAll=department&page=,£25.00,£12.50/each,,,/groceries/en-GB/products/311782491,https://digitalcontent.api.tesco.com/v2/media/ghs/7a950171-62a0-4ed0-9dfa-bf177d936b06/d49d47d2-ed65-49bb-a6da-0d7d50000745_1454292505.jpeg?h=225&w=225,
307806430,Philips Led G9 25W 2 Pack,https://www.tesco.com/groceries/en-GB/shop/household/all?department=Lightbulbs&viewAll=department&page=,£6.00,£3.00/each,,,/groceries/en-GB/products/307806430,https://digitalcontent.api.tesco.com/v2/media/ghs/7d2a4cc1-d394-422f-b241-cba614eebf0a/513de7f3-9375-40ad-a8df-35a0712bff08_329419583.jpeg?h=225&w=225,
312083867,Philips Led 100W B22 Warm White Twin Pack,https://www.tesco.com/groceries/en-GB/shop/household/all?department=Lightbulbs&viewAll=department&page=,£9.00,£4.50/each,,,/groceries/en-GB/products/312083867,https://digitalcontent.api.tesco.com/v2/media/ghs/fdc122c6-0e60-4ed9-b178-6accbb07a893/56167826-77dd-4bba-aabe-9281b85ecdfa_327533470.jpeg?h=225&w=225,
312106600,Philips Led 100W E27 Warm White Twin Pack,https://www.tesco.com/groceries/en-GB/shop/household/all?department=Lightbulbs&viewAll=department&page=,£9.00,£4.50/each,,,/groceries/en-GB/products/312106600,https://digitalcontent.api.tesco.com/v2/media/ghs/79c6bf39-92a3-482f-931f-f4aba2efb0a8/d43cc5f4-bf81-4a0b-acc1-8d81c3e460a8_763835692.jpeg?h=225&w=225,
307806424,Philips Led Gu10 35W 2 Pack,https://www.tesco.com/groceries/en-GB/shop/household/all?department=Lightbulbs&viewAll=department&page=,£6.00,£3.00/each,,,/groceries/en-GB/products/307806424,https://digitalcontent.api.tesco.com/v2/media/ghs/d59de8ae-6df3-4aba-b9de-1d44da1bb174/215204cb-91ae-4ead-8079-ed884104e69f_1550694108.jpeg?h=225&w=225,
294263405,Tesco Led 35W Gu5.3 2 Pack,https://www.tesco.com/groceries/en-GB/shop/household/all?department=Lightbulbs&viewAll=department&page=,£5.00,£2.50/each,,,/groceries/en-GB/products/294263405,https://digitalcontent.api.tesco.com/v2/media/ghs/c5203b81-64d8-4452-ae0a-9cd8d38e1c8b/ecc63da9-1f20-4de3-acfb-6f22dda780bd_2098049692.jpeg?h=225&w=225,
312566325,Philips Led 60W E27 Warm White Twin Pack,https://www.tesco.com/groceries/en-GB/shop/household/all?department=Lightbulbs&viewAll=department&page=,£6.50,£3.25/each,,,/groceries/en-GB/products/312566325,https://digitalcontent.api.tesco.com/v2/media/ghs/3845d9f9-d901-4370-bc22-912a9386249f/b25cdfc5-9f69-4d04-98a3-3285938e037f_677486205.jpeg?h=225&w=225,
307806418,Philips Led Gu10 50W Dimmable,https://www.tesco.com/groceries/en-GB/shop/household/all?department=Lightbulbs&viewAll=department&page=,£5.00,£5.00/each,,,/groceries/en-GB/products/307806418,https://digitalcontent.api.tesco.com/v2/media/ghs/84c1598e-7018-455e-978b-05f2e90d160e/04a5e7e5-31a8-4b99-9b63-016992665faa_1258315947.jpeg?h=225&w=225,
307806384,Philips Led Filament Classic 60W Bayonet Cap Dimmable,https://www.tesco.com/groceries/en-GB/shop/household/all?department=Lightbulbs&viewAll=department&page=,£6.00,£6.00/each,,,/groceries/en-GB/products/307806384,https://digitalcontent.api.tesco.com/v2/media/ghs/61d13d1d-a6f8-4517-b56a-7b5195f73356/047fb5d0-1d75-47dc-8170-b9845aa8ed8e_656073725.jpeg?h=225&w=225,
307806390,Philips Led Filament Candle 40W Bayonet Cap,https://www.tesco.com/groceries/en-GB/shop/household/all?department=Lightbulbs&viewAll=department&page=,£5.00,£5.00/each,,,/groceries/en-GB/products/307806390,https://digitalcontent.api.tesco.com/v2/media/ghs/dcc173a4-08b9-454d-aa74-c82956c6852e/77b88de0-8d24-473b-8025-b1757d66dd1d_449495553.jpeg?h=225&w=225,
307806378,Philips Led Filament Classic 60W Edison Screw Dimmable,https://www.tesco.com/groceries/en-GB/shop/household/all?department=Lightbulbs&viewAll=department&page=,£6.00,£6.00/each,,,/groceries/en-GB/products/307806378,https://digitalcontent.api.tesco.com/v2/media/ghs/9295fa60-91e1-4c83-9df7-6b1b5b3bba39/9ef41dd0-c94d-4ad3-9cd3-7ffeb7ba96df_1872282203.jpeg?h=225&w=225,
311765497,Tesco Led Spotlight Dimmable Warm White 50W Gu10 3 Pack,https://www.tesco.com/groceries/en-GB/shop/household/all?department=Lightbulbs&viewAll=department&page=,£5.00,£1.67/each,,,/groceries/en-GB/products/311765497,https://digitalcontent.api.tesco.com/v2/media/ghs/5e0bda84-443d-469e-9c79-b2473dae3adf/a19f87a8-f9df-48f0-a2e4-2f1d4e570624_172205936.jpeg?h=225&w=225,
307806355,Philips Led Filament Classic 60W Edison Screw,https://www.tesco.com/groceries/en-GB/shop/household/all?department=Lightbulbs&viewAll=department&page=,£5.00,£5.00/each,,,/groceries/en-GB/products/307806355,https://digitalcontent.api.tesco.com/v2/media/ghs/ec9aff17-b146-46c9-bf8b-5b2c22139ec9/bf706e5e-db16-4bfc-8c3e-71e3a0002771_828899035.jpeg?h=225&w=225,
311765454,Tesco Led Classic Dimmable Warm White 100W Edison Screw 2 Pack,https://www.tesco.com/groceries/en-GB/shop/household/all?department=Lightbulbs&viewAll=department&page=,£5.00,£2.50/each,,New,/groceries/en-GB/products/311765454,https://digitalcontent.api.tesco.com/v2/media/ghs/7e537f81-8446-4e7a-bcac-73c6f354de78/7289bed6-acd2-4370-be9e-122ac48488a6_1148477135.jpeg?h=225&w=225,
311765448,Tesco Led Classic Dimmable Warm White 100W Bayonet Cap 2 Pack,https://www.tesco.com/groceries/en-GB/shop/household/all?department=Lightbulbs&viewAll=department&page=,£5.00,£2.50/each,,New,/groceries/en-GB/products/311765448,https://digitalcontent.api.tesco.com/v2/media/ghs/29185eb0-190d-4f42-87e0-659b4c3a50b1/d9f30db9-73ed-41ef-8760-5d83095ffe6b_1067214166.jpeg?h=225&w=225,
307806349,Philips Led Classic 100W Bayonet Cap,https://www.tesco.com/groceries/en-GB/shop/household/all?department=Lightbulbs&viewAll=department&page=,£5.00,£5.00/each,,,/groceries/en-GB/products/307806349,https://digitalcontent.api.tesco.com/v2/media/ghs/5c06602e-19de-496f-9f85-ef2762a92370/e9bde59e-f225-4f25-a3f0-4fae5315442b_1443381200.jpeg?h=225&w=225,
294263434,Tesco Led 60W R80 Edison Screw,https://www.tesco.com/groceries/en-GB/shop/household/all?department=Lightbulbs&viewAll=department&page=,£3.00,£3.00/each,,,/groceries/en-GB/products/294263434,https://digitalcontent.api.tesco.com/v2/media/ghs/fe20429c-458d-4f85-ba20-e8ff3ceba94f/455f5ae0-eafe-4353-ad0c-9300ba914ec5_2068492941.jpeg?h=225&w=225,
311765483,Tesco Led Mini Globe Warm White 25W Bayonet Cap 2 Pack,https://www.tesco.com/groceries/en-GB/shop/household/all?department=Lightbulbs&viewAll=department&page=,£3.50,£1.75/each,,,/groceries/en-GB/products/311765483,https://digitalcontent.api.tesco.com/v2/media/ghs/074775ed-b500-4a02-a2f8-606c1381a324/0bdc2999-a5b4-4b05-bd79-0b5594fb96a2_2008647791.jpeg?h=225&w=225,
311765477,Tesco Led Mini Globe Warm White 25W Edison Screw 2 Pack,https://www.tesco.com/groceries/en-GB/shop/household/all?department=Lightbulbs&viewAll=department&page=,£3.50,£1.75/each,,,/groceries/en-GB/products/311765477,https://digitalcontent.api.tesco.com/v2/media/ghs/5b1ec875-8295-422e-bb4e-106f23263a25/7074510b-3dc8-4c6b-93b9-486cb5047964_786197995.jpeg?h=225&w=225,
294263428,Tesco Led 50W R63 Edison Screw,https://www.tesco.com/groceries/en-GB/shop/household/all?department=Lightbulbs&viewAll=department&page=,£3.00,£3.00/each,,,/groceries/en-GB/products/294263428,https://digitalcontent.api.tesco.com/v2/media/ghs/c527cf03-75f0-4f76-b769-a1664a047337/bf7ccd5d-4dde-4658-bfe2-6fddbbcdd318_1350696515.jpeg?h=225&w=225,
310142012,Flash Speed Mop Starter Kit,https://www.tesco.com/groceries/en-GB/shop/household/all?department=Brushes%2C%20Mops%20%26%20Buckets&viewAll=department&page=,£10.00,£10.00/each,,,/groceries/en-GB/products/310142012,https://digitalcontent.api.tesco.com/v2/media/ghs/3efa614a-38c6-4bc9-9564-c3e263341ff8/d8cdfdbb-a3a2-4d17-bf07-cd43e550b748_1924940788.jpeg?h=225&w=225,
311788496,Minky Microfibre & Cotton Extra Large Dual Action Mop,https://www.tesco.com/groceries/en-GB/shop/household/all?department=Brushes%2C%20Mops%20%26%20Buckets&viewAll=department&page=,£7.00,£7.00/each,,,/groceries/en-GB/products/311788496,https://digitalcontent.api.tesco.com/v2/media/ghs/e959f7e2-00a4-4d36-a9b0-bc579ae9adfb/f062b2cf-2f8e-4b5d-bab9-981095a1d439_512909275.jpeg?h=225&w=225,
299551391,Vileda Ultramax 1-2 Spray Refill,https://www.tesco.com/groceries/en-GB/shop/household/all?department=Brushes%2C%20Mops%20%26%20Buckets&viewAll=department&page=,£6.50,£6.50/each,,,/groceries/en-GB/products/299551391,https://digitalcontent.api.tesco.com/v2/media/ghs/7e9f71a8-6e2d-4d88-b776-7c6b0382def8/ddac8e96-16e1-499d-b0d1-ad3fbd8bd95b_759745054.jpeg?h=225&w=225,
281838529,Vileda 2 In 1 Dustpan Set,https://www.tesco.com/groceries/en-GB/shop/household/all?department=Brushes%2C%20Mops%20%26%20Buckets&viewAll=department&page=,£5.00,£5.00/each,,,/groceries/en-GB/products/281838529,https://digitalcontent.api.tesco.com/v2/media/ghs/d36d04b5-aeb8-477b-93db-e3a26461399c/1f1c0f70-d5b5-4668-a995-ef301eddc229_545773429.jpeg?h=225&w=225,
308868066,Flash Speed Mop Refill Pads 12 Pads,https://www.tesco.com/groceries/en-GB/shop/household/all?department=Brushes%2C%20Mops%20%26%20Buckets&viewAll=department&page=,£3.95,£0.33/each,,,/groceries/en-GB/products/308868066,https://digitalcontent.api.tesco.com/v2/media/ghs/46c5d1cc-e48f-48a0-b335-fc0c38dd6a89/ca3aca33-783e-481a-83fc-e97631d1d557_1310015054.jpeg?h=225&w=225,
304980883,Vileda Turbo Smart Spin Mop Refill,https://www.tesco.com/groceries/en-GB/shop/household/all?department=Brushes%2C%20Mops%20%26%20Buckets&viewAll=department&page=,£6.00,£6.00/each,,,/groceries/en-GB/products/304980883,https://digitalcontent.api.tesco.com/v2/media/ghs/ab7a9c6b-0a40-4846-bd6c-f121f54e3f9a/aa998362-695b-4b80-ae33-5a7c6dfce9ab_2135614999.jpeg?h=225&w=225,
312231324,Minky Power Clean Stripe Mop,https://www.tesco.com/groceries/en-GB/shop/household/all?department=Brushes%2C%20Mops%20%26%20Buckets&viewAll=department&page=,£5.00,£5.00/each,,,/groceries/en-GB/products/312231324,https://digitalcontent.api.tesco.com/v2/media/ghs/1dcab3d2-e2a0-4d57-9e45-f5c8d73dd945/b4432c88-5dac-4d32-842b-fde35ed57542_722854461.jpeg?h=225&w=225,
261760414,Vileda Supermocio Microfibre & Cotton Mop Refill,https://www.tesco.com/groceries/en-GB/shop/household/all?department=Brushes%2C%20Mops%20%26%20Buckets&viewAll=department&page=,£4.50,£4.50/each,,,/groceries/en-GB/products/261760414,https://digitalcontent.api.tesco.com/v2/media/ghs/1f7af3e1-40b5-4cb7-8fc8-5513dd49d81c/42327539-7878-4cc8-94d1-16977175a8e2_1395707495.jpeg?h=225&w=225,
251895878,Vileda Super Mocio 3 Action Refill,https://www.tesco.com/groceries/en-GB/shop/household/all?department=Brushes%2C%20Mops%20%26%20Buckets&viewAll=department&page=,£3.50,£3.50/each,,,/groceries/en-GB/products/251895878,https://digitalcontent.api.tesco.com/v2/media/ghs/fb4fdfc4-75e5-4c02-8604-4ed467a3ee50/c4d8a713-9715-402c-8a5a-2a56e02f0cd9_2108296255.jpeg?h=225&w=225,
305995927,Minky Xl Dual Actionmicrofibre &Cotton Mop Refill,https://www.tesco.com/groceries/en-GB/shop/household/all?department=Brushes%2C%20Mops%20%26%20Buckets&viewAll=department&page=,£4.00,£4.00/each,,,/groceries/en-GB/products/305995927,https://digitalcontent.api.tesco.com/v2/media/ghs/c5e3d877-c243-4309-90ee-70c0667d0d22/snapshotimagehandler_924734220.jpeg?h=225&w=225,
312095337,Minky Microfibre Spray Mop Pad Refill,https://www.tesco.com/groceries/en-GB/shop/household/all?department=Brushes%2C%20Mops%20%26%20Buckets&viewAll=department&page=,£4.00,£4.00/each,,,/groceries/en-GB/products/312095337,https://digitalcontent.api.tesco.com/v2/media/ghs/59df713f-c0ff-4754-9eda-de9d991d0915/9c3da137-f97c-4045-a985-d0c8d17b587f_21770502.jpeg?h=225&w=225,
309175129,Flash Power Mop Multi Purpose Cleaner Refill 1.25 Litre,https://www.tesco.com/groceries/en-GB/shop/household/all?department=Brushes%2C%20Mops%20%26%20Buckets&viewAll=department&page=,£4.00,£3.20/litre,,,/groceries/en-GB/products/309175129,https://digitalcontent.api.tesco.com/v2/media/ghs/521ce656-f2e0-40f4-8c53-c1e68f8808e1/2a175041-7fbb-4877-a74f-80a945e708dc_1924596538.jpeg?h=225&w=225,
299485561,Vileda SuperMocio Microfibre & Power Mop Refill,https://www.tesco.com/groceries/en-GB/shop/household/all?department=Brushes%2C%20Mops%20%26%20Buckets&viewAll=department&page=,£4.50,£4.50/each,,,/groceries/en-GB/products/299485561,https://digitalcontent.api.tesco.com/v2/media/ghs/69ba7b4d-b32d-4ea0-a6dd-13be0379e75d/e06230f4-f35d-434f-91ae-acc41636ac25_1771038830.jpeg?h=225&w=225,
310019194,Tesco Scrubbing Brush Blue Grey,https://www.tesco.com/groceries/en-GB/shop/household/all?department=Brushes%2C%20Mops%20%26%20Buckets&viewAll=department&page=,£2.00,£2.00/each,,,/groceries/en-GB/products/310019194,https://digitalcontent.api.tesco.com/v2/media/ghs/6c94423f-cc38-4a59-a7e5-20b64e31cff7/8638f0ae-6895-4cfd-9764-85e360555add_842386705.jpeg?h=225&w=225,
310019286,Tesco 2 In 1 Flat Mop Refill Blue Grey,https://www.tesco.com/groceries/en-GB/shop/household/all?department=Brushes%2C%20Mops%20%26%20Buckets&viewAll=department&page=,£3.00,£3.00/each,,,/groceries/en-GB/products/310019286,https://digitalcontent.api.tesco.com/v2/media/ghs/311c3ac9-5ad7-415a-8176-3c0f7f5b07fb/80410793-b7cc-4f2b-8d01-ec19be0de9d8_1766346189.jpeg?h=225&w=225,
310019303,Tesco Spray Mop Refill Blue Grey,https://www.tesco.com/groceries/en-GB/shop/household/all?department=Brushes%2C%20Mops%20%26%20Buckets&viewAll=department&page=,£3.00,£3.00/each,,,/groceries/en-GB/products/310019303,https://digitalcontent.api.tesco.com/v2/media/ghs/74374804-184a-43d0-b808-1a370581eef1/aa561c8c-d231-4fa4-bca3-d4bffc4a3a3d_1932011417.jpeg?h=225&w=225,
310772487,Fairy Wooden Dish Brush,https://www.tesco.com/groceries/en-GB/shop/household/all?department=Brushes%2C%20Mops%20%26%20Buckets&viewAll=department&page=,£3.00,£3.00/each,,,/groceries/en-GB/products/310772487,https://digitalcontent.api.tesco.com/v2/media/ghs/789eb9f0-d85d-4515-8923-320d84b4187e/be02dd38-b81d-45c8-bd01-3888df04d078_1109898851.jpeg?h=225&w=225,
308498434,Flash Power Mop Refill Pads 8 Pack,https://www.tesco.com/groceries/en-GB/shop/household/all?department=Brushes%2C%20Mops%20%26%20Buckets&viewAll=department&page=,£3.00,£0.38/each,,,/groceries/en-GB/products/308498434,https://digitalcontent.api.tesco.com/v2/media/ghs/f6557f50-b7f8-4567-bbe1-386d1a3083c8/328b9a24-bd4f-43b8-9841-aa5f350389e0_1694707555.jpeg?h=225&w=225,
310019349,Tesco Sponge Mop Refill Blue Grey,https://www.tesco.com/groceries/en-GB/shop/household/all?department=Brushes%2C%20Mops%20%26%20Buckets&viewAll=department&page=,£2.50,£2.50/each,,,/groceries/en-GB/products/310019349,https://digitalcontent.api.tesco.com/v2/media/ghs/f99b9268-0469-42e9-9aa0-a765d46c9c53/ff521b77-99cc-42f6-a94e-cd46f76412f1_1474582452.jpeg?h=225&w=225,
310019159,Tesco Dustpan And Brush Blue Grey,https://www.tesco.com/groceries/en-GB/shop/household/all?department=Brushes%2C%20Mops%20%26%20Buckets&viewAll=department&page=,£2.50,£2.50/each,,,/groceries/en-GB/products/310019159,https://digitalcontent.api.tesco.com/v2/media/ghs/e3bdfc00-56c6-482c-a4de-90976b64d6f4/10d9d26f-e9b1-4588-ac6f-37b957eb77ac_1353257383.jpeg?h=225&w=225,
308901269,Hinch Bamboo Scrubbing Brush,https://www.tesco.com/groceries/en-GB/shop/household/all?department=Brushes%2C%20Mops%20%26%20Buckets&viewAll=department&page=,£2.00,£2.00/each,,,/groceries/en-GB/products/308901269,https://digitalcontent.api.tesco.com/v2/media/ghs/892ce240-7881-4dd2-bf7c-bdd05afeac82/9d60adfb-cfdf-4956-9847-6c7aa5fb215f_1119531761.jpeg?h=225&w=225,
308901252,Hinch Bamboo Kitchen Brush,https://www.tesco.com/groceries/en-GB/shop/household/all?department=Brushes%2C%20Mops%20%26%20Buckets&viewAll=department&page=,£2.00,£2.00/each,£1.50 Clubcard Price,,/groceries/en-GB/products/308901252,https://digitalcontent.api.tesco.com/v2/media/ghs/ac54c80c-13c9-4b2b-8fbb-ca1492fe8903/19f6c293-5fb9-427b-bfe0-287729f67c51_575114727.jpeg?h=225&w=225,
